2147 3756
247 306 451 349 Hispania
481 309 688 351 paratum,
736 315 963 342 servamus.
1035 301 1325 349 Glycyrrhv‘za
1352 301 1647 352 glandulrsfera
1670 302 1738 341 w.
1764 309 1799 341 et
1825 305 1873 342 Κ.
1906 304 2062 349 Hippo-

246 365 485 400 craticorum
504 364 622 398 radix
639 364 771 398 dulcis
799 366 880 408 est,
912 363 955 397 in
978 362 1142 403 Europa
1167 362 1587 397 austro-occidentali
1611 362 1815 405 indigena,
1877 360 2060 408 Glyefsr-

246 418 396 455 rhv'zae
414 416 639 453 echinatac
655 420 790 465 Linn.,
820 422 868 453 ab
887 417 1007 453 ltalia
1025 427 1093 459 per
1110 416 1311 452 Orientem
1330 420 1364 451 et
1382 417 1526 453 Asiam
1544 419 1718 454 mediam
1735 419 1918 464 diffusae,
1943 420 2063 454 radix

247 477 432 512 officinas
452 476 640 518 frequens
659 475 902 521 ingreditur,
934 474 1069 509 minus
1088 474 1233 508 dulcis.
1294 469 1805 519 AbriprecamriiLinn„
1839 475 1995 510 fruticis
2019 475 2061 510 in

245 534 349 570 Asia
376 537 411 568 et
437 533 585 568 Africa
610 532 761 574 tropica
785 530 989 576 indigeni,
1019 529 1061 564 in
1078 530 1310 572 Americam
1336 531 1648 578 transplantati,
1674 532 1792 566 radix
1816 541 1887 574 per
1906 540 2061 566 omnem

248 591 357 626 orbis
382 592 544 632 plagam
569 589 744 624 calidam
767 587 1009 629 Liquiritiae
1034 589 1123 622 loco
1149 589 1222 622 est.
1281 585 1407 621 Istius
1437 587 1596 622 semina
1627 588 1838 634 coccinea,
1870 583 2061 623 umbilico

247 651 333 683 atro
361 649 524 689 pulchre
546 645 779 689 variegata,
812 643 1017 679 notissimi
1048 644 1155 685 apud
1186 646 1326 686 gentes
1354 642 1398 677 in
1427 644 1711 689 numerandis,
1736 652 1846 685 ¹quas
1877 644 2063 691 recitant,

244 703 519 746 precationum
546 698 730 743 formulis
762 709 863 735 usus
894 702 1000 735 sunt.
1058 699 1297 734 Ventriculo
1326 699 1487 742 ingesta
1519 700 1710 744 tormina,
1743 701 1910 735 anxium
1936 703 2063 735 anhe-

242 761 381 799 litum,
416 758 725 803 convulsiones,
760 757 970 799 ipsamque
994 758 1157 791 mortem
1182 754 1375 790 inducere
1399 761 1602 791 asserunt,
1662 753 1890 802 AstragaIz‘
1914 754 2063 801 glycy-⁴

240 814 380 862 phylle‘
400 815 517 850 Linn.
546 812 867 855 (Glycyrrhizae
891 812 1108 855 sylvestris
1133 812 1269 856 office.)
1296 812 1414 855 folia,
1440 810 1594 854 'sapore
1624 813 1826 848 nauseose
1857 812 1964 858 dulci
1995 814 2064 848 do-

245 877 364 913 nata,
412 879 435 906 a
470 870 651 913 patribus
684 869 881 911 imprimis
916 871 1117 904 adversus
1149 869 1359 911 dysuriam
1389 870 1622 904 laudantur.
1690 870 1845 905 Similis
1877 866 2064 904 foliorum

245 927 566 965 dulcescentium
593 923 852 970 Onobryscln's
875 924 1044 959 sativae
1067 926 1180 960 Lam.
1216 922 1501 969 (Esparceue)
1539 927 1646 967 apud
1676 926 1927 967 antiquiores
1946 925 2063 970 'lausg

247 983 454 1021 Rubv'm'ae
484 978 800 1017 Psemlaeacrae
829 982 972 1028 Linn.,
1019 981 1177 1017 arboris
1206 981 1678 1028 boreali-americanae,
1726 983 1832 1025 apud
1866 969 1954 1027 'nos‘
1978 981 2064 1028 jam

247 1042 413 1078 civitate
433 1042 624 1084 donatae,
652 1039 769 1074 radix
787 1039 1000 1080 truncique
1016 1042 1155 1072 cortex
1173 1037 1339 1072 interior
1355 1037 1597 1079 Liquiritiae
1615 1040 1908 1079 praestantiam
1926 1037 2065 1074 aemuss

246 1101 365 1135 latur.
408 1099 547 1132 Flores
564 1095 747 1131 melliflui
766 1096 912 1137 apibus
929 1097 965 1130 et
984 1094 1119 1136 pueris
1138 1094 1274 1139 petiti,
1306 1097 1477 1130 colorem
1496 1097 1647 1129 luteum
1664 1096 1904 1139 largiuntur.
1947 1086 2065 1130 Folia

244 1155 468 1198 pecudibus
499 1156 678 1196 accepta.
737 1152 902 1187 SemIna
932 1153 1018 1186 oleo
1054 1150 1198 1192 pingui
1228 1148 1420 1185 scatentae‘
1458 1147 1683 1194 Dolichos,
1716 1149 1829 1196 Apis,
1862 1148 2063 1197 Lathyrv'‚

250 1209 430 1258 Trq'f'alii
457 1211 707 1251 aliorumque
739 1217 930 1252 generum
960 1209 1184 1242 nonnullae
1213 1207 1374 1249 species
1405 1207 1612 1242 radicibus
1639 1208 1824 1243 nituntur
1848 1204 2065 1250 tuberosis,

246 1277 350 1311 quae
367 1269 502 1309 amylo
519 1271 557 1301 et
573 1275 689 1302 muco
703 1267 928 1301 -saccharo
947 1264 1181 1306 qualitatem
1198 1263 1441 1298 nutrientem
1458 1267 1492 1298 et
1511 1265 1671 1306 egregie
1689 1265 1979 1300 demulcentem
1997 1265 2067 1300 de-

245 1329 352 1361 bent.
411 1318 576 1369 Allmga'
592 1320 840 1356 :Maurorum
859 1320 1048 1359 Tournef.
1067 1320 1202 1355 frutex
1223 1323 1286 1355 est
1302 1321 1432 1355 Asiae
1457 1324 1491 1355 et
1511 1321 1678 1359 Africae
1703 1321 1951 1363 tropicaenetss
1967 1325 2066 1357 sub-¹

247 1381 428 1424 tropicae
454 1381 599 1415 incola.
659 1379 735 1421 Qui
765 1379 806 1413 in
830 1378 975 1413 Persia
1005 1380 1046 1411 et·
1068 1377 1272 1411 Bucharia
1302 1377 1500 1421 gignitur,
1531 1378 1803 1412 substantiam
1834 1382 2067 1414 mannatam

247 1438 394 1483 [vulgo
413 1435 574 1470 Manna
595 1435 806 1480 persicum
830 1445 904 1470 seu
928 1431 1234 1477 Thereniabin]
1258 1436 1412 1478 plorat,
1443 1436 1668 1476 lacrymam
1693 1434 1921 1469 fraxineam
1943 1434 2067 1470 etiam

245 1496 395 1531 virtute
420 1497 616 1537 purgante
641 1494 922 1528 aemulantem.
983 1490 1209 1534 Legumina
1234 1494 1271 1525 et
1295 1490 1452 1525 semina
1474 1491 1650 1532 plurium
1675 1495 1768 1526 ante
1795 1491 2067 1528 maturitatem

247 1561 365 1589 muco
383 1555 418 1585 et
445 1553 641 1586 saccharo
665 1552 838 1585 scatent.
898 1545 994 1581 Pisa·
1015 1547 1149 1581 sativi
1167 1546 1327 1582 semina
1348 1547 1582 1592 immatura,
1617 1544 1920 1581 Phaseolormn
1946 1548 2067 1584 etiam

246 1607 631 1653 leguminajuniora
649 1607 911 1641 delicatorum
930 1605 1044 1639 cibus
1068 1608 1180 1649 sunt3
1214 1603 1281 1645 qui
1305 1604 1346 1638 in
1371 1604 1515 1640 sudore
1533 1606 1674 1639 vultus
1698 1605 1973 1646 quotidianum
1994 1612 2068 1647 pa-

248 1675 340 1702 nem
367 1664 619 1710 quaerimus,
652 1663 732 1698 cibi
756 1672 835 1697 non
860 1661 982 1696 nimis
1006 1661 1142 1696 facilis
1167 1660 1339 1705 curiosi,
1372 1657 1535 1702 plenam
1563 1661 1762 1696 seminum
1794 1661 2068 1697 maturitatem

249 1726 559 1767 exspectmnus,
606 1723 644 1755 et
675 1722 830 1763 amylo,
877 1728 966 1753 cum
999 1717 1223 1761 peculiaris
1253 1717 1424 1761 glutinis
1455 1717 1590 1759 specie
1625 1714 2068 1763 (Legmmfszmixto,

249 1780 353 1822 quod
384 1779 426 1813 in
460 1776 603 1811 Cicer-e
635 1775 854 1820 (Κ101101),
886 1772 1007 1808 Faba
1038 1773 1324 1820 [Saubohne],
1364 1770 1496 1807 Lente
1528 1773 1721 1820 (LinseJ,
1760 1772 1860 1808 Piso
1891 1772 2068 1817 (Erbsej

250 1839 287 1872 et
313 1832 520 1869 Phaseolo
546 1832 733 1878 (Boune)
759 1833 1006 1878 continetur,
1045 1834 1260 1866 latrantem
1287 1831 1582 1874 compescimus
1605 1835 1874 1878 stomachum,
1909 1835 1947 1867 et
1976 1832 2070 1866 dum

250 1893 399 1928 famem
418 1892 599 1927 fallimus
615 1918 623 1937 ,
654 1895 834 1926 ventrem
852 1889 998 1929 sagina
1014 1897 1186 1932 gravare
1208 1888 1401 1933 cogimur.
1455 1889 1533 1923 Sed
1550 1890 1650 1923 haec
1667 1889 1872 1923 hominum
1887 1897 1977 1924 sors
1993 1890 2067 1930 est,

247 1959 327 1985 non
346 1953 514 1984 naturae
533 1948 687 1983 vitium.
731 1949 897 1982 Praeter
916 1947 1140 1980 Phaseolos
1158 1945 1278 1980 etiam
1295 1942 1470 1989 Lupini,
1498 1941 1644 1989 Sojae,
1681 1942 1862 1991 Vegnae,
1892 1941 2069 1989 Lablab,

256 2004 436 2050 Cajam‘,
470 2002 628 2049 anz’m‘
648 2004 903 2045 aliarumque
919 2003 1075 2038 semina
1093 2002 1244 2037 exteris
1262 2002 1451 2045 gentibus
1467 2002 1556 2037 cibo
1573 2005 1681 2037 sunt.
1739 2002 1923 2037 Maxima
1939 2005 2071 2036 tamen

252 2063 357 2098 inter
387 2062 497 2096 orbis
525 2061 668 2103 tropici
690 2060 986 2104 Leguminosas
1017 2058 1276 2095 seminiferas
1301 2054 1486 2092 Arae-leis
1515 2055 1758 2104 leypogaeae
1780 2059 1899 2094 Linn.
1925 2056 2072 2099 (Mun-

252 2119 373 2163 dubi)
400 2119 508 2153 fama
532 2122 613 2163 est,
645 2120 796 2152 herbae
813 2125 996 2162 ammae,
1028 2116 1070 2150 in
1087 2115 1269 2150 Brasilia
1285 2114 1521 2161 indigenae,
1555 2124 1658 2157 quae
1675 2124 1781 2149 nunc
1798 2124 1868 2157 per
1884 2114 2071 2157 regiones

251 2177 410 2212 calidas
435 2175 558 2209 totius
582 2174 691 2208 orbis
715 2171 866 2208 diffusa
890 2173 1057 2217 colitur,
1091 2172 1248 2206 semina
1272 2172 1415 2213 sapide
1438 2173 1577 2206 cleosa
1593 2173 1724 2206 celato
1740 2173 1815 2206 sub
1834 2174 1940 2206 terra
1955 2173 2072 2215 legu-

251 2233 361 2270 mine
376 2233 418 2267 in
435 2230 669 2267 abscondito
686 2233 911 2265 maturans.
980 2225 1224 2261 Voandzez'a
1249 2225 1530 2262 subterranea
1548 2229 1765 2273 Tbouars.,
1797 2227 1966 2263 Africae
1990 2231 2071 2262 tro-

252 2290 371 2333 picae
387 2290 532 2333 herba,
552 2287 693 2323 multis
710 2286 839 2321 modis
856 2285 950 2320 huic
965 2285 1127 2322 similis.
1187 2286 1321 2327 Hujus
1345 2285 1467 2320 etiam
1486 2284 1838 2326 fructusjuniores
1856 2285 2072 2319 comedun-

254 2349 330 2381 tur.
391 2346 548 2380 Adulta
576 2344 785 2386 legumina
814 2343 1081 2384 plurimarum
1110 2342 1295 2376 coriacea
1324 2351 1362 2376 v.
1392 2341 1558 2385 lignosa
1588 2345 1702 2386 sunt,
1734 2350 1809 2376 nec
1842 2341 1931 2376 cibo
1962 2343 2071 2383 apta.

256 2400 515 2436 carmoniae
545 2405 679 2435 tamen
711 2399 869 2435 arboris
904 2399 1077 2434 fructum
1107 2398 1367 2433 comedimus.
1438 2399 1571 2433 Arbor
1601 2393 1815 2448 (κερωνὶα,
1865 2394 2073 2430 ΚΙιαννήὑ

254 2461 381 2497 Arab.
407 2460 512 2494 unde
539 2455 727 2499 Caroea)
755 2457 797 2491 in
819 2456 945 2491 maris
969 2455 1254 2491 mediterranei
1277 2454 1359 2489 oris
1385 2457 1420 2489 et
1444 2453 1616 2501 insulis,
1649 2454 1842 2490 orientem
1872 2453 2072 2497 imprimis

258 2518 541 2559 spectantibus
570 2513 756 2558 vulgaris
790 2516 865 2549 est.
938 2505 1175 2562 Κεράτια
1205 2522 1278 2547 seu
1309 2508 1498 2557 Siliquae
1529 2510 1871 2557 (Jolrannisbrod,
1917 2506 2073 2545 Bocks-

254 2572 465 2616 hornlein]
490 2573 612 2614 hujus
635 2571 843 2614 legumina
867 2569 1054 2604 dicuntur
1075 2568 1236 2604 isthmis
1261 2569 1488 2610 intercepta
1510 2572 1549 2603 et
1578 2570 1705 2610 pulpa
1738 2567 1890 2613 farcta,
1921 2567 1963 2601 in
1995 2573 2074 2609 qua

257 2620 417 2666 semina
440 2629 689 2669 nidulantur.
748 2627 882 2670 Pulpa
905 2635 954 2662 ea
977 2628 1125 2662 mellea
1150 2629 1211 2661 est
1234 2629 1271 2660 et
1295 2625 1538 2669 saginandis
1562 2624 1775 2666 pecoribus
1799 2628 1916 2668 apta,
1946 2622 2073 2661 homi-

255 2696 352 2722 num
377 2691 510 2721 autem
534 2685 666 2720 tenuis
691 2693 788 2719 esca
809 2686 998 2729 liabetur,
1031 2682 1135 2718 inter
1164 2691 1379 2725 puerorum
1410 2681 1583 2724 cupedia
1611 2690 1690 2715 non
1721 2681 1855 2716 ultimi·
1884 2679 2074 2725 nominis,

255 2753 331 2779 nec
348 2753 373 2779 a
391 2742 559 2778 medicis
576 2739 755 2787 siliquae
772 2737 904 2774 dulcis
922 2741 1130 2775 decoctum
1146 2741 1267 2782 plane
1284 2738 1502 2781 spernitur.
1560 2737 1758 2772 Ponderis
1782 2737 1941 2783 species
1959 2735 2075 2779 [sili—

258 2809 338 2842 qua
353 2828 361 2842 ,
392 2792 584 2849 κεράτιον
597 2821 608 2843 ,
640 2799 746 2834 unde
762 2797 1069 2842 gemmatim-um
1085 2794 1238 2838 Karat]
1255 2796 1383 2830 tribus
1401 2794 1541 2838 granis
1559 2794 1706 2839 nostris
1725 2788 1812 2828 cum
1836 2793 1979 2828 triente
2005 2801 2075 2827 ae-

259 2856 419 2900 qualis,
453 2865 503 2890 ex
519 2856 641 2897 liujus
658 2855 882 2890 seminibus
907 2857 1069 2896 sumpta
1089 2855 1164 2889 est.
1223 2850 1644 2887 Boreali-americani
1668 2851 1958 2884 demulcentem
1984 2850 2074 2891 pul-

258 2922 352 2956 pam
384 2912 589 2948 fructuum
615 2908 901 2955 Glede‘tsclu'ae
927 2905 1202 2943 tram-amhae
1230 2909 1350 2943 Linn.
1382 2907 1529 2952 (vulgo
1561 2908 1705 2949 Honey
1738 2908 1906 2953 Locust,
1939 2906 2075 2952 Suweet

259 2968 435 3015 Locust]
453 2969 681 3015 comedunt,
715 2971 751 3003 et
766 2970 898 3004 mulso
915 2967 1119 3009 coquendo
1136 2965 1340 3001 adhibent.

403 3054 788 3097 Papilionacearum
805 3051 1071 3095 complurium
1094 3053 1258 3086 herbam
1282 3058 1397 3085 muco
1423 3052 1461 3085 et.
1483 3052 1680 3085 saccharo
1696 3048 1912 3093 refertam,
1935 3046 1983 3082 vet
2006 3054 2076 3082 ac-

262 3111 497 3147 cedentibus
528 3110 771 3146 substantiis
809 3109 986 3155 amaris,
1033 3106 1334 3143 diversissimis
1361 3106 1526 3141 virtutis
1567 3106 1760 3147 madibus
1799 3103 2074 3148 aromaticam,

262 3169 383 3205 etiam
403 3169 602 3211 pecudum
618 3168 769 3210 pabulo
787 3166 868 3201 seri
886 3168 1056 3201 constat.
1115 3165 1181 3199 Ex
1197 3163 1363 3198 istorum
1380 3172 1544 3198 numero
1560 3160 1744 3210 Tmfolii
1759 3159 1907 3204 (Klee)
1930 3163 1968 3195 et
1985 3157 2075 3194 Me-

264 3223 470 3270 dicaga‘m's
488 3222 720 3269 (Luzerne)
736 3224 958 3258 nonnullae
974 3220 1132 3264 species
1154 3219 1354 3261 imprimis
1378 3220 1501 3255 utiles
1525 3229 1599 3254 sun
1609 3223 1631 3253 t.
1692 3215 1876 3252 Melz'lotoe'
1895 3216 1963 3252 nis
1985 3225 2076 3259 pro-

265 3282 374 3317 xime
398 3281 561 3324 affines,
594 3281 712 3315 odore
736 3278 957 3324 peculiari,
989 3277 1097 3312 haud
1120 3281 1255 3323 grato,
1287 3284 1433 3317 sapore
1456 3285 1545 3311 cum
1571 3274 1712 3317 aliqua
1735 3273 1924 3310 acredine
1941 3280 2076 3308 amaro

267 3339 486 3373 aromatico
517 3336 710 3381 praediti,
742 3336 864 3371 etiam
897 3335 1004 3370 inter
1029 3333 1225 3379 remedia,
1257 3332 1458 3375 imprimis
1488 3335 1535 3368 ob
1565 3332 1757 3367 virtutem
1786 3329 2075 3373 vulnerariam,

266 3396 506 3437 laudantur,
539 3394 644 3436 apud
662 3394 856 3428 Helvetas
873 3391 915 3426 in
936 3389 1174 3427 medicando
1198 3397 1318 3424 caseo
1341 3388 1563 3431 frequentis
1587 3397 1700 3423 usus.
1758 3383 1863 3420 Loci
1882 3385 2076 3418 cornicu-

269 3448 352 3483 lati
365 3451 483 3485 Linn.
502 3449 687 3493 (Trifolii
702 3447 944 3484 corniculati
960 3444 1117 3493 offic),
1150 3444 1300 3481 similis
1317 3446 1388 3481 sed
1411 3445 1542 3480 minor
1563 3444 1694 3479 virtus
1718 3446 1792 3478 est.
1860 3438 2077 3487 Trigonel-

269 3504 338 3541 lae
354 3503 646 3553 15‘0ene'graeci
657 3505 778 3543 Linn.
801 3507 928 3544 herba
943 3502 1121 3541 deterius
1139 3504 1229 3540 olet.
1289 3501 1454 3539 Semina
1468 3507 1810 3543 mucoso-amara
1833 3498 1877 3534 in
1905 3497 2078 3533 officinis

955 3632 971 3641 s
