2147 3756
449 285 487 308 a.
511 272 697 309 Ful-caria
713 271 791 306 DC.
1533 269 1655 303 Senta
1670 268 1748 304 DC.

448 314 872 397 b·g<eg;„gssfizsilg,na
1530 311 1807 346 Dumreichera
1824 309 2013 390 Stettlsilbelt
2039 359 2056 390 t

486 385 534 447 ὥ.
553 401 758 476 Εῐὶιὲξξὲῗῑὶἓ
775 396 888 472 ΙῙΒῙἈΠ·
1151 440 1155 444 ,
1319 404 1443 440 5281.
1471 403 1770 462 Abelmoschus
1788 403 1938 441 Medik.
1973 367 1991 391 C
2006 368 2036 390 ’3
2058 381 2068 392 ο

465 500 525 568 ³353
550 485 769 562 lS'ajllidaf-{tsa
787 480 863 554 1)(Ιᾶ
1529 454 1818 546 ἰξῗπῐῐιιιιῗέιιῗέᾶῖῗὲ
1833 495 1946 531 Zenlc.

518 558 524 564 ·
626 541 640 569 ἃ
653 540 669 560 ῑ
688 540 695 558 ¹
717 535 811 558 ³0¹¹st
865 530 925 556 ⁰²³·
1080 561 1082 568 2
1527 537 1701 572 Manihot
1716 539 1793 572 DC.

445 582 477 607 c.
504 570 688 606 Trionum
707 564 848 601 Mettilc.

444 618 480 650 d.
506 610 744 654 Bombycella
761 607 838 643 DC.

383 668 506 704 5278.
537 661 820 700 Malvaviscus
838 653 944 696 Dz‘ll.

593 709 765 744 Aeliania
783 706 859 741 Sw.

382 766 504 804 5279.
535 760 717 804 Fugosia
733 757 851 794 Juss.

594 807 843 849 Cienfugosia
862 805 953 838 Cav.
1677 835 1685 843 ο
1840 836 1858 843 ..

593 850 821 891 Cienfuegia
845 847 976 882 Willd,
1522 834 1777 868 Malvaviscus
1799 834 1937 870 Gartn.

1316 586 1442 625 5282.
1473 586 1710 632 Lagunaria
1726 583 1837 623 Don.

1319 644 1441 681 5283.
1472 644 1671 680 Paritium
1689 641 1790 681 Λᾶν.
1807 643 1925 682 Juss.

1523 693 1647 726 Par-iti
1664 692 1806 727 Rheed.

1524 735 1678 768 Azanza
1694 736 1797 781 Μος.
1816 738 1855 770 et
1872 735 1972 772 Sess.

1313 786 1438 821 5284.
1468 786 1695 828 Thespesia
1714 785 1834 822 Coc-r.

590 894 793 929 Redoutea
816 890 947 925 Willd.
1310 885 1436 920 5285.
1467 885 1754 921 Decaschistia
1778 881 2083 932 WvgrletetArn.

379 948 504 986 5280.
535 947 710 984 Serraea
729 941 830 978 Cav.
1311 942 1437 978 5286.
1467 942 1713 984 Gossypium
1730 938 1855 979 Le'nn.

589 993 759 1028 Sem-aea
780 989 914 1025 Willd.
1520 989 1654 1032 Xylon
1674 990 1863 1035 Tem-nef.

410 1098 633 1139 TRIBUS
649 1096 730 1136 IV.
770 1091 1003 1133 SIDEAE.
1066 1092 1209 1143 Calyx
1224 1089 1509 1132 involucello
1527 1091 1660 1133 nullo
1679 1092 1839 1133 nudus.
1880 1095 2085 1143 Carpfflz'a

266 1158 465 1214 quinque
501 1170 542 1197 v.
571 1153 727 1209 plura,
770 1149 1080 1200 vesticulam,
1121 1150 1168 1189 in
1205 1148 1441 1202 capsulam
1477 1149 1727 1190 loculicide
1766 1147 2082 1191 dehiscentem

266 1219 493 1266 connata,
522 1226 565 1254 v.
586 1211 634 1252 in
656 1207 863 1251 fructum
885 1205 1189 1263 polycoccum
1216 1199 1369 1247 obiter
1391 1204 1577 1246 coalita.

1036 1311 1069 1347 G
1086 1318 1112 1346 E
1129 1318 1160 1346 N
1177 1319 1202 1346 Ε
1222 1320 1252 1346 R
1267 1318 1316 1347 A.

371 1402 495 1438 5287.
526 1400 675 1437 Anoda
694 1396 796 1432 Cav.
1303 1390 1428 1445 5293.
1456 1393 1705 1431 Lawrencia
1722 1391 1856 1429 Hook.

371 1461 495 1494 5288.
529 1455 729 1493 Cristaria
749 1453 850 1488 Cav.
1303 1452 1428 1487 5293.
1459 1452 1679 1487 Bastardia
1700 1448 1861 1488 Kuntlc.

369 1517 494 1552 5289.
528 1514 628 1550 Sida
644 1508 811 1545 Knnth.
1404 1511 1441 1532 a.
1467 1499 1713 1532 Abutiloides
1730 1500 1843 1533 Endl.

582 1561 675 1595 Sida
691 1559 805 1593 Lina·
1403 1542 1438 1575 b.
1464 1542 1656 1584 Gayoides
1673 1542 1788 1576 Endl.

578 1604 739 1647 Napaea
754 1600 868 1635 Linn.
1301 1593 1428 1630 5294.
1460 1594 1659 1637 Lagunea
1677 1591 1779 1627 Cav-

581 1645 775 1680 Stevartia
790 1639 925 1677 Forsle.
1516 1640 1658 1675 solanti
1666 1652 1705 1674 ra
1722 1641 1851 1675 DIurr.

579 1687 777 1723 Malvinda
792 1684 937 1720 Meclilc.
1518 1684 1709 1725 Triguera
1729 1683 1820 1717 Cav.

578 1730 786 1774 Periptera
802 1728 879 1762 DC·
1301 1735 1427 1772 5295.
1456 1734 1704 1771 Wissaciula
1719 1732 1871 1770 Mem.

577 1773 863 1815 Dictyocarpus
887 1767 1035 1814 ltfight.

367 1827 491 1863 5290.
524 1825 641 1867 Gaya
660 1821 714 1858 H.
734 1821 784 1858 B.
808 1819 860 1856 K.

367 1885 492 1919 5291.
523 1883 737 1917 Malachra
753 1875 876 1912 Limz.

363 1942 489 1977 5292·
518 1936 720 1975 Abutilon
738 1933 896 1971 Glirln-
1300 1933 1424 1969 5296.
1453 1931 1733 1976 Ingenhouzia
1748 1929 1858 1976 Moy.
1875 1934 1914 1970 et
1930 1929 2039 1970 Sess.

1400 1841 1590 1883 Genus
1623 1842 1861 1887 dubium.

391 2030 715 2077 Affinitas.
781 2031 945 2070 Ordinis
974 2041 1066 2068 cum
1095 2030 1406 2077 Sterculiaceis,
1438 2030 1634 2068 Tiliaceis
1665 2030 1862 2080 aliisque,
1894 2026 2014 2079 quaes
2029 2033 2073 2069 in

252 2095 624 2134 Columniferarum
654 2095 791 2128 classe
819 2093 1028 2136 locantur,
1060 2089 1242 2125 affinitas
1273 2088 1496 2124 manifesta
1525 2091 1600 2125 est,
1658 2089 1862 2124 Remotior
1891 2092 1952 2126 est
1982 2099 2073 2125 cum

252 2149 614 2190 Ternstro'miaceis
633 2152 752 2191 atque
769 2146 1037 2184 Chlaenaceis
1054 2145 1334 2190 necessitudo,
1366 2143 1600 2180 discrimine
1624 2143 1823 2187 imprimis
1846 2144 1890 2180 in
1912 2146 2072 2188 calycis

250 2208 523 2246 aestivatione
539 2204 768 2242 manifesto.
828 2201 1161 2237 Bombacearmn
1178 2209 1329 2245 genera
1345 2201 1563 2247 quaedam,
1594 2200 1746 2236 arctius
1763 2202 1815 2236 ad,
1831 2190 2072 2238 M'alvaceas

251 2264 510 2310 accedentia,
540 2261 738 2297 facillime
755 2259 866 2295 foliis
883 2257 1135 2304 compositis,
1167 2262 1207 2293 et
1220 2259 1320 2294 lana
1334 2256 1493 2293 fructus
1510 2266 1562 2292 ex
1578 2257 1841 2305 endocarpio,
1872 2268 1948 2295 nec
1965 2268 1987 2294 e
2004 2268 2072 2296 se-

250 2322 405 2362 minum
422 2317 666 2364 epidermide
682 2320 797 2363 nata,
832 2315 1149 2358 distinguuntur.

391 2380 819 2439 Geographia.
880 2388 1120 2421 Malvaceae
1149 2383 1193 2419 in
1221 2382 1455 2428 regionibus
1485 2381 1652 2426 tropicis
1675 2382 1831 2427 ingenti
1852 2383 1973 2427 copia
1994 2392 2072 2421 na-

247 2451 436 2495 scuntur,
468 2455 634 2482 numero
663 2453 811 2480 versus
841 2444 956 2485 polos
986 2441 1138 2477 sensim
1162 2440 1383 2475 imminuto.
1441 2441 1475 2476 Ε
1499 2440 1658 2483 frigidis
1683 2443 1872 2487 exulant,
1903 2440 1948 2476 in
1974 2442 2068 2477 uni-

243 2515 410 2543 versum
439 2506 575 2540 autem
605 2501 665 2538 cis
694 2508 908 2547 cancrum,
947 2501 986 2534 et
1014 2497 1058 2533 in
1087 2496 1282 2534 Amerina
1311 2496 1565 2540 frequentius
1596 2504 1715 2540 quam
1744 2496 1787 2532 in
1815 2498 1944 2533 veteri
1973 2501 2069 2535 orbe

243 2564 448 2601 crescunt.

387 2621 751 2676 &ualitates
782 2629 822 2662 et
849 2631 1020 2665 usus.
1078 2623 1282 2660 Primaria
1298 2625 1604 2660 Malvacearum
1627 2622 1760 2661 virtus
1783 2632 1809 2660 a
1832 2633 1949 2660 muco
1965 2634 2067 2668 pen-

244 2692 332 2735 det,
365 2687 434 2731 qui
457 2687 499 2721 in
522 2685 728 2728 plerisque
753 2683 906 2719 ordinis
929 2681 1039 2718 vasti
1055 2684 1093 2717 et
1109 2690 1264 2717 summe
1279 2681 1483 2717 naturalis
1500 2680 1714 2723 speciebus
1732 2680 1939 2727 copiosus,
1970 2683 2065 2723 plu-

243 2746 360 2782 rimis
382 2745 487 2780 inter
510 2741 689 2777 remedia
709 2739 911 2775 lenientia
933 2748 1052 2774 usum
1075 2738 1279 2785 concedit,
1311 2738 1419 2780 apud
1442 2746 1580 2772 omnes
1597 2740 1757 2783 gentes,
1789 2736 1933 2778 quibus
1950 2737 2062 2778 ejus-

243 2801 352 2839 modi
374 2802 540 2844 plantae
562 2800 807 2842 nascuntur,
839 2795 1109 2831 notissimum.
1167 2796 1213 2829 In
1238 2793 1381 2836 paucis
1402 2802 1518 2828 muco
1542 2792 1663 2828 acida
1683 2792 1830 2838 libera,
1862 2792 2061 2835 imprimis

242 2858 469 2902 oxalicum,
497 2855 716 2898 accedunt,
741 2853 888 2895 (litibus
905 2852 1088 2887 effectum
1105 2849 1433 2896 refrigerantem,
1458 2848 1737 2884 antibiliosum
1753 2851 1790 2883 et
1808 2847 2064 2884 antiscorbu-

243 2915 369 2951 ticum
397 2913 619 2948 nonnullae
649 2911 806 2944 debent.
865 2910 976 2951 Quae
1005 2907 1083 2942 olei
1114 2906 1293 2942 aetherei
1317 2915 1355 2940 v.
1380 2905 1544 2940 resinae
1565 2903 1739 2946 aliquali
1760 2904 1939 2946 portione
1963 2913 2061 2940 con-

242 2970 483 3007 taminatum
511 2974 672 3002 mucum
703 2967 874 3009 vehunt,
906 2965 1025 2998 odore
1051 2971 1159 2997 nunc
1188 2961 1345 3005 ingrato
1375 2962 1603 3007 excellunt,
1635 2963 1673 2994 et
1702 2960 1890 2997 remediis
1913 2961 2061 2997 leniter

241 3024 567 3068 stimulantibuS,
601 3020 889 3064 diaphoretIcis
921 3023 959 3053 et
989 3017 1196 3053 diureticis
1225 3018 1553 3052 adnumerantur.
1613 3012 1782 3049 Semina
1806 3019 1893 3052 oleo
1917 3016 2060 3061 pingui

244 3085 415 3120 scatent.
471 3081 559 3114 Non
583 3085 739 3120 paucae
761 3077 885 3112 fibrae
909 3074 1129 3110 tenacitate
1143 3083 1182 3108 v.
1200 3072 1366 3117 egregia
1380 3075 1502 3108 lanae
1517 3072 1560 3108 in
1575 3072 1775 3110 seminum
1789 3072 2060 3116 integumento

241 3136 451 3176 nascentis
468 3133 664 3178 qualitate
680 3132 925 3167 utilissimae
942 3134 1049 3166 sunt.

381 3195 490 3229 Inter
513 3192 715 3225 nostrates
737 3183 931 3223 Althaea
948 3182 1184 3235 officinalis
1199 3184 1318 3221 Linn.
1338 3182 1552 3230 [Eibisch]
1568 3184 1808 3221 lenientium
1825 3185 1967 3229 regina
1983 3187 2058 3222 est.

242 3250 378 3287 Radix
414 3245 789 3292 praestantissima,
834 3246 960 3279 herba
995 3246 1033 3278 et
1068 3241 1186 3278 flores
1215 3242 1437 3278 subamari.
1507 3241 1758 3284 Principium
1787 3241 2056 3278 alcaloideum

247 3303 539 3349 (Althaeina)‚
574 3303 677 3344 quod
699 3300 869 3337 chemici
893 3300 1055 3343 quidam
1078 3298 1121 3333 in
1142 3299 1344 3334 Althaeae
1367 3297 1504 3334 radice
1526 3298 1735 3334 invenisse
1751 3297 1831 3334 sibi
1846 3297 1929 3333 visi
1945 3300 2053 3344 sunt,

242 3363 388 3399 dubiae
409 3365 579 3397 naturae
601 3361 750 3394 manet.
808 3354 1051 3391 Malvarum
1073 3357 1198 3390 herba
1221 3355 1445 3390 secundum
1468 3357 1518 3390 ab
1534 3355 1714 3390 Althaea
1736 3355 1868 3389 locum
1890 3353 2055 3389 obtinet..

238 3420 305 3455 Ex
330 3416 535 3453 sexcentis
552 3414 666 3461 aliis,
698 3414 871 3450 istarum
884 3412 1076 3448 virtutem
1093 3410 1413 3457 aemulantibus,
1445 3419 1601 3453 paucas
1616 3409 1849 3445 nominasse
1865 3408 2053 3445 sufficiat.

250 3470 428 3510 Althaea
444 3480 569 3507 rosea
592 3471 690 3508 Cav.
714 3469 880 3515 (Malva
895 3471 1066 3508 arborea
1081 3466 1239 3516 ome),
1271 3464 1439 3513 Malope
1461 3463 1716 3501 malacoides
1732 3465 1872 3513 Linn.,
1904 3461 2053 3500 Malva
