2147 3756
1022 66 1060 117 ξ’)

120 256 241 287 nunc
287 239 573 302 ramulisque
621 253 646 284 e
687 236 850 285 tubulo
898 237 1095 285 centrali
1136 239 1440 304 pluribusque
1481 242 1805 289 exterioribus
1851 244 1956 289 aliis

120 309 419 357 dextrorsum
459 311 587 356 circa
628 307 828 355 eundem
868 309 1042 356 volutis
1083 310 1322 367 conflatis,
1371 312 1512 357 ramis
1554 313 1682 358 circa
1731 315 1956 361 articulos

118 381 440 438 verticillatis,
481 379 801 427 verticillatim
841 382 1061 427 ramosis.
1140 379 1346 428 Articuli
1387 398 1620 442 ramorum
1661 399 1784 429 nunc
1827 386 1956 431 circa

119 454 322 509 circum,
359 468 480 499 nunc
515 452 743 498 interiore
777 451 929 499 latere
964 461 1089 498 scias
1123 461 1374 515 quater-nas
1407 469 1451 499 v.
1479 462 1700 506 octonas,
1734 456 1957 518 aequales

117 524 216 570 sive
249 523 550 587 inaequales,
594 522 827 570 interdum
861 522 1190 571 subolisoletas
1225 531 1520 572 exserentes.
1602 527 1805 588 Organa
1846 543 1959 588 pron

117 595 387 659 pagationis
428 593 697 656 dimorplia,
739 595 784 639 in
826 595 1051 641 extremis
1091 611 1323 642 ramorum
1364 596 1519 642 axillis
1561 613 1601 643 v.
1645 597 1770 642 inter
1808 605 1952 653 setas,

118 664 378 713 secundum
410 666 609 712 interius
643 665 929 711 ramulorum
962 666 1081 712 latus
1121 667 1329 724 sessilia,
1369 667 1701 713 snbsolitaria:
1765 668 1963 715 Globule'

116 737 315 794 minimi,
357 751 644 799 praecoces,
681 735 997 793 cinnabarim,
1033 753 1058 783 e
1092 738 1275 784 cellulis
1305 737 1704 795 cuneiformibus,
1742 738 1956 785 radiatim

116 805 541 869 convergentibus,
574 804 846 852 membrana
880 806 1119 865 decolori,
1154 807 1341 854 tandem
1375 810 1419 855 in
1454 818 1614 872 partes
1641 810 1958 872 triangulares

114 886 358 941 rumpente
401 877 571 936 cinctis
612 878 890 940 compositi,
934 887 983 925 et
1012 879 1321 941 Sporangz'a,
1362 880 1408 926 in
1442 879 1608 926 iisdem
1641 897 1688 928 v.
1724 881 1877 926 rarius
1911 882 1955 926 iu

115 948 317 996 diversis
357 946 635 1006 individuis,
683 963 709 995 e
750 948 921 996 lamina
961 948 1163 1013 duplici,
1213 965 1380 1013 nempe
1421 952 1666 998 exteriore
1708 950 1954 1014 diaphana,

114 1021 252 1084 apice
289 1018 508 1066 dentibus
542 1020 746 1083 quinque
781 1029 1011 1067 coronata
1041 1037 1085 1067 v.
1120 1020 1270 1079 nuda,
1310 1030 1358 1068 et
1389 1022 1621 1070 interiore
1654 1023 1808 1081 firma,
1844 1023 1957 1069 sini»

112 1100 340 1138 strorsum
373 1090 616 1154 spiraliter
647 1091 838 1150 striata,
883 1109 1049 1155 sporas
1084 1093 1445 1151 minutissimas,
1489 1094 1796 1158 granulosas,
1843 1111 1957 1140 cen-

111 1162 366 1226 glutinatas
419 1161 710 1221 includente.
787 1166 978 1227 Sporae
1031 1164 1276 1228 spiraliter
1328 1165 1552 1224 striatae‚
1606 1164 1706 1213 basi
1762 1165 1956 1230 spinulis

113 1234 316 1298 quinque
349 1236 630 1281 instructae.

892 1354 925 1389 G
945 1361 969 1388 Ε
990 1361 1019 1389 Ν
1038 1361 1062 1388 E
1083 1361 1111 1388 R
1132 1361 1178 1390 A.

222 1437 244 1472 ³7
251 1437 288 1473 6.
321 1435 474 1473 Nitella
490 1431 679 1484 Agar-dle.
1184 1438 1251 1476 77.
1283 1437 1420 1476 chara
1437 1433 1627 1487 Agardh.

248 1530 576 1576 Affinitas.
636 1535 832 1573 Difficilis
849 1539 913 1573 est
928 1537 1116 1581 quaestio
1134 1538 1183 1573 de
1202 1538 1506 1575 characearum
1522 1539 1746 1586 affinitate,
1778 1538 1956 1588 partium

108 1593 440 1631 fructificationis
470 1597 620 1630 natura
650 1593 726 1629 rite
755 1595 935 1630 nondum
964 1598 1194 1637 perspecta.
1268 1596 1356 1631 Has
1393 1596 1681 1639 perfectiorum
1721 1598 1955 1640 plantarum

105 1651 354 1688 sexualibus
370 1651 538 1695 organis
562 1659 643 1686 non
669 1660 764 1686 esse
786 1651 1142 1698 aequiparandas,
1174 1661 1286 1687 nunc
1309 1652 1354 1688 in
1377 1653 1517 1695 aprico
1542 1657 1616 1689 est.
1679 1653 1823 1688 caulis
1847 1658 1956 1689 stru-

106 1713 246 1755 ctura,
277 1708 449 1743 maximi
471 1708 514 1743 in
531 1707 597 1742 his
615 1707 764 1742 infimis
783 1707 894 1742 orbis
911 1708 1163 1752 vegetabilis
1180 1708 1441 1756 regionibus,
1472 1709 1516 1745 in
1535 1710 1803 1753 dijudicanda
1820 1710 1956 1746 affini-

107 1768 189 1801 tate
219 1764 403 1800 naturali
433 1764 650 1811 ponderis,
691 1773 796 1807 pone
829 1764 1155 1812 Conservaceas,
1195 1765 1395 1808 imprimis
1427 1766 1687 1812 Ceramieas,
1719 1769 1854 1803 locum
1886 1776 1956 1803 as—

105 1822 266 1867 signat,
301 1825 338 1856 et
354 1821 519 1865 longius
537 1823 587 1856 ab
605 1820 892 1864 Equisetaceis
909 1824 946 1856 et
963 1822 1356 1871 Hydropteridibus,
1388 1826 1431 1858 ut
1449 1825 1497 1859 de
1515 1824 1728 1860 ordinibus
1752 1824 1955 1867 aquaticis

103 1878 442 1927 phanerogamis,
480 1878 699 1927 Najatleis,
745 1878 1094 1922 Hydrocharitleis
1126 1882 1165 1915 et
1194 1880 1441 1925 Halorageis
1472 1885 1653 1930 taceam,
1700 1882 1855 1917 distare
1886 1883 1955 1917 de-

103 1938 318 1972 monstrat.

248 1999 677 2057 Geographia.
736 2007 953 2050 Aquarum
984 2006 1165 2044 dulcium
1195 2008 1475 2052 stagnantium
1508 2013 1547 2046 et
1568 2009 1750 2046 littorum
1773 2010 1955 2046 marino-

103 2072 194 2100 rum
222 2073 297 2107 per
326 2066 453 2100 totum
484 2063 569 2100 fere
602 2067 804 2101 terrarum
826 2067 962 2100 orbem
987 2067 1183 2109 vulgares
1206 2067 1403 2110 hospites.
1464 2067 1699 2111 Specierum
1725 2068 1951 2103 exstincta-

103 2130 192 2157 rum
222 2123 366 2157 caules
398 2124 437 2157 et
467 2121 690 2167 sporangia
721 2119 1040 2165 [Gyrogonitum
1068 2122 1233 2159 nomine
1262 2132 1289 2160 a
1314 2124 1649 2170 conchyliologis
1681 2125 1870 2169 arrepta)
1903 2134 1955 2160 ex

103 2185 306 2222 aquarum
323 2179 505 2214 dulcium
521 2179 748 2215 sedimento
767 2178 1025 2216 effodiuntur

237 2243 635 2295 Qualitates
694 2252 996 2286 Nonnullarum
1013 2253 1156 2287 caules
1173 2251 1390 2313 pelluciui‚
1422 2251 1533 2289 intra
1549 2253 1737 2298 singulos
1755 2252 1953 2290 articulos

102 2305 252 2349 cyclici
277 2315 493 2343 succorum
514 2311 649 2344 motus
681 2307 966 2344 admirantium
998 2294 1283 2352 spectaculum
1312 2312 1523 2352 praebent.
1583 2310 1792 2347 Plurimae
1824 2310 1952 2346 calcis

101 2366 385 2407 phosphoreae
401 2369 542 2401 crusta
555 2364 743 2412 indutae,
778 2366 899 2401 odore
915 2365 1054 2413 gravi,
1086 2366 1275 2410 hepatico
1293 2367 1504 2410 praeditae
1521 2377 1614 2403 esse
1637 2370 1785 2404 solent.
1845 2370 1951 2404 Ista-

104 2429 192 2456 rum
207 2421 365 2459 halitus
381 2422 525 2459 multis
542 2426 762 2466 suspectus
780 2426 856 2459 est.

686 2529 860 2576 ordo
889 2530 962 2575 V.
1022 2531 1364 2579 Ulvaeeae.

244 2616 404 2664 Frons
432 2616 821 2677 membranacea,
866 2619 1115 2678 continua,
1157 2620 1295 2685 plana
1326 2637 1369 2669 v.
1403 2619 1641 2679 tubulosa,
1682 2621 1949 2669 herbaceo-

102 2685 269 2734 viridis
309 2696 389 2734 aut
428 2689 581 2735 rarius
622 2705 881 2752 purpurea,
934 2699 1166 2739 ecostata.
1242 2693 1479 2756 Spore'dz‘a
1519 2692 1677 2740 frondi
1718 2694 1946 2757 inspersa,

102 2775 145 2805 v.
180 2759 392 2807 vesicula
424 2759 582 2807 inflata
616 2769 837 2825 excepta.

878 2881 1167 2916 GENERA.

101 2954 334 2993 Subul'do
356 2956 401 2993 I·
446 2954 759 3002 siphoneae.
1341 2957 1601 3000 Spongmlium
1618 2958 1760 2993 Lamx.

382 3076 609 3120 Botrydium
631 3076 772 3112 Wallr.

215 3155 268 3191 79
313 3155 551 3193 Vaucheria
567 3153 659 3192 DC.
1054 3122 1290 3162 snbssrflss
1313 3125 1386 3160 11·
1434 3123 1641 3161 Ulveae.

275 3184 283 3193 ·
1171 3182 1236 3217 83.
1268 3181 1475 3224 Caulerpa
1495 3178 1648 3218 Lamoe

383 3211 808 3256 Ectospermadl'auch.
1001 3242 1012 3253 .
1045 3204 1048 3206 v
1340 3230 1553 3264 Chauvinia
1567 3229 1688 3276 Bory·

214 3292 281 3326 80.
311 3290 512 3335 Bryopsis
528 3288 688 3329 Lamx.
1170 3281 1353 3326 84·A13
1356 3291 1464 3319 smm
1476 3275 1562 3327 Ag·

1336 3330 1618 3365 '3C0ccoderma
1633 3331 1764 3364 Kunz.

216 3376 283 3413 31.
315 3375 484 3421 Codium
503 3373 677 3414 Stackh.
1170 3383 1235 3419 85.
1266 3380 1448 3419 valonia
1464 3377 1538 3426 Ag.

385 3424 615 3460 Lamarckia
635 3426 733 3461 ΟΙίύ.
1338 3429 1576 3464 Gastridium
1595 3428 1742 3475 Lyngh.

384 3467 580 3510 Agardhia
599 3467 752 3504 cabrer.
1334 3471 1567 3516 Physidrum
1582 3456 1700 3518 Raso
