2147 3756
1085 81 1156 128 12

930 157 1007 164 ...μμ
1022 158 1033 162 -
1090 158 1173 162 ---,,.-
1189 156 1275 161 ‚m—

198 263 236 295 et
257 256 438 295 Everuia
461 255 636 300 vulpina
650 256 774 303 Acl1.;
804 263 879 291 nec
896 263 976 289 non
992 247 1428 298 Stryehnochromz·na
1445 251 1484 285 et
1502 244 1938 295 Stryychneryehmaa,
1973 250 2014 285 in

196 314 445 350 Lichenibus
474 314 626 358 variis,
658 313 699 348 in
729 311 880 347 cortice
911 309 1100 352 Strychni
1123 307 1411 350 Pseudoquina
1433 307 1490 341 St.
1516 305 1597 342 Hil.
1620 305 1918 354 habitantibus,
1953 317 2015 341 re-

197 371 351 407 sidens.
396 372 442 406 ln
460 369 641 406 Cetraria
659 368 863 403 islandica
878 368 980 402 Acti,
998 365 1086 401 aeid
1095 374 1158 399 um
1176 364 1468 406 paramalicum
1486 366 1685 404 repertum
1701 361 1790 397 fuit.

338 429 446 462 Inter
470 426 670 462 Licbenes
693 424 920 459 officinales
942 420 1141 463 imprimis
1159 420 1430 455 nominandus
1447 414 1607 452 Lz‘elcen
1622 415 1853 452 islandia-us
1871 416 1989 460 (Blut
2002 437 2013 442 -

197 485 480 527 lungenmoos,
513 483 818 523 Kramperlthee
839 491 899 510 z
916 476 1098 513 Cetraria
1113 476 1320 511 islandica
1334 476 1438 510 Ach.
1469 474 1623 509 Lichen
1642 475 1869 510 islandicus
1885 474 1956 518 L.)
1977 474 2016 508 in

199 540 388 582 Europae
404 538 560 574 mediae
577 541 612 573 et
630 537 806 572 borealis
824 534 1027 570 montibus
1045 536 1081 568 et
1099 533 1259 574 alpibus
1277 531 1462 576 gregarie
1481 539 1682 566 crescens.

339 594 511 630 Plurimi
536 593 630 628 olim
655 593 695 627 in
721 590 894 628 officinis
917 589 1087 634 recepti,
1119 588 1237 624 hodie
1261 587 1409 624 exoleti
1427 590 1533 622 sunt.
1574 584 1793 620 Par-melia
1811 584 2018 620 savalr‘h's

199 652 307 688 Aen.
332 648 377 685 P.
395 647 661 696 omphalodes
676 649 778 683 Ach.
797 651 834 682 et
855 645 997 681 Usnea
1012 642 1134 679 hirta
1150 645 1253 680 Ach.
1281 643 1476 687 (Muscus
1494 641 1623 678 cranii
1641 643 1806 678 humani
1823 641 1959 685 offic.)
1978 642 2017 676 in

200 707 418 754 epilepsia,
444 705 679 749 dysenteria
703 707 741 739 et
765 703 980 747 sanguinis
998 700 1240 748 profluviis,
1259 697 1708 745 I’armelz'apariecrna
1723 699 1824 733 Aeli.
1843 696 2020 740 (Lichen

200 764 427 807 parietinus
443 761 578 804 Otfic]
605 757 1100 807 Parmeliccfmfurcceea
1122 758 1227 793 Ach.
1253 762 1289 792 et
1315 753 1566 801 Porophora
1585 758 1765 800 pertusa
1780 754 1884 789 Aeli.
1901 754 1944 789 in
1961 753 2021 788 fe-

200 820 341 856 bribus
359 818 715 854 intermittentibus
734 816 954 851 adhibitae.
1000 811 1230 848 Everm‘am
1248 811 1484 848 Prmzastrz'
1496 813 1599 848 Ach.
1619 810 1814 854 (Muscus
1831 812 2022 846 arboreus

202 887 236 913 s.
260 876 441 911 Acaciae
464 874 600 918 Ostia.)
625 872 907 908 intestinorum
941 870 1148 914 prolapsui
1177 870 1327 906 mederi
1351 869 1559 905 creditum.
1618 865 1836 914 Peltvtgera
1866 866 2023 901 canina

201 934 303 969 Ach.
323 930 515 974 (Muscus
534 930 734 965 terrestris
751 927 993 970 s.11epatica
1015 927 1219 962 terrestris
1230 926 1366 970 Offic.]
1385 925 1567 969 pulveris
1585 924 1799 971 antilyssi,
1824 923 2021 959 tutissimi

202 988 409 1024 veteribus
441 988 639 1023 adversus
670 985 821 1021 rabiem
853 983 1043 1019 caninam
1070 983 1256 1029 remedii,
1288 983 1417 1024 major
1432 990 1539 1024 pars.
1598 978 1817 1014 Peltv'deae
1839 976 2023 1024 aphtho-

204 1053 279 1080 Soe
302 1045 406 1080 Ach.
440 1042 600 1085 (Musei
624 1041 830 1078 cumatilis
861 1039 996 1083 offic.)
1027 1039 1138 1074 vires
1169 1038 1392 1081 drasticae,
1426 1036 1804 1083 anthelminthicae,
1835 1036 2026 1078 frequens

205 1102 404 1137 adversus
429 1102 602 1142 aphthas
619 1108 733 1134 usus.
779 1094 920 1131 Stia-ca
936 1093 1218 1141 pulmonacea
1235 1096 1339 1130 Ach.
1358 1093 1518 1137 (Herba
1534 1092 1814 1136 pulmonariae
1831 1095 2025 1127 arboreae

205 1157 341 1200 offic.)
359 1159 404 1191 ob
423 1156 533 1191 vires
550 1155 706 1191 tonicas
726 1158 761 1189 et
780 1153 1005 1188 nutrientes
1022 1154 1234 1195 usurpata.
1263 1149 1492 1195 Cenomyce
1504 1147 1834 1195 pyxv‘dataAch.
1847 1145 2026 1189 (Lichen

203 1213 427 1257 pyxidatus
445 1222 477 1248 s.
495 1213 632 1248 Herba
648 1211 756 1255 ignis
774 1208 911 1252 effic.)
930 1212 967 1243 et
987 1206 1213 1253 Cenomyce
1230 1206 1447 1256 coca-isera
1462 1207 1565 1242 Ach.
1586 1205 1780 1249 [Muscus
1799 1203 2024 1239 cocciferus

205 1269 318 1306 Offic.
334 1272 457 1313 vulgo
475 1266 852 1311 Scharlachmoos),
868 1274 1042 1309 magnae
1058 1264 1101 1299 in
1117 1266 1304 1300 sananda
1320 1263 1426 1300 tussi
1443 1262 1689 1298 convulsiva
1705 1261 1855 1297 laudis,
1891 1257 2022 1294 Ceno-

204 1334 320 1370 mysce
342 1323 637 1360 vermicularis
653 1325 755 1360 Ach.
782 1322 928 1367 (vulgo
954 1322 1230 1364 Contrayerba
1250 1319 1422 1364 blanca]
1452 1319 1495 1354 in
1511 1318 1701 1354 Andibus
1723 1316 1926 1353 Peruviae
1950 1324 2027 1351 na-

206 1391 348 1427 scens,
372 1385 419 1417 ob
438 1381 640 1424 insignem
657 1379 882 1416 amaritiem
907 1381 1124 1422 praestans
1146 1377 1449 1413 stomachicum.
1488 1371 1708 1409 Alectoraz
1726 1370 1910 1407 Arabum
1926 1364 2037 1409 Aeli.‘

207 1436 355 1482 [vulgo
379 1436 592 1481 Oschnah)
616 1440 663 1472 ob
689 1437 799 1472 vires
822 1436 1036 1481 sedantes,
1066 1433 1312 1476 hypnoticas
1336 1433 1433 1468 olim
1462 1431 1648 1467 celebris.
1691 1431 1859 1465 Praeter
1880 1429 2029 1465 Liche-

207 1504 298 1530 nem
321 1494 567 1530 islandicum
594 1504 644 1529 ex
666 1496 743 1529 hac
760 1495 895 1528 classe
911 1490 1062 1526 nostris
1078 1490 1120 1525 in
1137 1489 1310 1525 officinis
1326 1491 1517 1525 habetur:
1548 1482 1719 1520 *Lacca
1737 1483 1875 1521 Musei
1895 1484 2027 1528 (Lak-

207 1560 320 1597 mus,
336 1551 494 1586 Litmus
507 1576 516 1594 ,
533 1548 797 1593 TournesoD,
816 1549 1064 1592 pigmentum
1075 1544 1299 1580 Roccellae
1319 1543 1640 1579 tinctoriaenc.
1660 1543 1702 1578 in
1720 1542 1889 1585 rupibus
1905 1541 2029 1577 mari-

209 1607 318 1643 timis
334 1608 523 1649 Europae
539 1607 879 1650 mediterraneae,
898 1604 1096 1646 imprimis
1112 1602 1398 1647 occidentalis,
1417 1602 1645 1638 insularum
1654 1600 1854 1645 Azorum,
1874 1598 2030 1641 Capitis

206 1666 338 1701 bonae
376 1663 465 1706 spei
501 1666 539 1698 et
575 1662 715 1698 Indiae
753 1661 964 1696 orientalis
1003 1659 1240 1695 crescentis.
1303 1660 1439 1694 Lacca
1470 1657 1650 1702 musica,
1689 1663 1793 1698 quae
1830 1655 1948 1690 hodie
1979 1663 2031 1689 ex

210 1719 384 1756 officinis
416 1718 608 1754 chemicis
632 1718 921 1753 Hollandorum
947 1716 1183 1761 advehitur,
1215 1725 1236 1750 e
1259 1711 1486 1748 Lecanora
1513 1715 1716 1746 tartarea
1741 1713 1860 1757 Ach.,
1884 1711 1927 1746 in
1943 1712 2029 1745 Eu-

210 1785 309 1819 ropa
323 1775 479 1812 boreali
496 1774 805 1819 vulgatissima,
837 1776 982 1816 parata
997 1775 1070 1808 est.
1122 1767 1350 1804 Leo-(mora
1361 1767 1533 1816 petrella
1548 1767 1652 1804 Aeli.
1671 1767 1886 1803 Orseillam
1903 1777 1935 1802 s.
1955 1767 2031 1802 Co-

208 1832 433 1870 lumbinam
456 1829 650 1875 (Archil)
673 1830 867 1877 largitur,
897 1829 1001 1865 idem
1019 1837 1069 1862 ex
1089 1824 1217 1861 [sidio
1236 1825 1442 1861 corallius)
1459 1827 1561 1862 Ach.
1579 1825 1793 1860 obtinetur.
1838 1821 2031 1857 Indicam

210 1888 384 1924 rubrum
404 1886 570 1931 (Persio
587 1897 619 1922 S.
632 1884 839 1928 Cudbear]
858 1896 879 1921 e
895 1884 1102 1921 Parmelia
1117 1884 1287 1919 saxatili
1303 1884 1406 1919 Ach.
1426 1882 1600 1923 aliisque
1618 1880 1832 1923 speciebus
1850 1884 2030 1922 paratur.

352 1944 560 1981 Plurimae
578 1943 776 1978 foliaceae
794 1946 829 1977 et
848 1941 1132 1986 fruticulosae,
1159 1939 1360 1983 principio
1378 1938 1628 1975 amaricante
1646 1946 1718 1979 ope
1735 1936 1950 1971 solutionis
1969 1939 2030 1971 al-

212 2000 370 2038 calicae
386 2004 561 2045 secreto,
587 2000 764 2043 gentium
782 2001 1122 2041 hyperborearum
1138 1997 1381 2032 nutrimento
1397 1995 1640 2030 inserviunt.
1683 1991 1909 2037 Cenomyce
1926 2001 2031 2026 rau-

207 2057 400 2106 gaeferz'na
420 2058 522 2093 Ach.
547 2057 822 2092 Tarandorum
848 2057 990 2098 greges
1014 2055 1230 2089 sustentat.
1276 2052 1518 2095 Singulares
1543 2053 1636 2087 sunt.
1658 2047 1909 2083 Lecanorae
1932 2048 2031 2083 illae

212 2115 353 2150 edules
375 2112 684 2157 Eversmannii,
717 2121 819 2154 quae
850 2111 892 2146 in
920 2110 1054 2146 vastis
1085 2109 1213 2145 Asiae
1244 2108 1416 2146 desertis
1439 2115 1589 2152 magna
1621 2105 1739 2151 copia
1764 2105 2030 2151 reperiuntur,

213 2179 240 2206 a
253 2170 410 2218 ventis,
441 2172 486 2206 ut
499 2169 677 2218 videtur,
710 2179 731 2205 e
745 2167 965 2212 longinquo
983 2167 1191 2203 advectae,

500 2362 794 2432 sectio
823 2361 957 2429 ΙΙ.
1039 2357 1747 2442 Hysterophyta.

356 2520 427 2579 In
451 2521 771 2599 organismis
793 2520 1267 2598 languescentibus
1293 2539 1340 2575 v.
1368 2517 1624 2576 emortuis
1643 2521 1826 2590 enata,
1857 2516 2035 2572 intus-

217 2607 559 2684 susceptione
598 2626 626 2662 e
663 2606 887 2662 matrice
925 2605 1156 2680 nutrita,
1204 2622 1408 2682 organa
1446 2603 1627 2660 omnia
1665 2601 1826 2660 sinull
1856 2599 2037 2677 expli-

218 2692 424 2766 cantia,
457 2690 673 2749 definite
702 2689 1006 2769 pereuntia.
2108 2685 2113 2686 ⁷

699 2853 1004 2913 ‘Classis
1035 2854 1186 2911 ΙΙΙ.
1251 2851 1542 2924 Fungi.

361 2986 582 3062 Fungi
619 2993 743 3045 sunt
783 2985 1112 3063 vegetabilia
1157 3005 1186 3042 e
1232 2983 1549 3062 corporibus
1596 2980 1869 3059 organicis
1912 2980 2039 3036 lan-

222 3073 601 3150 guescentibus
647 3072 758 3129 sive
802 3070 1266 3149 putrescentibuS,
1319 3069 1431 3126 sive
1469 3088 1499 3125 e
1542 3067 1730 3139 11111110,
1777 3070 2038 3142 quatenus

224 3175 294 3213 ex
326 3156 645 3233 organismis
674 3156 732 3213 in
760 3175 859 3213 sua
887 3154 1159 3233 principia
1187 3152 1537 3211 redeuntibus
1576 3155 1814 3224 constat,
1860 3154 2037 3222 enata,

226 3259 290 3297 ex
333 3239 525 3297 iisdem
568 3240 1055 3317 intussusceptione
1109 3258 1228 3296 sese
1278 3235 1601 3309 nutrientia,
1657 3233 1714 3292 in
1756 3233 1876 3312 ipso
1920 3239 2040 3290 ortu

168 3382 175 3387 ,
227 3323 427 3397 velata,
473 3343 501 3380 e
548 3324 763 3381 cellulis
806 3323 1196 3401 irregularibus
1242 3319 1567 3399 composita,
1613 3338 1818 3396 organa
1862 3317 2042 3376 omnia

229 3406 389 3465 simul
410 3407 764 3485 explicantia,
797 3406 1228 3467 extremitatibus
1251 3403 1487 3465 definitis
1510 3403 1578 3462 ad
1601 3403 1828 3461 sormam
1844 3401 2042 3479 sphae-
