2147 3756
1072 93 1189 144 5110

960 174 1304 183 ——fi—*w—-Q

361 260 685 308 Affinitas.
734 265 1036 312 Hypericlneae
1051 267 1282 306 Clusiacels
1298 270 1408 306 arcte
1424 263 1718 316 conterminae,
1742 267 1867 306 ramis
1885 269 2038 313 pedun-

224 324 411 369 culisque
439 328 546 362 haud
577 324 830 372 articulatis,
875 333 1040 359 numero
1077 326 1253 368 partium
1285 326 1328 362 in
1357 324 1564 368 plerisque
1595 325 1778 369 (praeter
1806 328 2038 372 Ascyrum]

223 382 431 428 quinario,
464 382 646 418 antheris
663 380 1010 428 incumbentibus,
1042 381 1163 424 stylis
1187 381 1374 418 discretis
1397 381 1672 428 filiformibus,
1705 383 1928 418 seminibus
1954 386 2039 426 ple-

223 447 392 482 rumque
422 438 662 484 indefinitis,
695 436 807 472 arilli
837 435 998 471 defectu
1026 440 1063 472 et
1095 437 1327 480 embryonis
1351 441 1557 474 structura
1580 438 1779 474 differunt.
1836 439 2041 475 Remotior

223 498 285 530 est
302 504 393 531 cum
409 494 624 541 Cistineis,
658 499 802 528 etcum
818 491 1149 542 saxifragaceis,
1180 495 1383 547 mediante
1398 493 1650 542 Parnassia,
1683 493 1878 532 affinitas.

368 569 795 627 Geog'raphia.
851 577 932 613 Per
962 576 1151 620 regiones
1173 581 1416 622 temperatas
1441 582 1479 615 et
1501 578 1658 614 calidas
1681 578 1804 615 totius
1829 578 1936 616 orbis
1961 578 2041 615 dif-

224 634 363 684 fusae,
394 636 571 672 maximo
602 643 768 669 numero
798 636 873 670 sub
896 635 1208 676 hemisphaerae
1231 635 1408 671 borealis
1431 636 1543 671 coelo
1566 638 1785 678 temperato
1806 636 2040 682 gignuntur,

223 692 268 729 in
285 692 478 728 America
503 689 658 732 tropica
678 691 788 725 haud
811 689 1110 736 infrequentes,
1142 691 1184 726 in
1201 691 1305 727 Asia
1327 695 1366 727 et
1381 691 1525 727 Africa
1547 691 1838 734 aequinoctiali
1854 691 2041 729 rariores.

225 750 359 791 Major
388 751 449 783 est
477 747 704 790 specierum
735 746 779 781 in
798 746 991 783 Amerina
1020 747 1196 795 boreali,
1230 756 1349 790 quam
1378 747 1422 783 in
1445 749 1611 790 Europa
1633 751 1670 783 et
1691 747 1798 784 Asia
1820 752 2043 791 temperata

223 813 437 850 numerus,
477 806 516 838 et
551 804 672 846 longe
709 804 849 845 plures
888 803 948 839 cis
980 811 1171 839 cancrum
1202 813 1321 847 quam
1352 808 1466 840 trans
1496 804 1777 847 capricornum
1804 809 2043 842 nascuntur.

223 861 544 898 Arborescentes
561 862 600 895 et
615 858 838 895 fruticosae
854 859 1044 896 elatiores
1059 869 1196 896 omnes
1212 861 1317 897 inter
1332 860 1507 904 tropicos
1522 861 1720 897 habitant.

366 937 731 990 allalitates
756 946 795 980 et
816 949 984 985 usus.
1022 946 1207 989 Qualitas
1223 945 1461 982 affinitatem
1477 955 1567 982 cum
1579 944 1809 982 Clusiaceis
1826 945 2044 982 confirmat.

225 1003 326 1038 Nam
356 1005 516 1044 praeter
544 1003 677 1036 oleum
707 1003 939 1037 aethereum
963 995 1110 1039 succos
1135 1002 1340 1039 resinosos
1363 1005 1593 1039 balsameos
1616 1002 1688 1038 vix
1709 1012 1789 1038 non
1813 1012 1950 1038 omnes
1972 1013 2046 1038 ve·-

224 1060 345 1104 hunt,
378 1058 447 1100 qui
462 1057 505 1093 in
522 1058 877 1094 arborescentibus
892 1060 1006 1101 large
1022 1062 1208 1105 manant,
1239 1059 1281 1094 in
1296 1060 1508 1095 herbaceis
1525 1061 1759 1102 plerumque
1775 1059 1817 1094 in
1834 1059 2044 1102 glandulis

225 1114 421 1157 capitatis
449 1113 769 1163 nigricantibus,
808 1123 849 1150 v.
879 1114 988 1151 intra
1017 1116 1215 1151 utriculos
1246 1116 1494 1175 pellucidos,
1526 1118 1733 1157 parenchy
1736 1115 1834 1150 mati
1856 1114 2045 1150 foliorum

223 1171 458 1218 immersos,
489 1169 638 1207 secreti
658 1180 750 1207 esse
766 1172 911 1208 solent.
967 1172 1165 1208 Accedit·
1155 1182 1198 1207 m
1214 1159 1421 1214 plerisque
1436 1171 1627 1208 materies
1644 1171 1847 1207 extractiv
1851 1179 1876 1207 a
1890 1179 2044 1220 amara,

227 1228 271 1264 in
289 1227 437 1264 cortice
454 1227 662 1274 residens,
692 1229 799 1264 unde
815 1227 933 1264 varia
950 1228 1203 1264 diversarum
1217 1228 1280 1263 vir
1285 1231 1363 1264 tus.

371 1309 413 1346 Ῑ
411 1311 558 1347 zsmiae
576 1311 853 1360 americanae,
885 1322 1009 1350 succo
1025 1311 1211 1349 resinoso
1226 1312 1351 1359 flavo,
1385 1311 1546 1357 egregie
1562 1313 1759 1356 purgante
1774 1307 2046 1359 scatent,‘qul

226 1368 408 1407 siccatus
441 1368 598 1405 Gummi
629 1371 775 1405 Guttae
806 1369 1032 1406 amerieani
1063 1368 1224 1405 nomine
1261 1369 1304 1404 in
1333 1371 1537 1412 Europam
1568 1372 1724 1413 quoque
1754 1370 2044 1406 transvehitur.

224 1423 437 1472 Hyperia-i
452 1425 611 1468 species
628 1428 831 1461 nostrates
849 1425 997 1469 [vulgo
1014 1425 1377 1472 Johanniskraut),
1403 1425 1526 1462 etiam
1543 1426 1900 1468 superstitionibus
1918 1425 2047 1462 famo-

226 1490 324 1529 sae,
352 1482 537 1525 patribus
560 1484 607 1517 ob
631 1481 823 1517 virtutem
847 1484 1293 1529 amaro-balsameam,
1324 1483 1481 1517 modice
1505 1482 1822 1526 adstringentem
1840 1486 2047 1530 acceptae,

224 1538 346 1575 hodie
368 1547 420 1574 ex
442 1537 615 1574 officinis
639 1539 785 1581 pulsae
801 1543 908 1574 sunt.
966 1539 1103 1574 Rarus
1120 1538 1240 1574 etiam
1257 1540 1365 1582 apud
1384 1538 1578 1574 coriarius
1595 1542 1630 1574 et
1649 1538 1842 1574 tinctores
1858 1548 1961 1576 usus
1977 1541 2049 1575 ob-

225 1594 339 1631 tinet.
398 1594 506 1641 Olei,
532 1595 635 1637 quod
652 1603 704 1629 ex
719 1591 929 1640 Hypera-2
936 1593 1161 1643 perfora&
1174 1594 1293 1631 Linn,
1312 1587 1546 1645 (αὀκυοον)
1564 1597 1690 1630 herba
1704 1598 1817 1631 cocta
1831 1595 2048 1642 obtinetur,

223 1651 416 1688 virtutem
447 1650 788 1687 antiarthriticam
818 1651 1070 1694 praedicant.
1127 1648 1187 1684 H
1170 1661 1389 1696 speyzczcm
1419 1660 1602 1696 craespum
1631 1652 1663 1687 Ι
1668 1651 1751 1688 ἰηη.
1784 1644 2048 1713 (fni-ptum),

225 1705 486 1754 Hyperieum
510 1705 703 1742 czlae'atum
725 1709 841 1744 Lam.
864 1700 1205 1756 (ἀνδρόοαιμον)
1232 1712 1271 1744 et
1291 1705 1554 1754 Hypcrzcum
1580 1706 1701 1742 Coris
1724 1707 1843 1744 Linn.
1869 1702 2048 1760 (κόρις),

226 1765 391 1808 species
420 1764 462 1800 in
485 1765 652 1808 Europa
682 1764 925 1800 australiore
955 1764 1192 1811 indigenaS,
1225 1767 1383 1801 veteres
1414 1766 1598 1800 laudant.
1656 1761 1866 1810 Hyperis-2
1891 1761 2053 1800 lure-im·

225 1821 345 1858 Linn.
377 1821 478 1857 folia
498 1821 778 1866 graveolentia
804 1819 936 1870 (solea
958 1818 1169 1867 Hyperia·
1179 1818 1361 1869 foetedz‘)
1388 1822 1586 1857 adversus
1610 1822 1988 1864 dysmenorrhoeam
2011 1824 2052 1857 et

225 1877 503 1923 stranguriam
527 1878 867 1913 commendantur.
926 1874 1138 1923 Hyperia·
1159 1878 1462 1914 connatz'Lam.
1490 1877 1662 1921 [Orelha
1679 1879 1726 1913 de
1743 1876 1869 1922 Gato)
1887 1878 2050 1914 decocto

227 1934 506 1979 adstringente
535 1933 812 1970 Brasilienses
842 1943 914 1977 pro
943 1935 1213 1978 gargarismis
1239 1938 1417 1970 utuntur.
1477 1931 1738 1979 Hyperia-um
1763 1931 2050 1970 lem-fusculum

228 1994 286 2028 St.
310 1990 393 2026 Hil.
417 1990 640 2034 [Allecrim
664 1991 814 2035 brabo]
841 1992 1042 2027 adversus
1066 1995 1299 2034 serpentum
1322 2000 1482 2027 morsus
1506 1990 1711 2026 adhibent.
1770 1986 2054 2026 Androsaemi

227 2042 467 2097 officinalis
483 2049 568 2084 All.
593 2049 790 2090 capsulae
813 2056 936 2084 succo
953 2050 1072 2084 rubro
1090 2051 1271 2096 turgent,
1303 2047 1402 2083 folia
1419 2046 1839 2094 aromatico-amara,
1871 2047 2050 2084 adstrin-

227 2104 378 2149 gentia.
436 2105 470 2139 Ε
500 2104 666 2139 floribus
690 2100 874 2138 Elodeae
897 2102 1132 2150 m'rgz’m'cae
1154 2106 1265 2140 Nutt.
1295 2104 1513 2140 tincturam
1541 2103 1833 2140 stomachicam
1866 2104 2052 2146 Boreali-

229 2159 468 2197 Americani
484 2163 645 2203 parant.

374 2242 645 2291 Cratoxylon
668 2240 1136 2280 HornschuekiiBlum.
1155 2243 1368 2291 (Maron),
1401 2245 1624 2283 arbuscula
1642 2243 1862 2294 javanica,
1892 2245 1941 2282 ob
1964 2243 2050 2283 vir-

231 2305 355 2339 tutem
370 2301 517 2339 leniter
531 2301 847 2346 adstringentem
863 2305 901 2338 et
917 2301 1157 2339 diureticam
1173 2301 1398 2338 adhibetur.

371 2436 960 2483 *ochranthaeeaffi
1016 2439 1187 2478 Frutex
1203 2435 1459 2490 chinensis,
1487 2437 1673 2492 glaber,
1704 2437 2051 2492 ramisjuniori-

231 2495 319 2536 bus
354 2496 843 2546 cinereo-maculatis,
889 2494 1060 2536 adultis
1094 2495 1305 2536 cinereis.
1372 2497 1500 2535 Folia
1531 2496 1769 2549 opposita,
1814 2496 2054 2550 petiolata,

234 2554 355 2592 obox
360 2557 461 2592 ato-
471 2552 756 2602 lanceolata,
786 2553 1073 2602 acuminata,
1110 2558 1315 2601 serrata,
1353 2552 1455 2593 basi
1483 2552 1801 2606 integerrima.
1860 2554 2053 2603 stipulae

232 2609 627 2663 intel-petiolases,
666 2614 849 2660 oxatae,
885 2609 1163 2660 serrulatae,
1200 2608 1420 2664 pallidae.
1478 2610 1631 2648 Floree
1661 2608 1822 2661 albidi,
1870 2609 2055 2649 demum

234 2664 554 2716 ssaxescentes
584 2666 631 2705 in
658 2663 741 2718 thy
745 2678 871 2706 rsum
896 2666 1182 2707 terminalem
1205 2666 1439 2720 congesti,
1469 2665 1707 2720 pedicellis
1733 2665 1849 2712 basi,
1866 2665 2054 2706 bractea

235 2721 622 2774 squamaeformi,
651 2722 804 2762 medio
820 2722 1189 2764 bibracteolatis.
1251 2725 1394 2773 Calyx·
1410 2720 1763 2777 pentaphyllus,
1796 2721 2052 2773 coloratuS,

234 2777 413 2819 foliolis
431 2780 668 2828 concavis,
703 2779 905 2829 obtusis,
935 2779 1194 2830 biseriatis,
1220 2778 1399 2819 duobus
1418 2778 1732 2820 exterioribus
1748 2778 2052 2818 brevioribus.

239 2837 436 2874 Coronae
457 2835 615 2888 petala
631 2835 852 2889 quinque,
883 2836 1178 2889 receptaculo
1195 2836 1389 2888 inserta,
1423 2835 1598 2888 calycis
1615 2833 1793 2874 foliolis
1812 2834 1993 2875 alterna
2010 2839 2057 2875 et:

237 2890 519 2944 conformia,
552 2891 709 2944 paullo
729 2892 929 2944 majora,
960 2892 1287 2945 unguiculata,
1317 2890 1666 2932 subconvoluta.
1710 2891 1908 2930 Stamina
1926 2892 2055 2944 quin-

238 2960 348 3002 que,
392 2947 693 3002 receptaculo
724 2949 922 2999 inserta,
967 2948 1131 3001 petalis
1162 2949 1362 2998 alterna,
1408 2951 1586 2997 erecta,
1628 2947 1804 3001 rigida3
1859 2949 2054 2987 antheris

236 3004 474 3054 introrsus,
509 3004 869 3054 bilocularibus‚
904 3004 1058 3044 medio
1091 3003 1269 3056 affixis,
1306 3004 1494 3056 erectis,
1532 3004 1941 3057 longitudinaliter
1980 3003 2054 3045 de-

239 3059 539 3102 hiscentibus.
597 3062 754 3100 Discus
788 3057 1133 3113 cyathiformis,
1163 3066 1480 3115 pentagonus,
1520 3060 1706 3115 angulis
1738 3060 2055 3114 complanatis.

241 3119 419 3156 Germen
447 3117 668 3168 liberum,
714 3124 920 3168 ovatum,
967 3117 1129 3157 obtuse
1159 3118 1419 3170 trigonum,
1463 3117 1750 3158 triloculare.
1812 3119 2054 3157 Gemmulae

241 3174 425 3214 circiter
441 3187 543 3226 sex,
572 3177 644 3214 tro
652 3171 946 3227 phospermio
964 3186 1122 3215 versus
1139 3175 1316 3229 apicem
1339 3187 1480 3217 axeos
1505 3186 1747 3230 appensae.
1807 3176 1921 3227 Styli
1941 3177 2054 3225 tres5

241 3230 466 3283 subulati,
497 3230 660 3274 erecti.
718 3231 906 3271 Fructus
927 3230 1130 3286 ignotus.

885 3350 1095 3386 sir-:nus
1146 3357 1409 3389 uix-rcum.

803 3449 925 3484 5474.
955 3448 1181 3484 Ochranthe
1198 3444 1334 3487 Lz'ndl.
