2147 3756
951 114 1068 164 517

834 196 922 201 ffl*„-.
935 195 1025 200 'm
1046 192 1182 199 ...ψ-

94 289 321 332 racteribus
338 292 387 328 ab
406 281 853 328 amerleanis‘nonnihil
869 289 1119 326 recedentes,
1158 281 1420 322 Sterculieae
1435 295 1506 330 per
1521 283 1708 331 regiones
1726 285 1918 333 tropicas,

92 351 239 395 quibus
265 349 550 394 includuntur,
581 347 786 383 latissime
809 347 979 383 diffusae
1011 348 1128 393 sunt,
1158 344 1218 380 ita
1247 346 1291 379 ut
1317 341 1566 377 Heritae‘erae
1596 347 1634 379 et
1658 341 1920 391 Pterygotao

93 410 209 444 extra
231 405 378 441 Asiam
408 414 490 439 non
521 405 796 451 reperiantur,
830 401 1087 446 Sem-culiae,
1120 401 1231 437 vasti
1259 400 1442 446 generis,
1475 399 1679 435 sectiones
1708 403 1922 438 naturales

95 465 316 507 pleraeque
339 461 470 496 Asiae
500 460 581 496 sint
610 460 816 507 propriae,
851 458 980 493 Galae
1001 459 1185 496 Africam
1209 467 1288 492 non
1312 455 1590 501 egrediantur,
1624 452 1923 492 Southwellme

91 519 237 555 Asiam
255 522 293 553 et
308 517 493 552 Africam
510 518 712 564 incolant,
746 514 986 551 scere-uliae
1002 525 1128 552 sensu
1145 513 1340 551 strictiori
1356 514 1400 548 in
1424 513 1527 549 duas
1549 512 1696 550 iterum
1719 513 1922 551 sectiones

94 576 302 621 secundae
319 574 532 617 dignitatis
550 576 718 621 abeant,
749 583 821 617 per
837 574 983 610 Asiam
1000 577 1035 608 et
1053 571 1286 610 Americam
1301 570 1472 608 divisas.

239 666 603 719 Qualitates
628 676 667 708 et
689 678 858 711 usus.
917 670 1121 715 Qualitate
1144 679 1224 705 non
1247 671 1416 705 multum
1440 667 1711 705 aMalvaceis
1735 667 1926 704 differunt

94 730 421 776 Sterculiaceae,
454 730 618 766 virtutis
644 730 782 772 aliquo
807 728 1044 764 discrimine
1068 736 1091 762 c
1111 727 1225 762 vitae
1255 727 1466 762 duratione
1497 729 1537 761 et
1565 725 1778 762 crescendi
1808 727 1925 760 modo

93 788 307 830 pendente.
366 789 467 822 Nam
485 786 527 821 in
544 786 729 829 partibus
745 784 959 821 herbaceis
976 787 1014 820 et
1033 784 1075 819 in
1092 783 1217 819 ramis
1236 782 1470 825 junioribus
1492 792 1655 819 mucum
1675 785 1850 828 vehunt,
1882 781 1926 817 in

95 843 241 880 annosi
258 848 393 879 autem
412 843 543 878 trunci
562 842 710 877 cortice
727 841 981 877 snbstantias
1000 841 1214 875 concelant
1229 847 1393 874 amaras
1417 842 1456 874 et
1480 839 1802 883 adstringentes,
1836 838 1926 880 qui-

94 902 171 936 bus
189 908 478 940 nonnunquam
495 898 642 933 leniter
658 897 918 933 stimulantes
936 901 973 932 et
991 896 1186 932 emeticae
1208 895 1417 931 admixtae
1439 905 1531 931 esse
1553 898 1699 931 solent.
1760 895 1927 930 Semina

92 958 180 991 oleo
197 955 338 999 pingui
358 954 465 990 foeta
482 958 590 990 sunt.
648 947 926 987 Adansonme
944 951 1182 999 (Baobab),
1216 952 1260 987 in
1275 952 1445 988 Africae
1463 953 1641 995 tropicae
1656 955 1828 994 utraque
1852 959 1925 987 ora

93 1015 345 1057 crescentes,
378 1013 427 1046 ab
446 1010 679 1046 hominibus
695 1010 738 1046 in
754 1010 899 1046 Asiam
918 1014 956 1046 et
972 1009 1207 1045 Americam
1230 1011 1574 1056 transplantatae,
1605 1012 1778 1044 naturae
1801 1009 1926 1044 mira-

94 1068 203 1105 culis
228 1071 520 1114 accensentur,
553 1068 662 1102 haud
686 1067 784 1102 elati
807 1066 937 1102 trunci
961 1066 1157 1102 immenso
1181 1074 1359 1108 corpore.
1419 1066 1542 1102 Coma
1564 1075 1688 1108 super
1709 1065 1928 1101 immanem

96 1129 280 1161 truncum
298 1124 444 1168 ingens
462 1124 726 1169 expanditur,
759 1124 885 1159 ramis
910 1124 1079 1159 deflexis
1102 1131 1304 1159 annosum
1328 1121 1509 1165 stipitem
1531 1125 1692 1159 velans.
1749 1122 1927 1166 Lignum

93 1184 235 1218 laxum
255 1185 292 1216 et
309 1184 399 1216 leve
416 1183 490 1216 est.
549 1181 668 1216 Folia
683 1180 882 1223 floresque
898 1181 1074 1225 mucosi,
1108 1179 1299 1215 remediis
1321 1179 1571 1214 lenientibus
1595 1180 1926 1214 adnumerantur.

93 1237 215 1274 Folia
238 1237 280 1272 in
307 1239 514 1280 pulverem
533 1235 682 1281 [vulgo
700 1234 807 1270 Lala
826 1237 1001 1281 dictum)
1026 1237 1272 1272 comminuta
1295 1244 1321 1271 a
1342 1236 1514 1279 Nigritis
1537 1235 1773 1278 quotidiano
1796 1235 1927 1271 victui

95 1295 384 1332 admiscentur.
431 1294 703 1336 Capsularum
721 1296 846 1337 pulpa
865 1298 979 1338 grate
996 1294 1179 1341 acidula,
1205 1292 1489 1339 adstringens,
1515 1292 1787 1339 refrigerans,
1813 1292 1928 1328 sicca

94 1351 218 1387 etiam
240 1350 345 1386 inter
367 1350 594 1386 medicinas
611 1351 837 1387 adhibetur.
897 1353 945 1386 In
964 1347 1153 1384 Pac-hira
1171 1349 1382 1397 aquatica
1397 1350 1542 1396 Aubl.,
1573 1350 1696 1392 juxta
1711 1349 1928 1384 fluviorum

93 1407 311 1445 Americae
335 1407 445 1450 ripas
470 1411 699 1456 crescente,
730 1416 899 1444 mucosa
923 1409 1234 1443 Malvacearum
1255 1406 1388 1442 virtus
1412 1406 1539 1441 nullis
1570 1406 1798 1449 peregrinis
1829 1408 1929 1441 sub-

96 1464 264 1501 stantiis
291 1464 568 1499 contaminata
591 1468 665 1500 est.
725 1464 893 1500 Semina
917 1465 1215 1501 castanearum
1237 1463 1281 1499 in
1304 1464 1467 1499 modum
1489 1464 1765 1498 comeduntur.
1826 1459 1927 1495 Sal-

97 1519 254 1554 „taliae
285 1521 536 1567 specierum,
570 1521 612 1555 in
635 1521 741 1557 Asia
764 1521 922 1565 tropica
946 1521 1237 1566 crescentium,
1271 1523 1310 1555 et
1331 1521 1579 1556 Bombacum
1604 1519 1930 1555 americanorum

96 1577 196 1614 folia
213 1587 372 1613 mucum
389 1578 597 1620 copiosum
615 1578 807 1625 retinent,
840 1581 979 1613 cortex
995 1578 1162 1614 emesim
1178 1579 1325 1613 movet.
1372 1579 1455 1612 Mel
1471 1586 1492 1611 e
1507 1576 1672 1612 floribus
1691 1573 1927 1609 Salmale‘ae

98 1633 394 1668 nudabat-icae
411 1637 547 1670 Schott
568 1638 602 1669 et
620 1636 741 1670 Endl.
761 1635 978 1671 destillans
996 1637 1134 1671 alvum
1152 1637 1268 1670 laxat
1285 1636 1323 1669 et
1340 1633 1500 1669 urinam
1515 1636 1660 1669 movet.
1718 1635 1752 1668 E
1770 1632 1930 1668 cavatis

98 1692 347 1727 Bombacum
367 1691 521 1727 truncis
539 1691 779 1734 aptissimae
796 1695 988 1738 scaphae,
1008 1691 1155 1734 quibus
1171 1690 1261 1726 Indi
1279 1692 1506 1733 sylvestres
1522 1689 1706 1734 ingentia
1715 1689 1932 1725 Americae

96 1747 263 1784 flumina
279 1748 500 1789 trajiciunt.
559 1745 768 1782 chre‘om's
785 1745 1006 1793 zz‘bethv'm',
1039 1748 1082 1782 in
1099 1747 1300 1783 Moluccis
1322 1746 1472 1781 insulis
1496 1746 1739 1793 crescentis,
1773 1745 1932 1781 fructus

97 1807 226 1848 pulpa
244 1804 398 1839 farctus
416 1807 500 1848 est,
533 1813 638 1846 quae
655 1805 795 1848 gustui
818 1813 1044 1851 nauseosa,
1077 1804 1198 1839 avide
1223 1812 1249 1839 a
1271 1803 1429 1848 gulosis
1451 1806 1638 1849 voratur,
1671 1811 1766 1838 nam
1789 1802 1933 1838 libidi-

96 1871 187 1898 nem
205 1861 409 1907 stimulat,
442 1860 709 1897 difficillimae
735 1865 824 1897 utut
848 1861 1139 1897 concoctionis.
1199 1856 1415 1905 Achroma
1439 1856 1638 1906 Lagopns
1655 1861 1853 1906 Swartz.,
1886 1859 1932 1895 in

97 1918 274 1955 Antillis
299 1927 512 1965 crescens,
544 1919 658 1953 vario
682 1918 857 1954 inservit.
879 1918 988 1954 usui.
1047 1918 1224 1961 Lignum
1252 1917 1511 1953 levissimum
1542 1917 1704 1953 suberis
1733 1918 1822 1952 loco
1854 1920 1931 1962 est,

96 1978 235 2018 partes
265 1977 492 2011 herbaceae
520 1984 636 2010 muco
668 1977 897 2022 atiundant,
925 1974 1128 2010 ·corticem
1158 1973 1530 2018 antisyphiliticum
1560 1973 1793 2019 perhibent,
1831 1975 1934 2009 lana

97 2034 294 2074 capsulae
311 2031 506 2074 parietem
523 2031 634 2067 intus
658 2033 841 2068 vestiens
865 2033 917 2067 ad
940 2032 1105 2067 diversa
1129 2031 1301 2067 trahitur
1323 2030 1499 2074 opificia.
1559 2031 1747 2066 Truncus
1770 2030 1933 2065 incisus

97 2088 294 2131 liquorem
319 2097 572 2131 gummosum
598 2088 743 2124 fundit.
801 2090 849 2124 In
874 2088 1113 2123 universum
1128 2089 1448 2123 Bombacearum
1476 2089 1576 2122 lana
1599 2087 1767 2130 carpica
1789 2096 1810 2121 e
1833 2087 1933 2130 pilis

98 2145 335 2189 glaber-imis
351 2148 567 2192 constans,
599 2145 641 2180 in
664 2146 735 2181 fila
759 2145 853 2181 duci
875 2145 1037 2192 nequit,
1068 2144 1113 2180 in
1136 2144 1357 2179 fulciendis
1380 2143 1546 2179 culcitis
1570 2147 1606 2179 et
1631 2143 1829 2187 stragulis
1853 2143 1935 2180 fre-

99 2201 360 2245 quentissimi
389 2201 433 2236 in
463 2201 572 2237 orbis
597 2204 721 2247 plaga
744 2202 882 2238 calida
905 2210 1020 2237 usus.
1085 2198 1404 2235 Cheirostemon
1420 2197 1696 2247 plaffcmm‘des
1721 2202 1868 2237 Humb.
1893 2202 1935 2236 et

100 2260 244 2301 Bonpl.
263 2256 413 2301 [Arbol
431 2259 478 2293 de
496 2258 702 2302 manitas)
726 2260 833 2302 apud
851 2258 1092 2294 Mexicanos
1115 2258 1321 2304 nascitur,
1354 2260 1474 2293 arbor
1500 2259 1547 2293 ob
1571 2258 1822 2301 singularem
1847 2256 1935 2294 tubi.

99 2314 288 2352 staminei
320 2314 489 2350 formam
520 2315 692 2353 famosa.
749 2316 894 2353 Flores
917 2315 962 2351 in
985 2314 1190 2360 epilepsia
1212 2315 1555 2352 commendantur.
1618 2311 1934 2350 Cavam‘llesme

99 2371 325 2410 seminibus
342 2372 493 2409 oleosis
510 2372 647 2410 utiles.

241 2468 508 2507 Helie-terum
531 2473 723 2509 corticem
745 2472 1138 2520 antisyphiliticum,
1170 2471 1350 2509 radicem
1376 2480 1557 2508 amaram
1583 2474 1622 2508 et
1637 2470 1832 2508 foetidam
1848 2473 1933 2508 sto-

100 2528 330 2565 machinam
360 2529 584 2571 perhibent.
642 2530 764 2565 Folia
794 2533 1104 2566 Malvacearum
1134 2529 1326 2565 virtutem
1356 2531 1627 2566 aemulantur.
1695 2526 1935 2565 Helicteris

103 2581 372 2619 sacaromae
403 2587 459 2620 St.
484 2586 566 2622 Hil.
597 2595 699 2622 usus
730 2587 774 2622 in
803 2587 955 2623 morbis
984 2586 1171 2624 venereis
1202 2587 1312 2631 apud
1341 2586 1601 2623 Brasilianos
1631 2585 1825 2630 frequens
1856 2589 1934 2635 est,

103 2640 328 2678 efficaciam
345 2650 370 2678 a
384 2651 503 2678 muco
519 2644 695 2686 pendere
712 2644 892 2680 credunt.

245 2723 486 2761 scere-uliae
503 2727 773 2770 qualitatibus
788 2727 919 2764 variis
933 2726 1072 2765 utiles».
1132 2726 1341 2764 seminum
1367 2727 1513 2763 arillus
1537 2726 1730 2774 sapidus,
1761 2728 1934 2763 nucleus

101 2784 264 2820 oleosus
296 2786 344 2819 ob
376 2784 558 2826 aliquam
589 2793 708 2826 quam
739 2784 841 2829 gerit
871 2784 1102 2820 acredinem
1131 2784 1370 2820 condiendis
1394 2784 1498 2820 cibis
1518 2784 1713 2831 inservit,
1745 2786 1784 2819 et
1806 2785 1936 2826 depu-

101 2841 256 2876 randae
272 2849 402 2883 aquae
418 2840 605 2883 putridae
622 2844 698 2877 sub
716 2843 827 2876 coelo
846 2841 1002 2877 fervido
1020 2841 1248 2877 adhibetur.
1304 2843 1603 2876 Nonnullarum
1628 2839 1762 2875 trunci
1783 2840 1936 2884 gummi

101 2897 414 2942 Tragacanthae
431 2900 636 2933 aemulum
653 2897 840 2934 fundunt.
858 2907 863 2912 ’
901 2898 1048 2934 Cortex
1069 2897 1250 2933 validius
1272 2897 1504 2941 adstringit.
1564 2894 1804 2931 scere-uliae
1828 2906 1935 2932 acu—-

103 2952 295 2988 nauatae
310 2954 440 2990 Palis.
457 2958 493 2990 et
513 2950 754 2989 Sterculiae
774 2957 1034 2989 concentosae
1051 2954 1175 2990 Guill.
1194 2958 1232 2990 et
1247 2956 1402 2990 Perrot..
1426 2953 1586 2990 semina
1610 2953 1757 2997 [vulgo
1775 2953 1876 2990 cola
1899 2963 1934 2991 s.

104 3009 292 3054 Gouron]
311 3010 633 3054 frequentissimi
651 3015 690 3048 et
707 3011 789 3047 fere
814 3012 1040 3055 quotidiani
1066 3012 1175 3055 apud
1192 3011 1373 3056 Nigritas
1397 3020 1514 3047 usuS.
1572 3011 1735 3047 Arillus
1759 3013 1936 3048 colorem

104 3067 408 3114 rubiginosum,
447 3072 651 3115 tenacem,
692 3069 884 3112 tingendo
917 3073 1055 3111 aptum
1085 3059 1273 3113 largitur.
1341 3063 1580 3102 Sterculv'ae
1609 3065 1760 3102 nobilis
1790 3067 1935 3104 Smith.

103 3123 329 3171 asiaticae,
361 3127 402 3159 et
425 3121 664 3159 Sterculiae
691 3122 853 3159 Cln'clea
876 3127 933 3161 St.
950 3126 1032 3161 Hil.
1056 3125 1318 3161 brasiliensis
1342 3125 1501 3161 semina
1525 3125 1822 3161 castanearum
1845 3127 1935 3160 loco

105 3184 213 3217 sunt.
258 3182 370 3215 Inter
385 3182 650 3224 gummiferas
668 3179 885 3216 Stet-culice
908 3179 1220 3229 Tragacanclca
1235 3182 1355 3217 Linn.
1373 3185 1411 3217 et
1429 3179 1644 3217 Sterculia
1661 3189 1788 3216 urens
1804 3183 1933 3218 Roxb.

104 3236 379 3272 nominandae
406 3236 520 3283 sunt,
551 3240 653 3274 haec
675 3239 718 3274 in
734 3239 858 3285 Asia„
889 3239 965 3275 illa
987 3239 1030 3274 in
1046 3238 1193 3275 Africa
1217 3247 1422 3274 crescenS.
1482 3235 1721 3272 ster-culiae
1732 3235 1936 3285 foetidae

104 3293 226 3330 Linn.
257 3293 401 3329 cortici
431 3294 618 3330 virtutem
650 3295 969 3338 diaphoreticam
998 3299 1038 3332 et
1068 3295 1308 3331 diureticam
1335 3295 1428 3332 Iudi
1458 3295 1662 3344 tribuunt,
1694 3290 1936 3330 Sterculiae

105 3347 357 3385 urceolatae
373 3350 514 3387 Smith.
532 3350 723 3387 corticem
739 3361 901 3390 menses
915 3362 1081 3390 movere
1099 3355 1304 3390 asserunt.

247 3430 508 3481 Pterygoeae
525 3435 777 3480 [Sterculiae
801 3438 937 3474 alatae
959 3439 1113 3488 Roxb.,
1146 3437 1321 3474 Buddha
1335 3436 1570 3485 Narikella,
1603 3435 1752 3483 Toola)
1768 3410 1937 3473 semini-

109 3490 186 3528 bus
201 3491 325 3529 Indos
341 3491 475 3536 Opiati
491 3494 584 3529 loco
596 3493 677 3540 uti,
711 3495 881 3531 relatum
899 3497 974 3532 est.
