2147 3756
178 294 277 343 pleis
299 289 541 331 actaeoides
564 291 657 332 nar.
682 288 867 338 (Actaea
887 299 1099 329 racemosa
1118 289 1266 335 Linn.)
1288 287 1458 334 majoris
1479 289 1522 327 fit
1550 289 1593 328 in
1615 290 1807 329 America
1836 294 2003 330 boreali.

179 354 317 390 Radix
335 349 471 396 (Radi
470 360 504 385 z·
518 344 713 387 Actaeae
730 357 975 384 racemosae
990 358 1025 386 s.
1044 344 1456 393 Clcrz‘stoplcoroeanae
1479 357 1596 382 amer
1601 358 1752 382 zcanae
1774 358 1813 385 v
1835 347 2004 384 sztlzaecae—

170 409 259 459 fug
263 418 313 443 ae
344 404 577 454 »Serpentem
581 406 668 451 ute)
701 408 820 442 odore
847 413 1075 452 nauseosa,
1114 414 1261 448 sapore
1291 404 1504 440 inamoene
1527 413 1689 450 amara,
1729 405 2004 451 adstringens,

180 468 430 503 submucosa
459 463 503 500 in
533 464 708 500 officinis
739 468 945 510 servatur,
993 462 1218 509 tutissimo,
1263 465 1309 498 ut
1342 459 1575 508 perhibent,
1625 462 1703 496 adv
1707 470 1824 496 ersus
1855 461 2008 497 Clotali

128 532 129 535 ¹
180 531 342 558 morsus
359 521 553 568 remedio,
585 522 706 557 etiam
725 520 891 557 Aconiti
914 518 1112 554 nostratis
1135 521 1222 554 loco
1247 517 1512 561 propinanda.
1575 514 1853 565 Citmcefngae
1864 516 2006 564 foer-e-

181 575 263 612 dae
284 578 403 614 Linn.
395 604 424 624 .,
455 581 621 620 plantae
643 577 847 613 latissime
871 585 943 618 per
964 575 1274 617 hemisphaerae
1297 575 1476 610 borealis
1500 576 1667 618 plagam
1691 576 1909 616 temperate
1932 573 2007 609 fii-

180 634 455 679 gidiusculam
473 636 670 684 diffusae,
683 634 816 668 herba
833 629 1003 675 (Herba
1022 630 1320 679 Ceffmecifagae)
1340 631 1507 666 emesim
1523 633 1655 666 movet
1671 633 1709 665 et
1725 632 1794 665 alv
1799 639 1863 664 um
1879 631 2009 677 laxat,

181 700 209 727 a
225 691 410 734 patribus
426 692 534 741 ipter
547 689 774 724 medicinas
789 688 832 722 in
845 689 1023 730 hydrope
1039 687 1241 730 proficuas
1259 691 1483 723 numerata.
1546 683 1751 720 Xanmor
1753 682 1880 719 rluza
1897 695 2008 730 apu-

171 745 295 797 folia
319 747 443 787 Heriu
474 744 732 787 suffruticosa
753 746 897 787 planta
925 745 1008 789 est,
1039 742 1082 777 in
1105 742 1299 778 America
1323 743 1478 778 boreali
1500 742 1658 786 passim
1682 745 1760 779 obv
1763 741 1817 778 ia.
1876 743 2009 785 Hujus

178 804 300 840 radix
328 806 367 839 et
393 758 572 850 nglmm‚
602 800 743 836 resina
771 807 914 835 amara
943 800 981 834 et
1011 798 1211 841 principio
1241 799 1590 834 flavo-colorante
1614 799 1786 846 foetum,
1817 797 2010 834 virtutem

182 860 359 896 tonicam
389 858 567 894 exserite
613 853 830 890 Paeoniae
858 854 1046 897 vulgaris
1073 854 1243 890 notitiae
1273 858 1388 901 sunt,
1422 862 1459 891 et
1480 855 1777 892 vetustissimis
1798 854 2010 898 magorum

179 914 419 959 praestigiis
441 913 644 948 famosae.
700 913 854 948 Planta
876 920 902 947 a
923 909 1093 944 Paeone
1116 911 1364 948 medicorum
1379 912 1451 947 deo
1469 912 1596 959 dicta,
1625 913 1711 955 jam
1727 911 1915 959 Orphicis
1931 914 2009 947 hoc

179 971 345 1007 nomine
373 973 508 1015 grata,
542 971 581 1003 et
608 968 652 1004 in
674 969 850 1004 Hecates
878 969 993 1003 horto
1024 966 1213 1003 fabuloso
1235 970 1357 1004 culta.
1416 965 1607 1003 Paenula
1630 964 1864 1018 officinalis
1887 966 2010 1004 Linn.

178 1021 453 1074 (γλυκυσίδη,
474 1025 593 1061 hodie
608 1020 762 1068 μάκος,
781 1018 1005 1072 ληγουνιά,
1023 1024 1309 1072 Pfingstrose),
1328 1024 1371 1060 in
1385 1025 1573 1068 Europae
1590 1024 1789 1061 australis
1805 1023 2009 1060 montibus

177 1091 390 1129 crescens,
421 1081 580 1125 passim
602 1081 646 1117 in
675 1081 803 1117 hortis
833 1083 965 1127 culta,
998 1080 1108 1116 foliis
1137 1089 1320 1128 morosa,
1350 1079 1445 1116 flore
1476 1081 1628 1117 rustice
1657 1084 1856 1127 superba,
1888 1081 2009 1116 odore

178 1141 412 1175 temulenta.
470 1138 607 1174 Radix
636 1147 778 1174 recens
808 1138 1185 1183 narcotico-acris,
1216 1137 1330 1173 sicca
1353 1136 1437 1172 fere
1459 1137 1570 1173 iners
1595 1142 1668 1175 est.
1727 1139 1874 1174 Petala
1894 1138 2010 1174 sicca

181 1192 354 1239 (Flores
385 1192 528 1230 Rosae
557 1192 800 1229 benedictae
829 1204 863 1231 s.
894 1193 1059 1240 regiae)
1092 1193 1710 1242 mucilaginosa·dulciuscula,
1749 1195 1904 1230 modice
1933 1195 2010 1229 ad-

177 1252 444 1300 stringentia‚
476 1251 626 1287 exoleti
656 1252 763 1295 apud
793 1251 973 1287 medicos
1003 1261 1106 1287 usus
1130 1255 1238 1287 snut.
1297 1250 1464 1286 Semina
1485 1251 1668 1286 recentia
1691 1251 1858 1286 emesim
1881 1251 2004 1298 cient,

178 1308 293 1346 Sicca
315 1311 457 1345 oleosa
481 1312 516 1343 et
543 1307 657 1343 mitia
682 1311 790 1344 sunt.
848 1308 1055 1343 Paeoniae
1078 1308 1278 1350 plurimae
1300 1307 1344 1342 in
1367 1308 1530 1349 Europa
1553 1307 1748 1353 australi,
1781 1307 1824 1342 in
1847 1308 2010 1342 Oriente

179 1368 219 1402 et
233 1365 340 1401 Asia
356 1365 490 1415 media
506 1367 758 1411 crescentes,
790 1363 1034 1401 officinalem
1050 1364 1229 1406 speciem
1253 1365 1396 1399 decore
1419 1364 1602 1399 vincunt.
1661 1361 1877 1397 Paeoniae
1901 1373 2010 1397 ano-

178 1420 319 1455 malae
336 1421 477 1469 Linn.‚
508 1422 551 1457 in
569 1421 720 1457 Sibiria
736 1421 979 1469 crescentis,
1011 1420 1132 1456 radix
1147 1423 1299 1463 absque
1313 1420 1484 1456 notabili
1501 1420 1691 1456 acredine
1716 1428 1878 1468 amara,
1907 1420 2011 1456 Vio-

177 1479 245 1514 lae
269 1479 389 1514 odore
412 1478 577 1524 suavis,
609 1477 652 1513 in
674 1474 856 1513 febribus
878 1477 1239 1513 intermittentibus
1263 1478 1462 1513 salutaris
1491 1477 1737 1520 perhibetur.
1795 1474 2011 1511 Paeoniae

175 1531 402 1581 albaeflorae
417 1536 525 1571 Pall.
541 1534 661 1570 radix
676 1534 719 1570 in
732 1534 912 1577 jusculis
929 1534 1164 1570 comeditur.
1226 1534 1410 1570 Maxima
1434 1534 1540 1570 inter
1564 1536 1777 1569 hortenses
1795 1530 2010 1568 Paeoniae

177 1588 360 1626 Monam
378 1592 500 1628 Sims.
524 1592 657 1636 gloria
680 1595 762 1636 est,
793 1590 954 1627 fruticis
977 1591 1295 1638 arborescentis,
1327 1591 1371 1625 in
1393 1591 1548 1626 Cliinae
1566 1590 1745 1626 borealis
1770 1594 1904 1638 monte
1926 1591 2010 1625 Ηο-

179 1657 263 1684 nan
280 1649 516 1695 spontanei,
549 1651 587 1684 et
604 1657 628 1684 a
644 1648 786 1684 multis
803 1651 908 1683 retro
924 1647 1106 1683 saeculis
1122 1647 1164 1682 in
1180 1647 1371 1682 Sinarum
1387 1647 1514 1682 hortis
1532 1647 1643 1682 culti.
1689 1648 1824 1694 Hunc,
1849 1650 2011 1690 patrum

175 1705 370 1741 memoria
393 1713 417 1740 a
432 1704 615 1741 Banksio
632 1704 674 1739 in
691 1706 896 1747 Europam
910 1704 1203 1752 introductum,
1233 1703 1416 1740 maxima
1430 1704 1654 1741 etiamnum
1669 1712 1768 1741 cura
1783 1703 2010 1742 Adonistae

177 1763 313 1810 alunt,
344 1760 487 1798 fronde
501 1760 746 1804 floribusque
761 1761 864 1798 mire
880 1761 1084 1796 decorum.

564 1882 738 1928 ordo
771 1879 1090 1928 CLXXXI.
1156 1881 1620 1930 Bcrberideae.

318 1982 516 2032 Herbae
544 2001 588 2032 v.
606 1982 849 2047 frutices,
895 1984 1036 2031 caule
1075 1984 1310 2048 ramisque
1346 1983 1602 2043 teretibus,
1649 2001 1793 2032 succo
1832 2001 2004 2048 aqueo.

174 2055 318 2102 Folia
348 2055 552 2113 alterna,
584 2055 835 2119 petiolata,
875 2055 1259 2118 iinparipinnata‚
1299 2055 1791 2119 supradecomposita‚
1831 2073 1874 2104 v.
1897 2057 2010 2119 pin-

174 2126 546 2173 nati-ternative
593 2135 748 2184 secta,
793 2126 1070 2189 saepissime
1116 2135 1433 2173 mucronato·
1477 2143 1526 2174 v.
1573 2128 2008 2191 spinoso-serrata,

170 2198 417 2260 primaria
447 2197 753 2261 exstipulata‚
794 2198 982 2260 saepius
1013 2196 1261 2256 abortiva,
1299 2198 1346 2243 in
1378 2198 1556 2261 spinam
1587 2199 1873 2262 simplicem,
1922 2199 2008 2245 tri-

175 2265 314 2315 fidam
365 2284 408 2315 v.
454 2269 1087 2332 imparipinnati‘wamosam
1140 2277 1338 2326 mutata,
1400 2284 1462 2315 ex
1513 2269 1656 2315 axilla
1709 2270 2009 2333 proferentia

177 2338 403 2385 ramulum
432 2337 786 2397 brevissimum,
820 2339 922 2386 basi
952 2340 1156 2403 squamis
1187 2339 1447 2386 imbricatis
1480 2339 1715 2404 (gemmae
1748 2341 2006 2387 terminalis

178 2407 522 2473 hybernaculo)
573 2410 835 2467 obtectum,
897 2410 1031 2473 apice
1075 2410 1203 2457 foliis
1249 2407 1542 2458 Secundariis
1590 2420 1830 2471 onustum,
1895 2411 2010 2458 folia

176 2481 473 2527 secundaria
504 2481 757 2544 simplicia,
789 2481 1030 2543 stipulata,
1072 2481 1419 2527 confertissime
1452 2482 1660 2540 alterna,
1702 2484 2011 2546 integerrima

178 2567 222 2598 v.
255 2551 695 2613 spinoso-serrata,
741 2552 980 2598 rarissime
1020 2552 1232 2615 pinnata,
1281 2552 1476 2615 ste'ymlzsss·
1511 2553 1820 2615 petiolaribus
1861 2554 2012 2616 gemi-

178 2621 273 2678 nis,
322 2621 543 2679 minimis,
593 2620 801 2669 caducis.
875 2623 1049 2670 Flores
1077 2623 1306 2685 perfecti,
1354 2623 1600 2686 regulares
1636 2625 1893 2685 (rarissime
1923 2640 2009 2688 pe-

179 2692 371 2754 rigonio
414 2691 672 2751 destituti),
720 2694 766 2739 in
805 2691 1082 2756 pedunculis
1118 2692 1392 2740 axillaribus
1425 2694 1648 2752 solitarii,
1695 2696 1931 2742 racemosi
1962 2712 2006 2742 v.

177 2762 450 2826 paniculati.
531 2765 687 2825 Calyoe
724 2762 871 2822 liber,
915 2762 1544 2828 tri-tetra-enneaphyllus,
1590 2765 1767 2812 foliolis
1806 2766 2008 2829 simplici

178 2850 226 2882 v.
261 2834 439 2897 triplici
471 2835 594 2882 serie
629 2833 914 2898 dispositisf
934 2849 1078 2898 saepe
1110 2835 1360 2893 coloratis,
1401 2836 1590 2882 omnino
1624 2835 1881 2894 distinctis,
1921 2853 2009 2899 per

179 2905 540 2952 aestivationem
579 2905 844 2952 alternatim
883 2905 1160 2953 imbricatis.
1242 2907 1471 2954 Corollac
1511 2907 1666 2970 petala
1697 2907 2005 2970 receptaculo

182 2975 383 3033 inserta,
417 2976 464 3022 in
498 2976 664 3041 calyce
697 2977 999 3040 pluriseriato
1033 2975 1246 3040 ejusdem
1277 2977 1454 3024 foliolis
1486 2994 1679 3025 numero
1712 2979 1927 3043 aequalia
1959 2987 2009 3026 et

182 3048 421 3109 opposita,
468 3048 515 3094 in
556 3048 815 3095 uniseriato
856 3047 1019 3112 dupla,
1064 3048 1168 3096 basi
1207 3064 1352 3113 saepe
1395 3047 1724 3112 higlandulosa
1766 3067 1810 3097 v.
1850 3067 2006 3112 ungue

181 3132 299 3179 poro
339 3117 569 3175 instructo
607 3127 687 3166 aut
724 3118 956 3166 interdum
996 3119 1254 3168 calcaratO.
1328 3121 1552 3168 Stamina
1589 3120 1896 3185 receptaculo
1935 3121 2008 3168 iu·

181 3196 334 3244 serta,
368 3189 538 3250 petalis
570 3206 763 3237 numero
796 3190 1013 3254 aequalia
1044 3199 1092 3238 et
1123 3192 1359 3255 opposita,
1392 3208 1501 3239 raro
1527 3192 1679 3255 plura.
1731 3193 2007 3240 Fe'lamenta

181 3258 368 3316 brevia,
416 3260 737 3322 complanata,
787 3278 930 3325 saepe
969 3262 1241 3320 imitabilia,
1288 3263 1528 3310 rarissime
1567 3263 1822 3310 fililorinia.
1891 3265 2006 3312 An-

184 3330 353 3375 iberae
400 3337 672 3390 extroisac‚
725 3331 1037 3392 biloculares‚
1091 3333 1262 3381 loculis
1309 3335 1560 3398 oppositis,
1608 3332 1813 3392 adnatis,
1860 3350 2005 3383 mein-

183 3399 328 3447 brana
360 3402 601 3450 exteriore
634 3418 661 3450 a
694 3404 976 3452 connectivo
1009 3404 1204 3453 elasticc
1237 3405 1414 3463 soluta,
1460 3421 1638 3453 sursum
1676 3406 1912 3464 revoluta,
1959 3421 2004 3454 v.

184 3470 292 3519 hinc
338 3471 512 3532 soluta,
559 3474 762 3536 reflexa,
808 3475 1046 3525 ralissime
1093 3476 1211 3526 rima
1255 3473 1583 3541 longitudinali
1631 3475 2001 3527 dehiscentibus,

979 3644 1003 3659 J
