2147 3756
973 131 1050 179 (35

100 307 257 355 obviis,
287 308 419 343 culmo
443 303 642 349 imprimis
667 303 807 354 enodi,
844 303 1092 348 saepissime
1116 303 1334 346 angulato,
1366 304 1405 338 et
1421 310 1473 338 ex
1488 301 1581 345 ipsa
1598 301 1704 338 facie
1719 303 1827 338 haud
1846 301 1925 338 dir-

96 365 228 401 ficilis.
285 363 529 399 Restiaceae
545 362 686 399 habitu
704 362 908 398 consimili
923 363 1118 406 donatae,
1147 359 1310 403 vaginis
1326 358 1436 396 fissis
1453 359 1759 406 dignoscuntur,
1791 359 1926 395 fructu

96 421 257 457 trimero
274 424 312 455 et
328 422 545 462 embryone
562 420 763 463 antitropo
780 418 1100 455 diversissimae.

237 498 666 555 Geographia.
725 505 987 548 cyperaceae
1002 501 1245 547 hygrobiae,
1268 499 1472 537 latissime
1489 509 1560 543 per
1576 502 1774 536 terrarum
1790 503 1925 537 orbem

97 563 269 598 diffusae
286 566 323 597 et
341 573 362 598 e
385 565 499 598 nullo
525 562 688 598 climate
712 564 876 607 exules,
907 561 950 596 in
975 559 1136 604 frigidis
1160 559 1473 601 hemisphaerae
1497 556 1672 592 borealis
1696 558 1925 600 specierum

96 619 327 662 frequentia
351 629 440 655 cum
466 619 698 655 Gramineis
724 621 892 654 certant.
952 616 1153 652 Minuitur
1173 625 1320 650 versus
1346 618 1605 656 aequatorem
1630 613 1862 657 Scirporum
1887 619 1927 649 et

94 676 285 712 Caricum
301 686 514 722 numerus,
546 675 746 718 plurimae
769 674 964 709 montium
991 672 1208 708 celsiorum
1233 671 1366 706 rorida
1390 674 1528 713 petunt
1555 674 1675 712 prata
1698 674 1734 705 et
1759 671 1925 713 alpinas

93 734 296 779 uligines,
334 733 511 770 rariores
534 732 577 768 in
606 731 869 775 planitierum
899 729 1118 772 paludibus
1151 731 1189 763 et
1218 728 1396 764 littorum
1428 726 1675 763 marinorum
1706 727 1927 762 aestuariis

92 791 292 826 habitant.
353 791 432 824 Sed
448 789 489 824 in
507 790 747 824 immensum
764 790 936 829 augetur
951 786 1057 820 inter
1080 785 1253 827 tropicos
1273 785 1521 827 Cyperorum
1545 784 1681 830 copia,
1714 783 1923 819 fluminum

92 846 319 890 ingentium
348 846 489 881 littora
519 849 558 880 et
587 846 800 886 sylvarum
833 846 1091 877 aeternarum
1122 851 1332 887 recessus,
1365 843 1557 883 depresso
1588 843 1675 876 solo
1700 842 1925 887 madentes,

92 911 311 938 numerosa
344 903 458 943 prole
494 904 651 936 tenens.
723 901 768 935 In
809 898 1161 941 temperatioribus
1198 901 1237 932 et
1275 897 1577 940 frigidiusculis
1614 896 1925 939 hemisphaerae

91 958 290 994 australis
313 957 459 992 minori
483 965 604 999 quam
628 957 734 999 apud
760 965 834 991 nos
853 955 1083 998 frequentia
1099 953 1266 999 obviae,
1297 954 1530 989 Restiaceis
1547 957 1584 989 et
1603 954 1925 997 Centrolepideis

90 1016 223 1050 locum
242 1016 401 1049 cedunt.
446 1015 678 1048 Nonnullae
695 1012 856 1055 species
875 1011 1077 1047 latissime
1094 1020 1166 1054 per
1184 1014 1381 1046 terrarum
1398 1013 1533 1046 orbem
1549 1012 1766 1059 vulgatae,
1798 1019 1924 1053 quae-

90 1071 183 1107 dam
198 1070 304 1106 inter
320 1070 495 1113 tropicos
512 1070 726 1112 utriusque
744 1069 991 1105 continentis
1008 1067 1280 1111 reperiuntur.

232 1148 596 1202 finalitates
615 1157 653 1190 et
668 1159 839 1194 usus.
870 1153 1147 1198 Qualitatibus
1166 1151 1431 1188 aGramineis
1443 1151 1704 1195 cyperaceae
1721 1151 1762 1187 in
1781 1161 1826 1188 eo
1845 1152 1925 1187 dif-

89 1206 249 1257 ferunt',
282 1214 386 1255 quod
402 1212 592 1248 sacchari
608 1216 647 1247 et
663 1212 824 1247 seculae
842 1220 985 1255 parum
1003 1210 1251 1255 contineant,
1270 1211 1426 1244 culmos
1444 1212 1482 1243 et
1500 1209 1600 1244 folia
1617 1209 1820 1252 proferant
1841 1209 1926 1244 fere

90 1278 290 1315 exsucca,
319 1269 443 1312 pauci
458 1270 501 1304 in
518 1268 747 1304 nutriendis
765 1268 981 1311 pecoribus
998 1277 1121 1315 usus,
1151 1275 1227 1302 nec
1244 1265 1404 1301 semina
1419 1266 1629 1308 perficiant
1653 1266 1695 1301 in
1720 1274 1925 1301 annonam

87 1326 373 1361 convertenda.
432 1326 675 1361 Rhizomata
697 1325 968 1367 plurimarum
992 1325 1185 1366 majorem
1213 1326 1346 1359 tamen
1378 1322 1506 1364 amyli
1535 1323 1759 1365 portionem
1790 1323 1926 1358 conti-

87 1386 205 1429 nent,
238 1382 305 1417 cui
328 1382 563 1418 substantia
586 1381 821 1417 amaricans
840 1385 876 1416 et
893 1381 972 1416 olei
989 1378 1201 1416 aromatici
1219 1379 1438 1422 quidquam
1456 1379 1680 1430 admixtum
1696 1389 1789 1415 esse
1805 1382 1924 1424 solet,

85 1441 188 1475 haec
217 1439 322 1474 inter
351 1439 624 1475 medicamina
648 1438 873 1483 solventia,
906 1437 1204 1482 diaphoretica,
1236 1436 1438 1471 diuretica
1462 1437 1558 1471 olim
1583 1441 1760 1479 recepta.
1818 1439 1925 1473 Lar—

86 1497 176 1540 gior
197 1500 259 1532 est
283 1496 327 1531 in
350 1496 560 1532 tuberibus
586 1495 794 1538 (caulium
819 1495 997 1529 nondum
1020 1496 1271 1529 evolutorum
1287 1493 1458 1528 basibus
1474 1493 1724 1537 hypogaeis]
1743 1493 1925 1536 cypero-

87 1563 177 1588 rum
192 1555 481 1588 nonnullorum
504 1552 584 1587 olei
608 1551 821 1587 aromatici
845 1555 882 1586 et
907 1550 1164 1587 substantiae
1187 1549 1442 1586 extractivae
1466 1549 1732 1585 amaricantis
1759 1550 1924 1595 quanti-

87 1613 174 1656 tas',
205 1610 313 1645 unde
332 1609 811 1644 tonico-stimulantibus
827 1608 987 1643 viribus
1005 1609 1173 1651 pollent.
1230 1608 1277 1642 In
1295 1607 1546 1649 quorundam
1562 1606 1774 1643 tuberibus
1790 1610 1923 1644 oleum

85 1667 235 1711 pingue
252 1668 388 1709 amylo
404 1666 629 1702 admixtum
645 1668 720 1701 est.

232 1734 429 1771 Curicum
466 1736 710 1771 nostratium
749 1734 911 1771 radices
949 1733 1247 1781 amaricantes,
1292 1732 1440 1769 leviter
1472 1737 1779 1781 camphoratae,
1825 1735 1925 1772 olim

86 1793 394 1837 Sassaparillae
423 1795 512 1828 loco
542 1792 586 1828 in
625 1792 837 1828 cachexiis
875 1791 1099 1835 herpeticis
1129 1795 1168 1828 et
1205 1790 1459 1834 syphiliticis
1497 1792 1706 1834 adhibitae
1744 1791 1921 1828 fuerunt.

82 1850 221 1886 Radix
253 1848 419 1884 Carae‘cv’s
451 1848 684 1883 arenariae
710 1848 755 1885 L.
788 1848 950 1893 [Radix
973 1848 1180 1885 Graminis
1210 1847 1377 1890 majoris
1409 1857 1441 1884 s.
1466 1848 1601 1893 rubri]
1632 1848 1849 1886 hodiedum
1878 1850 1923 1885 in

83 1907 258 1943 officinis
276 1907 518 1949 quibusdam
536 1916 627 1942 cum
647 1904 690 1942 C.
709 1903 986 1940 intermediae
1004 1906 1126 1941 Good.
1152 1909 1191 1940 et
1218 1902 1260 1941 C.
1278 1901 1425 1938 hirtae
1440 1903 1486 1940 L.
1509 1906 1803 1943 rhizomatibus
1826 1916 1924 1951 pro-

83 1968 184 2013 stat,
216 1966 327 2000 mala
342 1963 487 1999 fraude
502 1963 703 1999 interdum
720 1962 912 1999 Smilacis
929 1962 1140 1999 radicibus
1157 1962 1355 1998 admixta.

226 2032 368 2080 Sm‘rpv’
387 2032 595 2069 lacustrv‘s
618 2032 662 2069 L.
688 2035 808 2069 radix
831 2033 1113 2081 adstringens,
1147 2033 1369 2079 diuretica,
1400 2032 1580 2069 radicem
1604 2032 1737 2078 Scirpi
1755 2035 1922 2078 majoris

84 2103 117 2128 s.
141 2091 265 2128 Junci
288 2092 457 2127 maximi
488 2086 742 2127 officinarum
771 2095 955 2127 veterum
987 2091 1111 2127 sistit.
1185 2087 1410 2123 Remz‘reae
1439 2090 1670 2127 maritimae
1699 2093 1845 2136 Aubl.,
1877 2093 1922 2128 in

83 2149 276 2185 America
300 2148 456 2191 tropica
475 2148 684 2194 vulgaris,
717 2148 837 2183 radix
860 2147 1142 2183 vehementius
1168 2146 1449 2190 diaphoretica
1471 2150 1509 2183 et
1531 2147 1732 2183 diuretica
1755 2149 1918 2184 dicitur.

84 2203 319 2251 Ermphorz·
346 2205 575 2248 specierum
606 2204 848 2240 nostratium
878 2206 1005 2240 herba
1029 2202 1189 2247 (Herba
1211 2203 1495 2248 Linagrostis]
1519 2205 1614 2240 olim
1638 2205 1681 2240 in
1706 2205 1921 2241 diarrhoea

83 2263 390 2309 administrata,
423 2263 608 2298 medulla
625 2261 802 2305 fungosa
817 2261 1016 2297 Taeniam
1032 2261 1196 2308 necari,
1225 2260 1371 2296 rustici
1387 2264 1545 2305 putant.
1604 2263 1778 2298 Decocto
1801 2262 1920 2298 folio-

81 2330 171 2356 rum
197 2318 353 2366 cyperi
378 2317 478 2354 11·ιά
506 2317 552 2355 L.
581 2318 869 2355 intestinorum
898 2317 1142 2355 torminibus
1170 2319 1404 2367 medentur,
1435 2321 1475 2354 et
1503 2328 1668 2356 menses
1695 2319 1921 2356 sollicitare

82 2379 213 2413 solent
227 2376 331 2414 Indi.
1503 2368 1511 2375 ’

227 2445 484 2494 Qzsperorum
512 2436 690 2494 (Cypbri
711 2444 888 2481 rotundi
908 2444 954 2484 L.
979 2449 1017 2482 et
1037 2445 1194 2493 cyperi
1213 2443 1330 2493 long-1·
1341 2445 1387 2480 L.
1409 2445 1667 2490 aliarumque
1688 2447 1918 2491 specierum

83 2505 125 2540 in
139 2507 305 2548 Europa
321 2504 496 2540 australi
513 2509 551 2540 et
574 2504 618 2540 in
637 2504 746 2540 Asia
773 2504 968 2540 calidiore
985 2503 1281 2547 crescentium)
1301 2506 1444 2539 tubera
1459 2504 1664 2539 radicalia
1678 2505 1917 2551 aromatica,

82 2570 244 2606 amara,
276 2561 371 2596 olim
388 2560 493 2596 inter
507 2561 687 2597 remedia
703 2561 961 2597 stimulantia
979 2560 1232 2603 frequentius
1254 2560 1423 2596 usitata.
1485 2557 1734 2607 Kylh‘ngz'ae
1752 2561 1919 2607 tricipi-

85 2618 139 2652 tis
162 2617 208 2654 L.
231 2618 274 2653 in
295 2617 626 2653 India·orientali
649 2618 872 2654 crescentis
897 2618 1017 2653 radix
1042 2627 1135 2653 cum
1158 2613 1574 2653 nonnulla‘acredine
1597 2619 1841 2666 aromatica,
1873 2618 1918 2654 in

82 2675 234 2711 morbis
251 2674 425 2710 atonicis
450 2678 488 2709 et>
511 2673 554 2709 in
581 2674 741 2710 diabete
762 2675 969 2711 laudatur.
1030 2675 1290 2718 congeneres
1305 2674 1579 2710 Americanae
1601 2674 1737 2710 minus
1759 2678 1916 2720 valent,

81 2734 209 2775 major
232 2734 293 2767 est
316 2730 360 2765 in
382 2739 488 2765 novo
507 2733 603 2767 orbe
625 2727 1125 2777 Mat-isciaphylle‘vahl.
1141 2739 1255 2766 usus.
1318 2728 1476 2776 Cypere·
1488 2729 1696 2765 esculenta·
1707 2729 1754 2768 L.
1771 2732 1813 2768 in
1828 2734 1917 2767 Eu-

81 2797 181 2832 ropa
196 2787 442 2824 australiore
457 2787 667 2823 nascentis
685 2790 827 2823 tubera
844 2785 991 2831 (vulgo
1007 2786 1310 2831 Erdmandeln]
1328 2791 1488 2830 praeter
1503 2791 1746 2823 saccharum
1769 2798 1915 2832 purum

80 2847 275 2888 majorem
292 2845 372 2880 olei
387 2844 575 2888 pinguis,
609 2853 699 2879 raro
717 2845 759 2879 in
777 2847 1010 2888 plantarum
1029 2844 1214 2886 partibus
1230 2844 1456 2887 hypogaeis
1474 2847 1682 2893 exemplo,
1707 2846 1916 2889 quantita-

82 2906 161 2939 tem
176 2903 396 2939 continent.
455 2901 705 2945 cyperorum
722 2901 766 2938 in
782 2901 1033 2937 conficienda
1047 2910 1204 2944 papyro
1221 2900 1462 2937 notissimus
1477 2910 1596 2938 usus.

338 3079 638 3140 Classis
674 3081 902 3139 XIII.
974 3079 1654 3140 Enanfioblastae.

222 3214 447 3273 Herbae
487 3215 739 3274 caulibus
776 3214 1117 3294 simplicibus
1153 3235 1204 3274 v.
1242 3215 1500 3290 ramosiS‚
1552 3213 1702 3273 foliis
1739 3215 1913 3275 alter-

81 3298 195 3374 nis,
251 3299 372 3357 basi
412 3300 819 3377 vaginantibuS,
885 3300 1277 3378 integerrimis,
1341 3300 1567 3358 floribus
1625 3301 1910 3380 perigenio

78 3384 367 3463 paleaceO‚
412 3404 462 3442 v.
500 3386 788 3460 biset-iato,
832 3385 1092 3444 interiore
1128 3387 1348 3465 saepius
1393 3385 1659 3443 corollino
1702 3387 1911 3445 instru-

81 3471 212 3545 ctis,
271 3470 613 3548 germinibus
654 3469 869 3544 liberis,
929 3471 1148 3549 saepius
1205 3470 1479 3548 pluribuS,
1539 3469 1808 3529 distinctis
1859 3491 1906 3527 v.

1485 3564 1516 3615 5
