2147 3756
1054 163 1057 165 >
1088 83 1202 134 518

615 292 785 338 ordo
815 290 1094 338 ccxlss.
1157 291 1676 342 Biittneriaeeae·

375 393 620 452 Arbores,
651 391 868 456 fivcte'ces·
904 408 948 439 v.
984 389 1287 456 saffrate'cc’s‘,
1334 395 1485 442 erecti
1524 404 1603 442 aut
1645 393 1875 444 interdum
1915 413 2052 445 scan-

237 463 426 522 dentes,
473 466 623 512 rarius
655 464 861 521 herbae,
907 479 1089 510 annuae
1120 481 1162 510 v.
1195 480 1455 527 perennes,
1504 466 1626 528 pube
1659 467 1841 513 stellata
1871 476 1950 514 aut
1979 468 2050 514 bi·

240 536 393 593 furca,
428 537 576 583 rarius
610 533 835 596 lepidota.
911 535 1054 582 Folia
1085 535 1290 592 alterna,
1327 537 1572 597 petiolata,
1607 537 1855 600 simplicia,
1888 539 2052 600 penni-

235 607 399 654 ncrvia
423 623 465 653 v.
492 604 867 668 palmatinervia,
901 605 1110 667 integra,
1146 605 1415 668 pinnatilida
1446 623 1489 655 v.
1517 609 1701 670 saepius
1731 608 2048 670 palmatiloba,

237 676 424 725 dentata
456 693 500 723 v.
533 683 737 731 serrata,
778 675 1016 722 rarissime
1049 676 1373 738 integerrima.
1447 678 1670 740 Ste'palae
1702 677 1761 724 ad
1792 678 1936 724 hasim
1968 695 2052 741 pe·
2078 706 2082 708 -

234 748 454 795 tiolorum
488 744 690 802 liberae,
725 743 979 803 deciduae,
1012 747 1165 792 rarius
1198 747 1432 795 foliaceae
1465 757 1513 795 et
1542 749 1878 811 persistentes,
1910 750 2053 795 raris-

236 819 352 865 sime
392 816 563 863 nullae.
635 817 807 863 Flores
843 817 1045 880 perfecti
1084 818 1356 881 regulares,
1406 819 1627 865 axillares
1665 836 1708 866 v.
1743 819 2052 883 oppositifolii

235 889 388 935 rarius
419 886 801 945 subterminales,
841 887 1122 951 paniculati,
1171 890 1336 952 spicati
1368 906 1413 938 v.
1449 890 1724 952 glomerati,
1765 889 1875 936 nudi
1905 907 1948 937 v.
1981 891 2052 936 in-

237 957 474 1007 volucello
507 957 772 1005 unilaterali
803 967 883 1005 aut
912 958 1171 1016 ambiente,
1220 961 1370 1007 rarius
1403 960 1646 1007 involucro
1688 961 1918 1007 communi
1955 977 2054 1007 mu-

237 1029 343 1076 niti.
438 1030 595 1092 Calyx
642 1028 928 1087 herbaceus,
979 1030 1361 1077 membranaceus
1404 1047 1451 1079 v.
1503 1032 1773 1088 coriaceus,
1820 1030 2054 1077 interdum

236 1099 498 1156 coloratus,
546 1097 1078 1163 quadri-quinqucfidus
1117 1117 1159 1147 v.
1199 1103 1420 1163 partitus,
1467 1103 1779 1148 aestivatione
1823 1103 2051 1149 valvatus.

241 1171 438 1217 Corolla
463 1162 686 1228 nullasv.
711 1171 866 1234 petala
897 1172 1073 1234 calyeis
1100 1172 1282 1217 laciniis
1309 1186 1499 1218 numero
1532 1172 1746 1234 aequalia
1777 1180 1824 1219 et
1854 1172 2052 1230 alterna,

233 1241 542 1303 receptaculo
576 1242 775 1299 inserta,
816 1243 1140 1304 unguiculata,
1181 1259 1301 1289 nunc
1333 1243 1492 1305 plana,
1532 1243 1845 1289 aestivatione
1879 1259 2055 1289 convo-

234 1312 377 1359 lutiva
423 1328 466 1358 v.
504 1313 714 1375 spiratim
755 1321 995 1369 contorta,
1044 1329 1165 1359 nune
1205 1313 1717 1370 concavo-fornicata,
1765 1328 1965 1376 superne
2005 1314 2053 1359 in

161 1431 163 1433 ,
233 1382 449 1430 laminam
496 1382 892 1445 ligulaeformem,
940 1381 1183 1429 indivisam
1223 1392 1302 1430 aut
1337 1385 1580 1447 partitam,
1627 1400 1768 1447 saepe
1810 1401 1912 1430 cum
1953 1383 2054 1432 tubi

234 1453 449 1499 staminei
496 1453 616 1511 lobis
664 1453 999 1500 cohaerentem
1046 1452 1300 1515 producta,
1363 1455 1674 1501 aestivatione
1721 1455 1936 1500 valvatim
1983 1455 2055 1500 in-

234 1522 491 1586 duplicata,
540 1524 845 1586 persistentia
881 1541 924 1572 v.
960 1522 1177 1572 decidua.
1253 1526 1474 1572 Stamina
1512 1525 1818 1587 receptaculo
1859 1526 2052 1583 inserta,

234 1610 357 1640 nunc
397 1594 562 1657 petalis
601 1611 794 1642 numero
841 1595 1060 1659 aequalia
1106 1603 1154 1642 et
1199 1596 1466 1658 opposital,
1518 1612 1639 1643 nunc
1687 1594 1826 1657 dupla
1871 1596 2054 1643 alterna

232 1665 410 1711 fertilia
441 1665 608 1728 petalis
642 1666 878 1728 opposita,
925 1682 1046 1711 nunc
1081 1665 1286 1729 multipla
1328 1667 1602 1723 uniseriata,
1651 1667 1832 1713 sterilia
1872 1666 2051 1729 ealyeis

233 1735 355 1782 lobis
401 1751 594 1782 numero
641 1737 857 1800 aequalia
901 1744 950 1782 et
990 1737 1204 1799 opposita
1245 1752 1347 1783 cum
1387 1736 1619 1783 fertilibus
1657 1737 1868 1800 pluribus
1910 1737 2053 1783 alter-

233 1806 415 1864 nantia,
449 1807 685 1854 rarissime
720 1808 874 1853 omnia
905 1806 1082 1853 fertilia
1115 1816 1162 1854 et
1195 1809 1384 1854 coalita.
1436 1810 1710 1855 Fz'lamenta
1743 1809 1787 1854 in
1822 1807 2052 1870 cupulam,

232 1876 391 1923 tubum
437 1886 518 1923 aut
563 1878 821 1924 columnam
869 1887 1089 1935 connata,
1138 1879 1375 1925 rarissime
1421 1879 1587 1925 libera.
1666 1880 1925 1926 Antherae
1972 1893 2055 1924 ex-

233 1954 416 1994 trorsae
466 1957 545 1994 aut
590 1949 743 1996 rarius
787 1948 1133 2007 subintrorsae,
1195 1950 1240 1995 in
1287 1950 1483 2011 singulis
1528 1949 1627 1995 tubi
1674 1950 1887 1996 staminei
1933 1948 2053 1995 lobis

234 2018 448 2080 singulae
486 2035 530 2064 v.
562 2020 801 2067 rarissime
842 2020 1002 2082 plures
1039 2020 1337 2067 transversim
1378 2021 1727 2083 superpositae,
1776 2028 1967 2067 erectae
2007 2035 2051 2067 v.

234 2089 580 2147 incumbentes,
614 2090 923 2148 biloculares,
964 2090 1131 2136 loculis
1157 2090 1291 2152 juxta
1324 2099 1466 2136 totam
1499 2089 1859 2152 longitudinem,
1901 2090 2053 2136 rarius

233 2175 385 2224 prope
432 2158 777 2223 apiccm'poro
822 2177 869 2208 v.
918 2161 1084 2207 rimula
1130 2160 1498 2207 dehiscentibus.
1594 2162 1792 2208 Germete
1840 2160 2051 2218 liberum,

234 2230 400 2277 sessile
445 2247 489 2276 v.
535 2231 746 2277 breviter
789 2232 1068 2293 stipitatum,
1117 2231 1651 2295 tetra-pentaphyllum,
1707 2232 1856 2277 rarius
1905 2231 2055 2294 pleio-

231 2309 311 2347 aut
343 2300 509 2347 abortu
549 2300 780 2347 interdum
821 2300 1279 2365 di-monophyllum,
1329 2301 1642 2365 carpidiorum
1683 2301 1967 2364 marginibus
2007 2302 2053 2347 in

235 2370 568 2434 dissepimenta
609 2373 872 2419 introssexis
914 2373 1174 2418 columnam
1209 2373 1463 2418 centralem
1496 2373 1833 2434 attingentibus
1866 2370 2054 2435 quadri-

233 2443 469 2506 quinque·
499 2459 541 2489 v.
575 2442 807 2489 interdum
841 2440 1237 2489 decemloculare.
1316 2444 1585 2490 Gemmalae
1618 2445 1660 2489 in
1696 2443 1857 2506 quovis
1896 2442 2053 2488 loculo

234 2513 477 2576 geminae,
535 2513 834 2560 collaterales
881 2522 961 2560 aut
1004 2514 1232 2577 plurimae
1280 2512 1559 2572 biseriatae,
1609 2511 1957 2560 adscendentes
2002 2529 2049 2560 v.

233 2583 662 2640 subhorizontales‚
697 2585 936 2631 rarissime
968 2584 1225 2648 pendulae,
1259 2593 1531 2648 anatropae.
1606 2585 1739 2646 Slylz‘
1765 2583 2051 2642 terminales,

231 2654 281 2700 in
311 2655 497 2700 unicum
530 2655 713 2712 coaliti3
745 2657 976 2717 stigmata
1010 2655 1268 2702 loculorum
1300 2671 1517 2712 numero,
1553 2664 1715 2701 erecta
1747 2671 1790 2703 v.
1823 2655 2048 2717 patentia.

232 2726 440 2773 Fructus
471 2726 709 2772 rarissime
750 2725 1075 2782 indehiseens‚
1124 2726 1396 2789 plerumque
1439 2726 1714 2788 capsularis,
1760 2724 2054 2770 membrana-

234 2811 370 2852 ceuS,
405 2797 651 2843 coriaceus
682 2813 728 2842 v.
764 2797 994 2858 lignosus,
1031 2794 1894 2860 quadri-quinque-deeemlocularis,
1928 2810 2049 2841 nune

232 2865 488 2913 loeulicide
523 2867 795 2924 dehiscens,
843 2868 987 2913 valvis
1021 2865 1173 2913 medio
1207 2876 1339 2929 septa
1378 2867 1566 2929 saepius
1608 2865 1786 2911 demum
1827 2859 2052 2928 bipartita

235 2936 532 2999 gerentibus,
580 2953 701 2983 nunc
747 2937 977 3000 septicidc
1024 2938 1069 2983 in
1116 2937 1350 2984 elementa
1397 2937 1588 2999 carpica
1632 2936 1834 2993 solutus,
1891 2937 2052 2983 coccis

233 3006 421 3054 tandem
453 3007 725 3054 hivalvibus.
800 3009 994 3054 Semina
1025 3008 1070 3053 in
1103 3008 1268 3054 loculis
1301 3022 1422 3052 nunc
1455 3008 1640 3069 gemina
1672 3024 1712 3053 v.
1747 3007 1912 3054 abortu
1945 3007 2052 3053 soli·

233 3078 377 3135 taria,
412 3093 532 3124 nunc
563 3079 781 3140 plurima,
815 3078 1087 3140 plerumque
1119 3077 1478 3134 adscendentia,
1512 3077 1784 3134 rotundata,
1820 3076 2050 3123 interdum

236 3164 508 3211 compressa
548 3157 595 3195 et
633 3164 834 3212 superne
875 3149 919 3194 in
959 3148 1076 3194 alam
1122 3148 1519 3196 membranaceam
1567 3148 1818 3211 producta,
1866 3149 2051 3210 integu-

235 3228 393 3265 mento
442 3229 691 3267 erustaeeo
738 3236 781 3266 v.
821 3219 1202 3276 membranaceo,
1252 3219 1345 3265 hilo
1391 3219 1582 3265 hasilari
1629 3236 1670 3265 v.
1711 3235 1856 3282 prope
1902 3218 2049 3264 basim

237 3289 443 3347 laterali,
493 3289 614 3337 nudo
647 3299 727 3336 aut
757 3290 1087 3353 strophiolatO.
1159 3290 1368 3352 Embryo
1401 3291 1527 3336 intra
1554 3289 1768 3336 albumen
1803 3304 2049 3335 carnosum

235 3373 282 3406 v.
318 3361 724 3423 mucilaginosum,
771 3377 892 3408 nunc
932 3361 1329 3418 exalbuminosuS‚
1378 3370 1536 3408 rectus
1575 3378 1617 3408 v.
1657 3360 1935 3423 homotrope
1973 3374 2050 3405 ar-

236 3439 423 3489 cuatus3
470 3432 836 3494 cotyledonz'bas
866 3432 1078 3481 carnosis
1108 3447 1151 3479 v.
1185 3447 1326 3498 saepe
1359 3431 1598 3490 foliaceiS,
1645 3431 1840 3495 integris
1871 3437 1951 3477 aut
1978 3427 2050 3477 bi-
