2147 3756
1064 101 1182 150 556

589 308 759 355 Ordo
790 306 1064 355 CCXXX.
1130 306 1656 366 Malpighiaeeae.

356 412 579 458 Arbores
623 427 668 457 v.
703 408 941 471 frutices,
1003 410 1142 456 ramis
1186 409 1419 457 interdum
1464 402 1817 469 scandentibus,
1876 413 2027 459 rarius

216 478 519 543 setff'r’zcte'cule'
561 481 732 536 erecti,
788 479 1060 541 saepissime
1106 479 1445 542 pubescentes,
1508 481 1629 543 pube
1675 497 1795 527 nunc
1842 497 1867 528 e
1913 483 2028 528 setis

218 549 371 596 medio
406 552 580 607 affixis,
628 549 892 606 urentibus,
926 566 1047 596 nunc
1082 566 1106 596 e
1139 549 1247 612 pilis
1279 552 1501 608 sericeis,
1543 552 1825 612 ferrugineis
1856 568 1899 598 v.
1933 568 2029 599 me-

220 620 694 676 tallico-nitentibus,
735 618 994 682 adpressis,
1038 620 1267 666 innocuis.
1343 622 1484 667 Folia
1516 622 1750 684 opposita,
1775 622 2030 668 'rarissime

219 698 423 746 tornata,
487 689 765 753 quandoque
818 689 1023 747 alterna,
1084 691 1332 753 petiolata,
1394 691 1646 754 simplicia,
1706 692 2029 753 penninervia,

220 761 546 823 integerrima,
595 761 748 805 rarius
789 758 979 807 dentata
1017 777 1058 807 v.
1092 761 1272 818 lobata,
1321 762 1498 824 petiolo
1541 778 1642 808 cum
1682 762 1815 808 caule
1856 763 2033 808 articu-

219 831 335 887 lato,
384 831 517 893 apice
565 831 751 892 saepius
797 830 1091 892 glanduloso.
1168 833 1388 894 Slipulae
1434 831 1492 878 ad
1538 832 1684 878 basini
1723 832 1888 895 petioli
1927 847 2033 879 sae-

219 902 407 964 pissime
447 901 689 962 gcminae,
738 902 859 947 infra
897 902 1165 959 articulum,
1213 904 1365 949 rarius
1396 919 1534 966 supra
1566 901 1763 949 eundem
1796 902 2032 960 laterales,

219 972 491 1034 plerumque
524 970 887 1018 rudimentariae
919 989 963 1019 v.
1001 974 1186 1018 omnino
1227 973 1494 1030 obsoletae,
1542 975 1691 1019 rarius
1730 972 2031 1034 majusculae,

220 1043 264 1087 in
312 1042 494 1088 unicam
549 1042 952 1104 interpetiolarem
1007 1044 1231 1101 coalitae,
1292 1061 1334 1091 v.
1382 1042 1614 1089 interdum
1668 1043 2031 1090 intraaxillares.

218 1113 390 1159 Florcs
427 1112 629 1175 perfecti
667 1129 712 1159 v.
747 1113 918 1159 abortu
955 1114 1280 1171 unisexuales,
1330 1112 1560 1160 interdum
1599 1115 1644 1159 in
1686 1113 1848 1159 eadem
1888 1114 2033 1176 stirpe

221 1181 476 1244 dimorphi,
522 1183 602 1228 alii
642 1185 912 1246 superiores
945 1185 1204 1241 normales,
1252 1184 1504 1230 inferiores
1538 1184 1735 1230 solitarii
1767 1183 2034 1241 abnormes,

222 1253 424 1310 corolla,
458 1253 729 1300 staminibus
762 1255 989 1317 stylisque
1022 1253 1370 1300 rudimentariis
1402 1253 1627 1317 praediti,
1668 1255 1847 1300 fructus
1879 1262 2035 1301 tamen

220 1323 461 1386 perfectos
522 1333 821 1371 maturantes.
915 1326 1285 1389 Inflorcscenle'a
1347 1324 1627 1388 corymbosa
1677 1341 1722 1372 v.
1774 1340 2034 1382 racemosa,

210 1394 438 1445 ,foliorum
472 1395 761 1456 superiorum
794 1395 962 1440 abortu
1002 1411 1144 1457 saepe
1184 1395 1444 1442 terminalis
1482 1404 1530 1441 et
1568 1395 1852 1459 composita,
1900 1394 2036 1458 pedi-

222 1464 354 1510 cellis
386 1464 484 1510 basi
516 1464 792 1522 bracteatis,
827 1464 980 1511 medio
1013 1466 1295 1526 articulatis,
1336 1467 1456 1512 infra
1488 1466 1733 1512 articulum
1765 1465 2039 1513 bibracteo-

221 1534 347 1581 latis.
450 1536 607 1597 Calyx
659 1535 800 1592 liber,
861 1535 1091 1599 profunde
1148 1536 1472 1600 quinquefidus
1528 1553 1569 1582 v.
1617 1537 2036 1599 quinquepartitus,

222 1605 453 1668 aequalis,
486 1606 772 1668 persistens,
804 1605 987 1652 laciniis
1020 1608 1331 1653 aestivatione
1364 1606 1559 1653 valvatis
1590 1623 1637 1655 v.
1674 1606 2036 1663 subimbricatis,

223 1675 307 1721 sub
348 1676 530 1722 anthesi
570 1676 841 1739 plerumque
875 1678 1255 1735 conniventibus,
1304 1677 1514 1724 omnibus
1547 1694 1587 1724 v.
1622 1678 1806 1739 saepius
1841 1686 2040 1740 quatuor

222 1747 311 1792 ima
356 1745 456 1792 basi
495 1746 833 1809 biglandulosis
872 1756 952 1794 aut
988 1749 1138 1794 rarius
1177 1747 1331 1796 medio
1371 1747 1764 1811 uniglandulosis,
1810 1763 1952 1810 saepe
1991 1748 2039 1794 in

223 1815 391 1863 codem
435 1833 612 1878 genere
660 1810 859 1864 naturali
906 1819 1045 1865 etiam
1091 1818 1430 1881 eglandulosis.
1514 1820 1740 1865 Corollae
1786 1818 1942 1881 petala
1989 1821 2036 1875 5,

222 1885 524 1933 immediatim
558 1888 862 1950 receptaculo
899 1905 944 1935 v.
977 1888 1109 1935 disco
1149 1906 1176 1936 a
1215 1890 1388 1954 calyce'
1421 1889 1594 1945 libero,
1641 1898 1721 1936 aut
1758 1888 1911 1936 eidem
1948 1889 2040 1935 ima

223 1956 324 2003 basi
370 1957 552 2004 demum
599 1957 965 2006 subadhaerenti
1010 1960 1209 2018 inserta,
1264 1960 1440 2024 calycis
1487 1960 1670 2006 laciniis
1716 1959 1920 2017 alterna,
1969 1958 2041 2005 di-

223 2029 393 2074 stincte
433 2030 733 2091 unguiculata
771 2038 849 2075 aut
886 2031 1123 2077 rarissime
1163 2030 1551 2092 exunguiculata,
1598 2031 1812 2093 aequalia
1849 2047 1895 2077 v.
1931 2029 2041 2075 sub-

216 2098 509 2161 inaequalia,
543 2100 852 2146 aestivatione
880 2100 1148 2159 imbricata,
1182 2101 1264 2147 sub
1291 2101 1477 2148 antliesi
1508 2101 1778 2163 plerumque
1810 2101 2041 2162 patentis-

223 2170 360 2225 sima,
409 2169 576 2214 lamina
616 2171 886 2233 saepissime
921 2187 1167 2229 concava„
1198 2172 1409 2234 margine
1449 2169 1758 2228 denticulata,
1808 2170 2041 2217 fimbriata

223 2255 268 2285 v.
310 2239 631 2302 integerrima.
719 2242 940 2287 Stamina
987 2258 1088 2288 cum
1133 2242 1301 2304 petalis
1347 2243 1547 2298 inserta,
1597 2240 1737 2304 duplo
1784 2240 2039 2288 eorundem

225 2325 439 2367 numero,
488 2327 608 2356 nunc
648 2311 802 2356 omnia
841 2311 1040 2368 fertilia,
1088 2312 1272 2359 alterna
1309 2312 1476 2374 petalis
1510 2313 1724 2375 opposita
1756 2328 1898 2375 saepe
1931 2311 2042 2359 bre-

224 2381 379 2436 viora,
442 2397 562 2427 nunc
602 2381 701 2437 illa,
751 2397 867 2443 quae
908 2383 1075 2445 petalis
1123 2383 1337 2445 opposita
1376 2391 1502 2441 sunt,
1550 2383 1703 2429 omnia
1735 2399 1778 2430 V.
1815 2383 2040 2446 pleraque

225 2450 407 2497 sterilia
446 2460 526 2497 aut
562 2451 696 2514 plane
738 2451 973 2510 abortiva,
1023 2452 1140 2516 quae
1181 2470 1283 2500 cum
1321 2453 1488 2516 petalis
1527 2454 1762 2499 alternant
1800 2470 1842 2499 v.
1885 2453 2039 2499 omnia

227 2521 440 2584 perfecta
472 2538 514 2567 v.
548 2521 772 2584 quaedam
804 2523 1008 2580 sterilia,
1057 2524 1186 2571 varie
1220 2522 1496 2570 deformata.
1572 2525 1842 2570 Fz'lamenta
1876 2523 2042 2569 filifor-

227 2592 316 2637 mia
340 2608 383 2638 v.
410 2592 644 2649 subulata,
677 2592 777 2638 basi
801 2593 924 2639 inter
949 2610 999 2641 se
1034 2603 1257 2651 connata,
1290 2595 1526 2641 rarissime
1560 2594 1727 2640 libera.
1784 2595 2042 2641 Anllzcrae

225 2662 478 2719 introrsae,
519 2662 830 2721 biloculares,
870 2667 1073 2711 'erectae
1104 2682 1147 2712 v.
1182 2665 1525 2723 incumbentes,
1573 2666 1694 2711 intus
1728 2662 2043 2726 longitudina-

225 2731 334 2779 liter
365 2731 695 2791 dehiscentes,
730 2736 1013 2782 connectivo
1046 2735 1330 2793 tenuissimo¹
1352 2751 1610 2802 v.¹crasso,
1643 2733 1872 2780 interdum
1904 2735 2040 2796 apice

225 2803 271 2848 in
304 2802 569 2865 glandulam
600 2803 859 2867 producto,
903 2804 1042 2853 dorso
1078 2822 1219 2870 saepe
1251 2806 1439 2855 villoso.
1521 2807 1719 2852 Ger-men
1753 2804 1971 2861 liberum,
2014 2819 2040 2851 e

227 2874 542 2938 carpophyllis
581 2874 728 2921 tribus
765 2892 808 2923 v.
840 2877 990 2923 rarius
1031 2875 1235 2934 duobus,
1285 2877 1331 2923 in
1370 2876 1448 2922 axi
1488 2875 1673 2921 coalitis
1711 2891 1757 2920 v.
1795 2875 1931 2937 apice
1972 2872 2043 2920 di-

225 2946 392 2990 scretis
438 2946 768 3007 compositum,
823 2947 923 2992 tri·
966 2963 1008 2994 v.
1055 2946 1286 2993 interdum
1332 2945 1609 2992 biloculare.
1703 2945 1942 2992 Gemmnla
1995 2945 2043 2991 in

227 3015 392 3078 quovis
424 3016 579 3061 loculo
612 3016 771 3072 unica,
805 3016 1014 3062 funiculo
1047 3016 1202 3074 brevi,
1236 3033 1296 3064 ex
1326 3017 1461 3078 apice
1495 3015 1653 3078 anguli
1686 3015 1907 3062 centralis
1938 3032 1982 3062 v.
2013 3031 2041 3062 e

228 3083 380 3131 medio
422 3084 754 3147 dissepimento
793 3085 997 3149 pendulo
1036 3087 1237 3144 inserta,
1284 3084 1580 3133 adscendens
1620 3102 1661 3133 v.
1696 3087 2041 3148 semianatrope

228 3156 455 3202 reclinata
490 3157 823 3219 (lycotropa),
871 3157 1077 3204 funiculo
1110 3156 1193 3203 sub
1227 3157 1594 3203 fructificatione
1635 3156 1811 3214 libero,
1860 3155 2040 3202 demum

228 3224 418 3274 adnato.
507 3227 640 3288 Scyle·
673 3228 795 3273 inter
834 3227 1231 3290 germinislobos
1273 3228 1474 3284 exserti,
1523 3236 1618 3274 tres
1658 3226 1866 3272 distincti
1911 3243 1955 3273 v.
1994 3226 2042 3272 in

230 3311 365 3341 unum
405 3298 617 3355 connati,
665 3296 970 3359 stigmatibus
1001 3297 1239 3354 indivisis,
1288 3299 1513 3344 truncatis
1545 3314 1591 3344 v.
1628 3295 1847 3345 dilatatis,
1925 3298 2043 3344 Car-

223 3367 364 3429 pz‘de'a
403 3367 493 3413 tria
531 3376 609 3414 aut
646 3367 811 3414 abortu
850 3369 1097 3431 pauciora,
1144 3369 1268 3414 inter
1305 3385 1355 3415 se
1395 3369 1494 3431 plus
1533 3369 1681 3414 minus
1728 3374 1953 3414 concreta
1996 3382 2040 3413 v.

231 3434 473 3495 distincta,
519 3438 792 3502 saepissime
825 3437 966 3487 dorso
999 3455 1040 3488 v.
1074 3439 1212 3487 etiam
1252 3438 1537 3502 marginibus
1576 3438 1622 3485 in
1660 3438 1757 3485 alas
1795 3436 2039 3501 producta,
