2147 3756
974 90 1093 144 583

130 268 223 312 pido
241 260 417 315 Disgtin3
448 276 552 309 (tuae
572 266 617 303 111
640 267 704 304 his
731 269 835 304 ultra
852 267 1033 310 citraque
1049 268 1266 314 germinat,
1298 269 1362 303 vel
1377 268 1491 305 succi
1510 268 1625 312 inops
1643 272 1722 318 est,
1754 280 1834 306 non
1851 272 1941 307 red·

128 324 263 360 ditura
293 323 501 366 colligenti
530 333 676 367 operae
704 325 898 370 pretium,
929 326 997 359 rel
1027 325 1063 359 si
1096 324 1300 360 redditura
1329 323 1470 372 fuerit,
1501 327 1681 369 legulum
1704 336 1784 362 non
1806 329 1940 363 habet.

128 380 458 426 Quandoquidem
494 380 604 416 circa
633 377 811 426 Disgun,
843 382 1010 416 accolae
1039 381 1220 426 Arabes,
1252 389 1304 415 ex
1332 380 1602 416 tiansmarino
1634 382 1765 418 littore
1793 382 1941 428 coloni,

127 437 408 473 collectionem
437 446 643 480 nunquam
673 439 898 481 tentarunt,
931 435 1070 478 supini
1093 436 1160 471 ad
1159 445 1315 472 novum
1338 445 1460 483 opus,
1492 446 1568 472 nec
1592 438 1665 473 alii
1688 447 1807 481 quam
1830 439 1940 474 vitae

128 480 369 536 pastoritiae
391 493 517 539 sueti,
549 501 668 535 quam
691 493 843 527 ducunt
866 494 941 528 sub
966 492 1149 527 tentoriis
1165 492 1333 528 inertem
1350 497 1468 536 atque
1485 496 1656 530 tenuem.
1715 496 1829 530 Ultra
1845 503 1940 530 vero

128 552 256 585 herba
272 550 503 585 dulcescere
519 549 666 583 dicitur
680 553 718 583 01
735 548 925 584 foetorem
940 557 1071 592 paene
1086 548 1127 583 in
1145 552 1300 584 tantum
1315 550 1496 596 exuisse,
1513 552 1556 585 ut
1573 558 1784 592 caprarum
1796 560 1939 594 greges

128 605 242 641 foliis
265 610 485 641 vescantur
507 606 626 641 avide
648 608 686 639 et
708 614 844 640 eorum
860 614 933 641 esu
948 605 1048 640 mire
1066 605 1355 651 pinguescant,
1387 608 1490 648 quod
1508 609 1549 640 ut
1567 608 1778 652 succedat,
1810 606 1941 649 pridie

128 666 223 698 ante
238 662 525 697 admissionem
542 662 630 696 sale
645 664 851 706 montano,
882 671 957 697 nec
975 661 1085 696 aliud
1103 661 1167 696 hic
1183 662 1380 707 suppetit,
1412 665 1537 698 semel
1553 661 1736 709 cibandi,
1770 662 1941 697 admissi

126 727 224 755 vero
255 718 396 761 primis
425 718 728 760 quatuordecim
758 718 900 753 diebus
931 720 981 754 ab
1012 718 1120 752 omni
1142 721 1238 761 potu
1260 718 1424 753 arcendi
1446 722 1554 754 sunt.
1615 717 1771 756 Crescit
1791 719 1941 754 Ferula

127 777 223 811 Asa
239 774 388 809 foetida
406 774 632 816 promiscue
647 773 688 808 in
706 774 860 816 tesquis
875 778 913 810 et
929 774 1204 817 crepidinibus
1216 801 1225 819 ,
1249 774 1489 816 ubicumque
1506 777 1655 811 avulsa
1669 775 1827 823 semina
1842 783 1943 810 ven-

127 835 194 867 tus
212 831 438 874 protulerit3
468 831 634 866 uberius
649 839 744 866 vero
768 834 807 866 et
827 828 952 873 'saepe
974 841 1026 867 ex
1051 831 1184 873 pedali
1209 831 1426 866 intervallo
1449 831 1492 866 in
1507 832 1631 877 locis,
1661 830 1730 874 qui
1747 832 1942 873 quodam-

127 888 242 924 modo
259 891 492 929 premuntur
506 887 547 922 in
564 886 796 935 planitiem,
821 887 969 930 quippe
985 887 1132 923 semini
1149 887 1357 923 retinendo
1374 892 1412 922 et
1428 878 1476 923 ob
1493 888 1698 923 meliorem
1714 887 1830 922 fundi
1846 896 1942 922 con-

127 944 322 980 ditionem
345 942 518 989 fovendo
541 943 779 985 aptioribus.
838 945 975 979 Solum
997 938 1119 984 habet
1140 952 1230 979 raro
1254 946 1377 979 udum
1393 947 1463 979 aut
1480 944 1632 987 puriori
1648 948 1754 979 terra
1772 943 1940 978 foecun-

127 1001 242 1043 dum,
275 999 525 1041 frequentius
541 999 786 1042 intersperso
801 999 898 1035 limo
914 1000 1171 1047 sabulosum,
1203 1004 1400 1036 saxosum
1416 1005 1455 1036 et.
1470 1001 1647 1046 aridum,
1681 1004 1738 1048 et,
1764 1009 1881 1042 quem
1898 999 1940 1034 in

123 1055 342 1099 superficie
356 1065 435 1090 non
451 1055 631 1103 invenit,
649 1056 774 1092 altius
790 1060 884 1092 acta
900 1056 1058 1102 radice,
1077 1066 1128 1091 ex
1143 1057 1340 1099 profundo
1356 1059 1561 1092 humorem
1579 1057 1722 1093 allicit.
1768 1058 1942 1092 Plantae

126 1112 332 1155 duplicem
359 1113 608 1149 Heratenses
636 1112 888 1149 constituunt
915 1113 1112 1158 speciem,
1144 1121 1266 1148 unam
1290 1104 1499 1159 Ηίηςῖεὲὴ
1522 1113 1692 1160 dictam,
1724 1121 1844 1155 quam
1868 1113 1942 1147 ad-

126 1169 287 1206 firmant
314 1178 409 1205 esse
436 1172 691 1216 montanam,
722 1172 761 1205 et
790 1171 1035 1213 sylvestrem
1057 1169 1397 1216 Disgunensium3
1429 1172 1599 1205 alteram
1629 1160 1818 1213 Husjeffle,
1850 1168 1942 1204 sive

126 1229 396 1269 campestrem
418 1235 549 1262 suam.
601 1228 727 1262 «Illam
749 1227 864 1269 ajunt
884 1228 1109 1269 lacrymam
1132 1226 1292 1262 stillare
1314 1234 1500 1272 parcam,
1531 1226 1769 1261 macriorem
1793 1228 1830 1261 et
1853 1224 1941 1260 vir-

126 1282 226 1318 tutis
257 1282 484 1328 debilioris,
515 1285 621 1319 hanc
649 1292 747 1319 vero
770 1285 1036 1321 Heratensem
1064 1285 1183 1326 larga
1212 1291 1335 1318 manu
1364 1281 1607 1326 profundere
1628 1275 1880 1326 pinguior‘em
1903 1284 1943 1316 et

126 1338 398 1386 foetidiorem,
431 1341 611 1383 adeoque
632 1340 765 1385 magis
789 1344 1076 1383 praestantem.
1133 1341 1300 1375 Nullum
1315 1338 1422 1374 inter
1436 1338 1647 1381 utriusque
1662 1339 1744 1374 loci
1758 1341 1943 1382 plantam

126 1405 220 1432 esse
243 1395 460 1431 discrimen
481 1396 772 1444 Kaempferus,
803 1398 873 1439 qui
887 1395 1087 1441 Hingiseli
1110 1399 1149 1432 et
1163 1394 1319 1439 Husjeh
1340 1395 1652 1431 accuratissime
1675 1393 1940 1441 comparavit,

126 1453 349 1498 contendit,
381 1452 587 1489 affirmans
605 1453 890 1489 Heratensium
908 1456 1090 1496 plantam
1107 1462 1132 1488 a
1147 1452 1398 1496 Disgunensi
1413 1450 1493 1488 non
1511 1452 1664 1498 differe,
1687 1452 1771 1488 nisi
1786 1451 1943 1487 ratione

124 1508 206 1545 soli
226 1508 400 1553 natalis;
430 1511 533 1551 quod
555 1510 598 1544 in
621 1510 776 1552 campis
792 1506 1007 1546 Klrorasan
1030 1509 1219 1545 fortassis
1240 1509 1433 1552 pinguius
1464 1510 1527 1544 est
1556 1510 1736 1550 adeoque
1764 1508 1944 1543 radicem
2002 1553 2007 1555 Α

124 1564 273 1607 majori
288 1565 404 1601 succi
419 1569 619 1608 apparatu
633 1566 826 1610 instruat,
852 1566 893 1601 id
910 1567 1014 1608 quod
1029 1567 1211 1602 Larense
1222 1567 1365 1609 jugum
1381 1565 1521 1601 sterile
1536 1568 1650 1601 tanta
1664 1567 1847 1601 ubertate
1862 1573 1944 1599 non

124 1621 275 1667 possit3
304 1630 435 1663 neque
457 1622 668 1666 utriusque
690 1622 925 1665 provinciae
938 1625 1146 1665 lacrymas
1162 1622 1268 1658 inter
1289 1632 1335 1658 se
1357 1624 1532 1657 collatas
1553 1624 1641 1657 ulla
1664 1623 1858 1664 praebere
1880 1619 1944 1655 di-

123 1686 272 1714 versae
301 1677 454 1720 speciei
475 1678 673 1725 vestigia,
704 1683 864 1721 praeter
883 1679 1154 1724 differentias,
1187 1686 1291 1720 quas
1316 1687 1369 1713 ex
1392 1678 1592 1713 adulterio
1616 1680 1683 1713 vel
1705 1677 1957 1713 diversitate·

126 1735 319 1777 temporis
349 1737 388 1769 et
417 1734 593 1781 ordinis,
626 1744 703 1778 quo
727 1737 924 1771 collectae
948 1738 1063 1781 sunt,
1095 1734 1316 1770 obtineant.
1373 1733 1589 1777 Duplicem
1611 1736 1778 1776 plantae
1800 1742 1945 1770 sexum

123 1790 386 1834 Disgunense
414 1793 567 1835 vulgus
600 1788 828 1837 constituit,
858 1800 993 1827 mares
1023 1793 1239 1834 appellans
1268 1793 1432 1833 plantas
1462 1790 1577 1826 succi
1599 1793 1808 1837 expertes,
1839 1798 1944 1832 quae

127 1849 287 1883 caulem
309 1850 348 1882 et
370 1847 414 1883 in
438 1856 484 1882 eo
506 1857 643 1884 semen
659 1847 849 1894 gignant,
883 1857 909 1884 a
924 1848 1044 1890 cujus
1059 1847 1321 1890 productione
1335 1846 1532 1883 radicitus
1550 1846 1794 1893 moriantur,
1827 1845 1947 1881 femi-

126 1913 205 1940 nas
235 1912 331 1939 vero
354 1912 475 1947 succo
498 1904 716 1951 gravidas,
747 1906 819 1940 sed
842 1904 934 1940 sine
959 1906 1091 1940 caule.
1148 1905 1274 1939 Nulla
1294 1907 1427 1939 tamen
1448 1905 1616 1946 plantae
1634 1903 1945 1946 monocarpicae
1973 1907 1978 1910 “

127 1960 248 1996 radix
275 1960 502 2006 invenitur,
535 1969 638 2003 quae
667 1964 762 1997 ante
791 1960 949 1997 ferulae
978 1960 1281 2003 productionem
1308 1962 1446 2006 laesa,
1479 1968 1647 1996 succum
1674 1969 1756 1995 non
1779 1959 1943 2005 fundat3

127 2019 200 2054 aut
231 2025 335 2058 quae
364 2026 440 2053 suo
469 2016 553 2052 fato
583 2018 727 2054 relicta
756 2017 799 2053 111
820 2019 978 2053 caulem
1000 2017 1134 2053 serius
1156 2016 1270 2053 ocius
1292 2025 1374 2052 non
1397 2020 1609 2063 exsurgat,
1641 2025 1718 2059 quo
1737 2017 1943 2062 producto,

127 2076 330 2109 exhausto
352 2074 501 2118 quippe
523 2074 642 2110 vitali
662 2073 840 2121 liquore,
872 2074 1025 2110 arescit
1047 2077 1168 2116 atque
1189 2073 1346 2120 interit.;
1376 2073 1481 2116 quod
1504 2072 1543 2108 ei
1561 2082 1652 2109 cum
1667 2071 1946 2108 Umbelliferis

125 2128 333 2174 plerisque
355 2130 452 2166 aliis
468 2139 678 2167 commune
694 2140 804 2177 esse,
836 2134 943 2166 recte
957 2134 1090 2166 monet
1106 2138 1222 2172 quem
1238 2130 1446 2172 sequimur
1461 2132 1614 2165 auctor.
1670 2127 1946 2173 Longaevita-

129 2190 207 2223 tem
221 2214 231 2233 ,
264 2187 397 2232 ajunt,
429 2186 560 2222 radici
581 2188 724 2223 miram
747 2196 860 2234 esse,
892 2189 932 2222 et
954 2188 1157 2222 aemulam
1179 2186 1293 2222 vitae
1314 2189 1536 2232 humanae,
1569 2194 1620 2220 ex
1636 2194 1712 2228 quo
1728 2185 1946 2221 immanem

127 2243 350 2286 aliquando
365 2243 683 2287 magnitudinem
701 2243 889 2290 assequi,
918 2252 999 2278 non
1016 2246 1077 2279 est
1091 2241 1251 2278 mirum.
1310 2242 1354 2277 Si
1369 2242 1450 2278 loci
1465 2241 1639 2277 conditio
1656 2241 1778 2288 ferat,
1810 2241 1946 2277 necin

129 2299 326 2345 ferulam,
358 2300 461 2342 quod
484 2299 701 2342 aliquando
725 2299 881 2347 evenit,
911 2299 1042 2343 prima
1065 2302 1199 2334 aetate
1221 2298 1753 2348 efferatur,‘longitudinem
1777 2306 1948 2344 orgyae‚

129 2365 180 2393 ac
210 2364 334 2400 perae
353 2357 558 2392 humanae
579 2356 809 2392 crassitiem
833 2355 998 2398 assequi
1020 2355 1241 2402 affirmant,
1274 2364 1363 2391 cum
1386 2355 1544 2390 mediae
1567 2354 1715 2390 aetatis
1738 2357 1797 2390 est
1822 2362 1946 2390 surae

128 2422 170 2450 v.
200 2412 377 2460 brachii,
423 2421 601 2449 annuam
629 2413 794 2456 pollicis
827 2412 1056 2448 crassitiem
1085 2411 1297 2458 exhibere,
1343 2411 1411 2447 cui
1448 2410 1656 2454 longitudo
1690 2410 1947 2454 proportione

130 2479 290 2512 semper
324 2470 581 2512 respondeat.
653 2469 866 2506 Hirsutum
901 2469 1011 2505 fibris
1049 2472 1169 2512 caput
1206 2467 1355 2504 aetatis
1386 2467 1511 2503 index
1539 2470 1613 2504 est.
1687 2467 1827 2503 Omnis
1856 2467 1948 2503 Asa

130 2526 282 2562 foetida
312 2535 364 2561 ex
392 2525 530 2562 radice
559 2529 699 2562 manat
727 2526 936 2571 sauciata,
980 2527 1098 2561 nulla
1125 2534 1178 2560 ex
1206 2525 1395 2561 caulibus
1424 2527 1569 2567 sponte
1600 2523 1745 2570 effluit,
1787 2533 1828 2560 v.
1858 2525 1946 2559 arte

130 2581 383 2625 exprimitur.
441 2582 577 2619 Radix
598 2582 862 2624 quadriennio
891 2582 1024 2618 minor
1052 2590 1196 2625 parum
1224 2581 1431 2627 lactescit,
1464 2584 1503 2616 et
1530 2589 1737 2622 nunquam
1764 2582 1948 2626 secatur;

129 2648 208 2682 quo
238 2643 372 2674 autem
401 2639 600 2674 vetustior
627 2643 666 2674 et
695 2641 825 2682 major
853 2643 934 2686 est,
979 2647 1026 2674 eo
1055 2639 1248 2681 majorem
1275 2639 1483 2680 lacrymae
1511 2636 1739 2680 impertitur
1772 2636 1946 2680 copiam.

130 2696 305 2732 Exemta
334 2697 498 2741 tellure,
545 2695 583 2731 si
611 2697 678 2731 vel
707 2695 899 2738 postridie
926 2699 1106 2742 secetur,
1145 2697 1253 2730 lacte
1284 2697 1417 2729 tamen
1452 2693 1646 2740 stillabit,
1686 2694 1786 2729 adeo
1824 2691 1948 2728 nimi-

130 2761 219 2788 rum
249 2760 372 2787 succo
401 2751 565 2797 diffluit,
597 2760 624 2787 a
652 2761 730 2794 quo
759 2752 944 2788 insolens
972 2753 1130 2794 pondus
1160 2750 1325 2787 obtinet.
1381 2752 1429 2786 In
1459 2754 1738 2785 transversum
1769 2744 1948 2784 dissecta

132 2817 333 2845 summum
355 2806 514 2844 discum
535 2807 743 2851 perfundit
764 2817 906 2853 succo,
938 2808 1007 2850 qui
1028 2808 1072 2843 in
1093 2807 1310 2843 continuas
1330 2806 1466 2849 spiras
1489 2809 1630 2850 argute
1646 2805 1946 2841 circumductus

131 2866 323 2908 pullulat.
379 2865 611 2907 Inspectam
640 2864 834 2900 attentius
855 2864 1058 2907 duplicem
1080 2865 1246 2906 prodere
1268 2863 1537 2899 substantiam
1562 2861 1830 2904 Kaempferus
1852 2869 1946 2904 per-

132 2921 261 2967 hibet3
292 2919 418 2956 aliam
439 2920 651 2957 firmiorem
674 2921 934 2967 etrfibratam,
964 2920 1076 2955 fibris
1097 2929 1170 2965 per
1188 2918 1482 2962 longitudinem
1505 2925 1608 2962 vago
1626 2917 1761 2960 positu
1786 2917 1948 2953 discur-

133 2977 336 3023 rentibus,
367 2977 492 3012 aliam
506 2977 638 3020 magis
653 2976 912 3020 spongiosam
924 3001 934 3021 ,
957 2984 1222 3018 congenerem
1239 2977 1276 3009 et
1290 2973 1532 3020 molliorem;
1562 2976 1668 3008 hanc
1685 2975 1736 3009 ad
1751 2974 1948 3016 liquorem

132 3033 405 3080 retinendum,
430 3035 469 3067 et
485 3032 528 3068 in
543 3032 730 3068 utriculis
746 3031 834 3068 suis
851 3033 1152 3073 excoquendum
1166 3033 1306 3066 natam
1320 3040 1412 3066 esse
1424 3033 1551 3076 putat,
1574 3029 1687 3065 illam
1704 3031 1753 3065 ad
1773 3030 1948 3066 funden-

136 3090 227 3125 dum
241 3116 251 3136 ,
283 3091 322 3125 et
335 3097 406 3132 pro
422 3088 637 3124 nutrienda
650 3087 775 3131 stirpe
792 3088 1150 3133 transvehendum,
1177 3088 1403 3130 symbolum
1420 3086 1542 3123 etiam
1557 3086 1737 3122 conferre
1754 3088 1805 3122 ad
1820 3085 1947 3122 firmi-

136 3149 259 3182 tatem
284 3146 486 3188 quandam
508 3143 640 3181 radici
662 3143 906 3190 fragillimae
923 3143 1235 3179 conciliandam.
1292 3143 1537 3178 Exsiccatae
1552 3142 1682 3178 radici
1696 3143 1799 3185 perit
1814 3142 1946 3179 omnis

135 3202 294 3239 mollior
307 3201 557 3250 substantia,
581 3201 726 3238 librata
739 3204 938 3247 remanet,
964 3198 1059 3235 etin
1077 3203 1290 3245 stuppeam
1307 3199 1426 3242 quasi
1441 3200 1659 3235 medullam
1675 3198 1946 3245 contraliitur3

138 3259 232 3294 dum
253 3267 428 3302 rugosus
451 3261 590 3294 cortex
603 3266 746 3300 parum
762 3258 810 3292 de
826 3255 1093 3300 amplitudine
1109 3264 1186 3295 sua
1201 3255 1360 3291 amittit.
1419 3258 1576 3292 Succus
1591 3263 1732 3291 recens
1749 3264 1947 3291 emanans

138 3314 475 3362 candidissimus,
512 3313 694 3357 liquidus
721 3316 761 3350 et
788 3312 957 3357 pinguis
984 3315 1068 3360 est,
1098 3311 1185 3348 flori
1213 3312 1337 3348 lactis
1369 3312 1499 3348 dulcis
1529 3314 1670 3359 exacte
1697 3311 1944 3358 simillimus,

140 3370 351 3413 omnisque
372 3370 542 3407 lentoris
564 3379 730 3416 expers,
761 3371 814 3406 ad
829 3368 938 3406 ae'ris
955 3371 1090 3405 autem
1105 3370 1144 3404 et
1158 3368 1261 3406 solis
1277 3372 1501 3406 contactum
1518 3370 1690 3403 colorem
1705 3366 1945 3404 subfuscum

139 3426 272 3464 induit
301 3429 339 3465 et
367 3426 576 3467 coalescit.
631 3427 776 3465 Foetor
796 3415 961 3466 virtutis
974 3424 1126 3475 index,
1157 3433 1234 3472 quo
1256 3426 1385 3472 major
1405 3427 1487 3475 est,
1519 3433 1565 3462 eo
1586 3423 1794 3466 meliorem
1815 3422 1946 3462 Asam
1969 3468 1978 3472 ,
