2147 3756
197 321 321 357 5448.
352 316 640 361 Calophyllum
658 313 783 356 Lae'nn.
1132 318 1258 353 5451.
1287 315 1528 360 Apoterium
1549 314 1684 353 Blum.

407 367 589 420 Bintagof
609 367 782 413 Rmnplz.
1133 376 1257 410 5452.
1290 375 1681 415 Stelechospermum
1700 370 1833 409 Blum.

198 419 323 455 5449.
354 418 499 461 Kayea
526 415 656 454 n‘all.
1132 432 1257 467 5453.
1290 431 1568 473 Gynotroches
1585 427 1723 466 Reum.

310 508 534 553 Genea
567 511 748 554 duma.

197 601 322 639 5450.
353 602 538 638 Rlieedia
554 599 679 639 Le'mz.
1133 589 1258 623 5455·
1290 589 1518 622 Mfflfflffl'ea
1536 581 1656 620 dubl·

408 651 517 685 Van—
529 651 703 685 Rheedia
718 650 846 685 Plum-
1132 639 1257 694 545}
1289 645 1416 679 Soa-la
1433 640 1586 677 Blanc.

223 737 550 783 Affinitas.
610 746 713 780 Ordo
743 741 1131 788 'Pernstro'mlaceis‚
1177 741 1530 786 Marcgraviaceis
1563 743 1602 777 et
1624 739 1912 784 Hyperictneis

82 799 222 838 affinis
246 806 325 847 est,
358 810 383 836 a
408 802 554 844 quibus
579 800 691 836 foliis
715 801 934 845 oppositis,
967 809 1058 834 cum
1085 801 1302 841 embryone
1327 799 1637 834 exalbuminoso
1653 797 1912 844 combinatis,

85 857 283 894 facillime
309 858 585 901 distinguitur.
644 859 690 892 In
715 857 954 892 universum
978 856 1221 892 Clusiaceae
1244 855 1398 897 plantis
1423 856 1557 891 minus
1582 855 1756 900 cognitis
1781 856 1913 890 adnu-

83 916 322 959 merandae,
363 919 398 948 et
430 922 580 957 genera
612 915 750 957 plura,
784 922 952 955 quorum
981 913 1133 949 limites
1162 913 1342 948 nondum
1373 912 1476 949 satis
1508 911 1830 960 circumscripti,
1862 921 1915 947 ex

83 971 225 1014 aliqua
241 970 436 1014 analogia
452 971 503 1005 ad
520 978 620 1005 suas
640 970 768 1006 tribus
785 972 930 1006 relata.

229 1033 662 1090 Geographia.
721 1040 993 1076 paucissimis
1018 1040 1061 1075 in
1083 1038 1278 1075 America
1301 1038 1457 1075 boreali
1481 1039 1670 1076 calidiori
1692 1039 1917 1076 crescenti-

84 1101 161 1136 bus
192 1098 396 1145 exceptis,
428 1097 534 1133 inter
565 1097 742 1140 tropicos
772 1098 977 1144 habitant,
1008 1097 1053 1132 in
1075 1096 1272 1133 America
1303 1096 1554 1140 frequentius
1583 1106 1704 1140 quam
1734 1097 1779 1133 in
1806 1097 1916 1133 Asia.

81 1159 323 1202 nascentes,
362 1155 404 1190 in
434 1153 602 1200 Africa,
641 1157 685 1190 ut
716 1155 899 1203 videtur,
938 1163 1069 1190 rarae.
1128 1153 1321 1189 Clusieae
1351 1158 1390 1189 et>
1419 1156 1691 1190 Moronobeae
1719 1154 1763 1189 in
1791 1155 1917 1190 Ame-

83 1212 190 1257 rica‚
224 1212 469 1248 Garcinieae
498 1211 543 1247 in
565 1211 674 1248 Asia
702 1211 862 1249 vivunt.
925 1208 1170 1258 Calopleyllz·
1195 1220 1326 1255 genus
1356 1211 1635 1259 amphigeum,
1666 1211 1918 1248 contribules

83 1268 296 1306 asiaticae.

224 1332 587 1385 Qualitates
623 1342 662 1376 et
688 1344 860 1378 usus.
923 1337 1172 1378 elusim-eae
1194 1348 1319 1376 succo
1341 1340 1502 1383 turgent
1523 1337 1673 1374 flavido
1688 1347 1730 1374 v.
1745 1337 1918 1386 virente,

85 1396 155 1442 qui
171 1396 369 1439 liquatam
387 1407 476 1432 cum
502 1399 590 1432 oleo
616 1400 803 1433 aethereo
827 1396 1007 1434 resinam
1031 1406 1188 1445 acrem,
1219 1400 1424 1441 gummate
1447 1396 1490 1431 in
1516 1395 1613 1432 aliis
1637 1399 1917 1441 temperatam,

83 1454 281 1498 puriusve
312 1454 356 1489 in
387 1454 484 1490 aliis
515 1454 757 1490 emicantem
786 1457 963 1500 vehens,
1012 1454 1204 1497 copiosus
1234 1463 1258 1489 e
1289 1453 1423 1489 trunci
1453 1461 1710 1489 ramorumve
1746 1455 1920 1488 vulnere

85 1514 240 1558 manat,
272 1514 394 1553 atque
410 1512 463 1546 ad
480 1515 711 1547 contactum
729 1512 838 1547 aeris
854 1512 1123 1557 inspissatus,
1148 1511 1370 1555 pictoribus
1387 1513 1561 1547 colorem
1573 1537 1583 1557 ,
1606 1509 1777 1546 medicis
1794 1512 1919 1552 phar-

82 1577 228 1604 macon
251 1570 437 1614 praebet,
470 1571 516 1603 ob
548 1569 738 1603 virtutem
768 1568 1232 1614 stimulanti-tonicam,
1264 1567 1495 1602 abdominis
1525 1567 1759 1602 visceribus
1793 1575 1920 1602 mem-

84 1624 306 1666 branisque
322 1624 505 1660 mucosis
522 1624 721 1667 imprimis
738 1625 934 1671 amicam,
966 1634 1046 1660 non
1063 1624 1189 1660 infimi
1205 1623 1396 1660 nominis.
1437 1626 1735 1659 Nonnullarum
1750 1625 1921 1666 lympha

82 1681 273 1717 resinosa
303 1681 479 1723 spissior
501 1681 608 1724 picis
630 1684 718 1716 loco
744 1685 820 1717 est.
878 1682 1141 1727 Quarundam
1163 1684 1315 1716 baccae
1340 1690 1477 1727 muco,
1510 1683 1709 1716 saccharo
1733 1684 1771 1715 et
1800 1679 1919 1715 acido

85 1738 227 1775 citrico
247 1738 397 1786 foetae,
430 1738 570 1782 gustui
587 1738 864 1782 gratissimae.
921 1738 1199 1775 Plurimarum
1214 1737 1375 1775 semina
1390 1740 1545 1775 oleosa.
1602 1737 1781 1781 Lignum
1805 1746 1920 1782 egre-

20 1849 23 1850 γ
83 1795 151 1840 gie
167 1795 300 1831 durat.

227 1862 533 1900 Hebradendri
559 1863 857 1912 cambogn‘oidis
887 1867 1009 1902 Grah.
1041 1863 1313 1910 (Cambogiae
1342 1867 1489 1902 Guttae
1518 1863 1661 1913 Linn.‚
1694 1866 1854 1902 Gokata
1885 1874 1920 1902 S.

83 1923 205 1959 Kana
221 1924 386 1958 Goraka
403 1921 603 1970 Cingam,
630 1923 789 1959 arboris
806 1923 848 1958 in
860 1924 1042 1967 Ceylona
1058 1923 1296 1969 crescentis,
1321 1922 1601 1959 verisimiliter
1616 1931 1708 1958 cum
1724 1923 1921 1958 Buddliae

85 1979 219 2017 sacris
243 1979 286 2015 in
309 1983 416 2015 hanc
442 1979 623 2015 insulam
647 1991 669 2015 e
685 1980 797 2016 Siam
822 1982 1040 2026 advectae,
1074 1989 1225 2016 succus
1250 1982 1346 2016 aere
1369 1983 1408 2016 et
1431 1981 1518 2016 sole
1535 1980 1731 2016 densatus
1752 1976 1922 2013 Gummi

89 2034 258 2072 Guttae-
271 2036 433 2072 nomine
448 2036 491 2071 in
516 2036 693 2072 officinis
717 2041 800 2085 est,
830 2045 973 2073 massa
997 2037 1152 2083 solida,
1186 2036 1446 2082 duriuscula‚
1477 2039 1749 2083 homogenea‚
1781 2036 1922 2080 puris-

88 2093 216 2140 s1ma‚
256 2096 582 2139 croceo-rubra,
624 2102 772 2140 opaca,
812 2094 1075 2141 laevissima,
1113 2093 1265 2141 nitida,
1313 2093 1494 2141 fragilis,
1540 2103 1611 2136 pro
1641 2093 1825 2129 maxima
1853 2092 1923 2129 sui

83 2155 200 2195 parte
223 2161 245 2186 e
268 2151 408 2187 resina
430 2150 615 2197 propria,
647 2161 717 2193 pro
742 2151 896 2186 minore
920 2161 942 2186 e
966 2155 1169 2196 gummate
1193 2154 1231 2187 et
1253 2151 1423 2187 materie
1447 2152 1663 2193 amylacea
1680 2150 1921 2197 composita,

82 2208 235 2244 virtute
251 2216 446 2251 purgans.
508 2210 641 2243 Multa
657 2207 772 2243 succi
788 2208 951 2244 venalis
968 2208 1152 2246 varietas
1164 2234 1174 2254 ,
1205 2217 1338 2244 merce
1355 2207 1478 2243 etiam
1498 2217 1549 2243 ex
1566 2207 1662 2243 ali1s
1680 2207 1922 2244 contribuli-

84 2267 192 2311 huss
232 2262 488 2311 Stalagmite
520 2262 749 2313 ovalz'folm
779 2266 827 2301 R.
859 2266 948 2312 Br.,
998 2262 1211 2299 Gara-iaia
1249 2262 1476 2310 zeylam’ca
1506 2266 1660 2311 Roxb.,
1709 2261 1923 2298 Garez'm‘a

90 2319 217 2371 Coma
231 2323 360 2357 Roxb.
386 2325 425 2356 et.
450 2318 662 2355 Garcz'm'a
683 2330 841 2355 cornea
856 2323 986 2358 Roxb.
1012 2321 1210 2358 derivata.
1273 2318 1508 2355 Gara-imae
1528 2319 1779 2367 Cambogz'ae
1803 2323 1921 2358 Desr.

86 2378 245 2415 arboris
274 2378 553 2414 malabaricae
582 2388 733 2414 succus
756 2378 1010 2421 inspissatus
1034 2381 1084 2414 ab
1110 2377 1363 2414 officinarum
1388 2380 1512 2414 Gutta
1535 2381 1615 2413 toto
1641 2380 1753 2414 coelo
1777 2378 1922 2425 differt,

89 2439 201 2471 tactu
231 2435 456 2482 elasticus,
487 2437 622 2470 colore
652 2435 846 2483 citrinus,
878 2437 965 2470 oleo
989 2438 1177 2471 aethereo
1201 2434 1355 2481 foetus,
1386 2434 1537 2470 virtute
1560 2438 1761 2479 purgante
1783 2435 1925 2478 priva-

88 2495 170 2528 tus.
232 2492 422 2527 Croceam
445 2491 644 2534 pictorum
670 2493 833 2528 Guttam
856 2500 909 2527 ex
933 2489 1244 2526 Hebradendro
1261 2490 1449 2538 pie-torio
1469 2494 1589 2528 Grah.
1615 2491 1836 2536 (Garcinia
1857 2492 1923 2536 pi-

88 2547 218 2585 ctoria
233 2550 361 2584 Roxb.
365 2548 387 2592 )
407 2547 631 2584 derivatam
646 2551 805 2593 putant.

229 2620 341 2655 Inter
356 2618 614 2655 americanas
633 2616 804 2654 C'lusme
820 2627 970 2654 roseae
984 2618 1106 2655 Linn.
1122 2628 1276 2656 succus
1297 2619 1555 2667 balsameus‚
1588 2617 1776 2667 spissus,
1808 2627 1923 2655 ama-

89 2685 180 2722 ruS‚
214 2677 266 2712 ad
296 2680 449 2712 tactum
481 2676 590 2712 ae'ris
619 2676 861 2723 durescens,
893 2677 1128 2726 nigricans,
1167 2675 1492 2719 frequentissimi
1526 2686 1627 2712 usus
1658 2679 1741 2724 est,
1781 2678 1925 2712 Scam-

88 2733 216 2771 monii
247 2737 286 2769 et
317 2733 423 2776 picis
453 2734 556 2770 loco.
627 2730 797 2768 Οῖιιειαε
815 2729 970 2780 flavae
1000 2734 1121 2769 Linn.
1137 2761 1147 2781 ,
1193 2733 1237 2769 in
1265 2732 1440 2769 Antillis
1473 2732 1716 2780 crescentis,
1756 2734 1925 2777 lympha

90 2790 279 2826 resinosa
304 2787 451 2833 [vulgo
476 2790 754 2835 Hog—gummi
776 2789 1121 2834 Jamaicensium]
1153 2789 1321 2826 remedii
1353 2789 1578 2825 vulnerarii
1607 2790 1731 2825 laude
1760 2791 1923 2834 gaudet.

93 2844 263 2882 Clusz’ae
286 2845 463 2893 insignis
481 2849 602 2882 Mart.
620 2844 783 2892 [Apui]
806 2847 849 2882 in
866 2847 1049 2883 Brasilia
1071 2846 1311 2893 indigenae,
1343 2846 1462 2882 flores
1488 2856 1509 2881 e
1535 2850 1616 2881 toro
1631 2849 1677 2882 ‘et
1701 2845 1923 2882 staminum

90 2903 280 2949 congerie
311 2907 467 2940 tantam
497 2904 612 2939 succi
643 2904 800 2947 copiam
832 2906 1012 2951 plorant,
1058 2907 1104 2939 ut
1133 2914 1155 2939 e
1186 2904 1343 2939 duobus
1373 2902 1539 2939 floribus
1569 2901 1732 2939 resinae
1761 2903 1926 2938 unciam

89 2961 267 2998 Martius
303 2961 470 3009 legerit,
517 2969 621 3004 quae
661 2961 875 2997 exsiccata
913 2964 1085 2997 obscure
1124 2959 1245 2996 fusca
1284 2959 1384 3007 fuit,
1429 2959 1583 3006 nitida,
1629 2959 1783 3004 rigida,
1829 2960 1927 2995 trita

89 3018 254 3053 ochraci
277 3018 446 3066 coloris,
477 3028 499 3054 e
522 3018 743 3055 subresina
766 3020 806 3054 et
828 3017 984 3054 minore
999 3016 1164 3054 resinae
1181 3021 1217 3053 et
1234 3017 1493 3054 substantiae
1510 3017 1793 3053 albuminosae
1810 3020 1925 3062 parte

91 3074 329 3119 composita.

237 3128 406 3166 Clusiae
425 3128 720 3166 Pseudoeleinct
742 3132 870 3175 Popp.
882 3158 892 3179 ,
923 3130 968 3167 in
997 3130 1204 3167 montibus
1227 3130 1432 3167 Peruviae
1458 3102 1703 3177 crescentis,
1735 3130 1925 3166 corticem

91 3194 296 3234 amarum,
329 3188 518 3230 quamvis
536 3189 759 3225 tenuiorem
776 3192 815 3224 et
830 3188 967 3224 minus
983 3188 1211 3233 lignosum,
1246 3187 1391 3223 fraude
1416 3187 1511 3223 olim
1533 3187 1810 3223 immiscuisse
1834 3196 1924 3222 cor-

93 3244 243 3280 ticibus
275 3245 575 3281 Cinchonarum
604 3245 835 3294 venalium,
878 3242 1131 3287 accusantur
1160 3244 1343 3281 Peruani
1374 3253 1400 3280 a
1428 3244 1724 3280 mercatoribus
1751 3243 1796 3279 in
1824 3246 1926 3280 urbe

91 3301 293 3337 Huanuco
310 3301 565 3345 degentibus.

241 3354 277 3391 V
279 3356 540 3392 ertzczllarm
563 3357 816 3393 acuminata
837 3356 947 3398 Ruiz
970 3360 1008 3395 et
1023 3359 1126 3395 Pav.
1150 3356 1329 3394 resinam
1351 3359 1623 3403 balsameam‚
1654 3355 1925 3394 virescentem

92 3409 356 3456 (Balsamum
389 3413 574 3458 Mariae]
605 3417 751 3458 plorat.
823 3413 1093 3461 Tovomzcae,
1137 3412 1375 3460 Ηαυεῑιαε,
1419 3412 1695 3460 Quapoyae,
1710 3409 1922 3462 Arndeae,
1944 3428 1953 3430 <

93 3467 377 3506 Moronobeae
401 3469 566 3514 (Mani)
596 3471 772 3508 similem
803 3481 972 3509 succum
1000 3475 1154 3509 vehunt
1185 3475 1224 3508 et
1246 3475 1482 3507 excernunt.
1558 3467 1802 3516 Caloplzylli
1820 3469 1926 3505 Ino-

86 3523 384 3579 phyllae'Linn.‚
418 3528 596 3566 inludia
619 3527 826 3579 indigent,
857 3538 1010 3568 succus
1033 3525 1364 3565 Tacanealcaeae
1387 3527 1585 3576 speciem,
1615 3531 1859 3575 purgantem
1885 3530 1923 3564 et
