2147 3756
1046 112 1162 164 202

934 192 953 196 ...
998 194 1004 196 ,
1100 193 1107 196 .
1114 193 1138 197 -,
1144 193 1150 197 ,
1159 193 1164 196 .
1185 190 1278 197 ΑΨ...-

201 296 276 323 nec
297 284 467 322 dimidia
488 285 612 322 uncia
634 283 839 322 tenuiores
862 287 978 332 sunt,
1007 292 1137 328 neque
1160 287 1241 322 tres
1262 282 1409 321 uncias
1433 282 1626 321 diametro
1643 288 1856 334 superant,
1889 288 2010 330 atque

198 345 327 379 cultro
357 342 476 386 apice
494 338 671 378 ‘incurvo
703 339 874 390 (ertta
897 340 1221 384 Ceylonensibus
1252 340 1289 376 is
1310 340 1488 384 dicitur]
1519 342 1750 389 abscissos,
1788 342 2013 379 decortica-

201 399 356 434 toribus
373 400 555 446 tradunt,
587 399 656 441 qui
671 408 746 442 ope
763 398 932 433 alterius
950 397 1070 433 cultri
1087 394 1172 439 (Lo
1185 394 1351 430 -Ketca
1368 396 1510 445 dicti),
1541 397 1664 434 sactis
1679 398 1896 443 incisuris,
1927 402 2010 434 tum

200 455 571 502 transversalibus,
603 458 685 490 tum
701 452 1086 500 longitudinalibUS,
1110 452 1287 496 singulis
1302 462 1340 489 v.
1358 462 1428 496 pro
1443 454 1592 489 ramuli
1607 454 1795 490 crassitie
1812 454 2012 501 pluribus,

198 513 376 548 solutum
399 511 587 547 corticem
611 512 838 545 detrahunt.
897 508 1058 544 Minora
1084 511 1178 544 tunc
1195 508 1360 545 corticis
1375 509 1508 545 frusta
1522 511 1744 552 majoribus
1762 510 2012 555 ingeruntur,

199 571 239 603 et
263 570 428 615 cuncta,
460 567 503 603 in
528 567 724 603 fasciculo
741 568 852 600 arcte
870 565 1085 611 colligata,
1117 564 1298 607 seposita
1314 575 1384 607 per
1400 566 1650 608 nycthemeri
1665 566 1843 609 spatium
1858 565 2015 601 intacta

198 626 429 659 servantur.
486 621 757 658 Fermentatio
787 624 882 657 tunc
910 621 1017 657 levis
1047 621 1244 667 exoritur,
1276 629 1357 663 qua
1383 622 1445 667 fit,
1480 625 1522 656 ut
1550 621 1765 664 epidermis
1797 631 1886 657 cum
1916 624 2015 658 sub-

196 681 359 723 jacente
389 681 700 722 parenchymate
729 686 900 713 succoso
929 676 1096 713 facilius
1133 677 1361 724 auferatur,
1401 677 1576 714 simulac
1606 680 1739 714 oleum
1767 680 2014 724 aethereum,

198 735 365 772 nonnisi
395 736 439 770 in
468 735 571 769 libro
600 737 851 779 contentum,
891 743 962 777 per
993 743 1150 770 omnem
1186 733 1375 769 corticem
1406 734 1665 777 diffunditur„
1711 733 1886 777 Singula
1922 733 2016 769 dein

198 794 410 835 segmenta
435 790 596 826 corticis
608 817 618 836 ,
649 790 760 833 ligno
777 791 968 832 adaptato
985 789 1195 836 imposita,
1228 791 1404 825 radendo
1421 792 1470 825 ab
1489 789 1730 832 epidermide
1746 793 1784 825 et
1799 792 1913 832 parte
1928 798 2016 825 cor·-

200 847 315 883 ticali
337 846 534 882 exteriore
549 850 793 893 purgantur,
826 849 947 890 atque
962 847 1263 883 subarescendo
1279 846 1322 880 in
1339 845 1506 881 formam
1524 849 1752 881 tubulorum
1768 848 2017 881 contrahun-
2034 860 2036 862 ·

200 907 282 949 tur,
315 907 353 939 et
376 903 419 938 in
442 902 662 938 fasciculos
679 904 873 947 collecta,
904 912 975 945 per
992 902 1114 937 unius
1132 901 1212 937 diei
1228 902 1404 945 spatium
1420 911 1472 937 ex
1487 905 1629 938 umbra
1646 904 1805 937 demum
1821 903 1873 936 ad
1889 904 2016 938 solem

201 961 422 1005 translata,
446 958 608 1002 penitus
625 961 880 994 exarescunt.
917 960 1027 994 Bene
1043 958 1192 994 siccati
1207 958 1368 994 corticis
1384 958 1576 994 fasciculi
1591 959 1766 994 minores
1783 958 1826 993 in
1841 958 2016 1000 majores

200 1015 466 1059 colligantur,
499 1015 670 1051 aedibus
700 1014 898 1062 publicis,
930 1014 973 1050 in
1003 1014 1194 1051 Colombo
1225 1017 1264 1050 et
1292 1016 1409 1050 Galle
1431 1014 1588 1058 oppidis
1612 1015 1653 1049 ln
1675 1016 1781 1049 hunc
1803 1015 1919 1050 finem
1944 1022 2018 1048 ex-

198 1071 378 1117 structis,
403 1071 600 1119 tradendi,
625 1071 694 1106 ubi
711 1070 1030 1118 Cinnamomum,
1054 1070 1124 1106 tali
1141 1071 1255 1106 modo
1271 1073 1479 1118 paratum,
1504 1070 1812 1106 accuratissimo
1830 1069 2019 1105 examine

198 1128 454 1170 expenditur.
511 1126 746 1163 Fasciculis
770 1126 937 1175 solutis,
970 1127 1203 1170 tabulisque
1224 1126 1402 1170 singulis
1424 1126 1621 1169 inspectis
1645 1126 1951 1161 cinnamomum
1974 1125 2019 1161 in

201 1184 277 1219 duo
301 1192 472 1229 genera,
504 1184 659 1227 primae
682 1187 719 1219 et
743 1184 949 1220 secundae
969 1186 1090 1219 notae
1106 1185 1303 1219 selectum
1318 1186 1527 1229 servatur,
1560 1182 1705 1224 rejecto
1723 1183 1828 1225 quod
1843 1181 2019 1217 homini-

198 1242 275 1276 bus
305 1239 532 1287 indigenis,
563 1240 606 1276 in
631 1239 919 1283 distinguenda
941 1239 1135 1275 aromatis
1159 1239 1309 1274 virtute
1334 1240 1522 1274 continuo
1547 1248 1626 1273 usu
1649 1237 2017 1284 exercitatissimiS‚

197 1296 333 1332 minus
349 1299 554 1340 probatur.
609 1298 828 1332 Probatum
846 1296 1077 1332 commercii
1092 1295 1392 1338 inspectoribus
1409 1295 1599 1331 corticem
1615 1294 1658 1329 in
1683 1293 1821 1330 fasces
1844 1295 2018 1336 majores

198 1352 352 1400 ligant,
392 1352 656 1396 singulosque
685 1361 806 1388 sacco
838 1352 1014 1399 duplici,
1047 1362 1069 1388 e
1097 1353 1198 1387 lana
1228 1351 1430 1399 confecto,
1463 1351 1700 1397 immittunt,
1733 1352 1884 1394 repleto
1915 1350 2020 1393 quod

199 1409 325 1451 spatii
345 1408 546 1451 reliquum
568 1413 629 1444 est
654 1408 804 1451 pipere.
860 1408 1061 1452 Inscripto
1086 1410 1244 1443 demum
1267 1417 1454 1453 numere,
1487 1407 1738 1443 Cinnamomi
1768 1406 2020 1451 qualitatem,

201 1469 237 1500 et
254 1464 403 1500 litteris
420 1465 668 1511 initialibus,
688 1467 915 1500 arboretum
933 1464 976 1500 in
993 1474 1069 1506 quo
1087 1466 1148 1500 est
1164 1466 1374 1499 collectum
1390 1463 1682 1509 indicantibus,
1699 1472 1852 1498 merces
1869 1466 2021 1506 empto-

201 1530 283 1556 rem
309 1524 532 1563 exspectat.
589 1522 622 1556 Ε
650 1520 807 1556 vilioris
831 1524 950 1556 notae
973 1519 1117 1556 frustis
1140 1519 1246 1554 inter
1268 1528 1439 1555 examen
1462 1518 1644 1566 rejectis,
1678 1523 1760 1554 tum
1783 1529 1804 1554 e
1828 1519 2021 1554 ramentis

200 1579 242 1612 et
270 1577 562 1622 fragminibus,
594 1585 697 1619 quae
727 1576 771 1612 in
800 1578 1080 1619 praeparando
1105 1580 1144 1611 et
1166 1576 1397 1620 colligando
1422 1576 1625 1619 praetioso
1650 1575 1799 1611 cortice
1823 1575 2020 1622 oriuntur,

201 1635 335 1669 oleum
359 1633 612 1670 Cinnamomi
642 1635 875 1669 aethereum
904 1633 1087 1677 elicitur,
1121 1641 1212 1667 cum
1242 1632 1401 1675 reliqua
1429 1641 1560 1667 merce
1589 1631 1631 1666 in
1654 1632 1858 1674 Europam
1889 1635 2023 1666 trans-

197 1691 438 1726 vehendum.
499 1690 609 1733 Quod
635 1689 677 1725 in
702 1687 966 1723 cinnamomi
978 1687 1190 1734 zeylanz'cz'
1202 1691 1236 1723 N
1240 1698 1320 1725 ees.
1346 1688 1459 1723 foliis
1482 1688 1632 1724 residet
1648 1696 1807 1736 aroma,
1837 1694 1875 1723 et
1891 1690 2023 1723 oleum

199 1756 254 1782 ex
275 1746 328 1782 iis
353 1749 558 1791 paratum,
588 1745 856 1790 Caryophylli
878 1744 1090 1782 aromatici
1106 1745 1246 1793 odore,
1271 1747 1361 1781 utut
1375 1744 1796 1792 praestantissimum,
1828 1752 1855 1781 a
1870 1743 2024 1781 Cinna—

200 1802 323 1840 momi
338 1802 514 1846 puritate
531 1802 715 1838 deflectit.

341 1872 417 1916 Qui
438 1872 482 1908 in
505 1872 679 1907 officinis
704 1874 866 1914 praesto
889 1856 951 1907 est
973 1873 1111 1907 cortex
1130 1867 1306 1906 Cassiae
1329 1868 1491 1917 ligneae
1514 1880 1548 1907 s.
1569 1867 1853 1916 Xylocassz'ae
1876 1879 1918 1906 v.
1939 1868 2023 1905 Ca-

203 1927 342 1964 nellae
357 1927 650 1963 malabarz‘cae
660 1927 781 1971 (aliis
796 1926 1109 1962 Cz'nnamommn
1126 1925 1398 1974 occidentale,
1416 1929 1537 1971 vulgo
1546 1930 1587 1962 M
1593 1927 1836 1964 utterzimmt
1853 1927 2024 1973 dictus),

204 1995 256 2022 ex
279 1985 420 2028 aliqua
442 1988 484 2020 ut
507 1987 652 2020 volunt
670 1982 1160 2030 Cz‘nmcmomz‘zeylanz'ci
1178 1984 1400 2030 varietate,
1429 1985 1630 2026 veljuxta
1646 1984 1752 2019 alios
1770 1994 1791 2018 e
1809 1983 2026 2026 sylvestris
2075 1978 2081 1982 ‘

203 2043 360 2078 arboris
379 2041 502 2077 ramis
519 2043 745 2088 detractus,
777 2049 803 2076 a
817 2041 1012 2076 nobiliore
1030 2040 1283 2077 Cinnamomi
1299 2039 1411 2076 acuti
1427 2039 1575 2075 cortice
1593 2039 1790 2075 facillime
1807 2039 2025 2084 distingui·-

203 2102 268 2135 tur
284 2098 490 2144 crassitie,
516 2099 648 2133 colore
665 2097 919 2145 obscuriore,
944 2096 1158 2140 superficie
1174 2096 1306 2140 magis
1323 2104 1492 2143 aspera,
1517 2097 1636 2131 odore
1653 2099 1692 2131 et
1708 2104 1874 2142 sapore,
1899 2097 2025 2131 mulio

202 2155 418 2202 debiliore,
444 2158 482 2190 et
498 2156 564 2190 vel
581 2153 756 2189 maxime
772 2153 901 2201 muci,
926 2153 970 2189 in
986 2162 1103 2196 quem
1118 2154 1389 2189 manducatus
1404 2154 1472 2188 vel
1487 2155 1623 2189 coctus
1636 2153 1840 2200 liquatur,
1864 2151 1994 2195 copia.

345 2222 539 2259 Cassiam
569 2223 900 2258 cinnamomeam
930 2233 964 2260 S.
993 2221 1307 2257 Cinnamomum
1336 2220 1539 2266 indicum,
1571 2221 1666 2257 aliis
1689 2221 1853 2256 sz'nense
1878 2222 2026 2257 dictum

203 2280 552 2327 (Zimmtcassie],
588 2279 900 2314 Cz‘nnamomum
913 2277 1066 2315 Cassia
1081 2280 1275 2315 Fr.Nees.
1288 2276 1357 2321 (C.
1375 2278 1639 2314 aromaticum
1657 2278 1913 2322 C.G.Nees.]
1930 2287 2025 2321 spe-

203 2338 316 2373 ciosa
346 2340 483 2383 arbor,
523 2345 626 2379 quae
656 2336 875 2378 sylvestris
905 2337 1014 2378 apud
1043 2336 1165 2371 Sinas
1195 2335 1401 2381 nascitur,
1439 2338 1610 2377 sataque
1641 2334 1807 2381 colitur,
1846 2337 2025 2378 praebet.

204 2393 372 2440 Cortex,
404 2396 487 2429 tota
504 2392 611 2429 facie
634 2401 658 2428 a
674 2392 927 2428 Cinnamomi
949 2391 1156 2435 zeylanici
1180 2391 1329 2427 cortice
1352 2391 1587 2436 distinctus,
1619 2392 1783 2426 tubulos
1808 2390 1917 2427 sistit
1940 2389 2028 2426 sin-

204 2449 380 2493 gillatim
403 2451 662 2495 convolutos,
694 2457 768 2483 nec
789 2448 956 2484 insertis
979 2448 1202 2484 minoribus
1228 2447 1383 2483 tubulis
1400 2449 1562 2493 plenos,
1595 2446 1842 2494 crassiores,
1875 2449 2024 2482 obscu-

205 2506 294 2541 rius
325 2505 646 2551 fusco-tinctos,
678 2504 801 2540 etiam
831 2513 978 2548 sapore
1006 2505 1141 2540 minus
1171 2503 1301 2550 dulci,
1334 2503 1534 2539 fervidius
1565 2503 1652 2538 acri
1681 2506 1719 2538 et
1750 2502 2027 2546 adstringente

205 2562 403 2598 diversos.
448 2562 571 2598 Liber
586 2564 796 2604 praeterea
812 2561 980 2597 densius
997 2564 1210 2597 contextus
1228 2559 1483 2596 substantiae
1501 2559 1682 2595 corticali
1700 2559 1894 2596 crassiori
1911 2562 2027 2594 tena-

202 2618 292 2654 cius
310 2619 519 2666 adhaeret,
537 2618 660 2653 istius
676 2617 798 2653 fibrae
812 2617 977 2653 validae
993 2617 1117 2653 strias
1135 2616 1177 2651 in
1193 2616 1407 2659 superficie
1424 2616 1622 2651 exteriore
1637 2615 1837 2662 referunt,
1857 2615 2025 2651 facilius

205 2674 496 2720 detrahendas,
529 2674 634 2710 radii
659 2673 831 2716 denique
853 2675 1101 2709 medullares
1123 2673 1166 2708 in
1183 2672 1334 2715 pagina
1349 2672 1511 2708 interna
1527 2671 1659 2715 magis
1677 2671 1914 2719 prominuli,
1946 2681 2024 2706 nu-

205 2740 314 2766 mero
332 2733 491 2774 plures,
523 2730 722 2766 interdum
737 2730 860 2766 etiam
877 2730 1119 2775 crassiores,
1154 2739 1176 2765 e
1190 2729 1449 2772 quadruplici
1467 2731 1709 2764 cellularum
1726 2728 1832 2764 serie
1850 2727 2026 2774 formati,

206 2788 398 2829 majorem
415 2787 495 2822 olei
512 2787 689 2822 aetherei
708 2784 811 2830 (olei
828 2784 1023 2829 Cassiae)
1044 2786 1265 2829 portionem
1281 2785 1420 2828 utique
1437 2784 1658 2820 continent.
1717 2784 1826 2827 Quod
1844 2784 1886 2818 in
1902 2783 2029 2818 Ame-

206 2843 315 2878 ricae
338 2843 516 2886 tropicae
540 2842 670 2879 variis
693 2843 948 2889 regionibus,
980 2842 1025 2877 in
1048 2842 1232 2878 advectis
1258 2850 1310 2877 ex
1332 2841 1440 2877 Asia
1459 2838 1721 2874 Cz'meamomz‘
1734 2837 2029 2885 zevlam‘cz'ar-

208 2899 394 2935 busculis
417 2908 497 2934 non
519 2902 646 2935 multa
671 2907 771 2935 cura
794 2898 1000 2942 colligitur
1021 2902 1305 2942 pharmacum,
1337 2897 1446 2933 facie
1469 2899 1506 2931 et
1528 2896 1679 2931 virtute
1696 2896 1868 2932 Cassiae
1885 2895 2030 2931 cinna-

207 2964 389 2995 mameae
419 2956 610 2991 accedere
641 2959 680 2991 et
710 2963 736 2990 a
767 2955 1021 2991 Cinnamomi
1051 2954 1163 2989 acuti
1190 2953 1331 2990 subtili
1361 2952 1559 2997 dignitate
1587 2951 1752 2997 longius
1784 2953 2030 2997 degenerare

209 3014 382 3046 constat.

349 3068 452 3102 Sunt
474 3070 634 3110 praeter
655 3065 842 3103 Cassiam
865 3064 939 3102 alii
962 3063 1004 3101 in
1027 3067 1396 3108 aromatopolarum
1420 3063 1602 3100 tabernis
1625 3062 1816 3100 medicati
1841 3061 2028 3110 cortices,

208 3123 250 3159 in
268 3122 443 3159 diversis
461 3122 714 3158 cinnamomi
732 3122 894 3165 generis
910 3121 1126 3164 speciebus
1149 3124 1389 3167 nascentes,
1421 3120 1616 3156 aromatis
1643 3122 1817 3162 quadam
1840 3120 2031 3156 acredine

209 3185 249 3214 et
264 3181 384 3222 odore
408 3181 718 3222 caryophyllato
737 3178 904 3223 imbuti,
936 3179 1005 3213 vel
1028 3179 1150 3220 plane
1174 3178 1226 3213 ad
1249 3179 1552 3220 camphoratam
1576 3178 1816 3212 accedentes
1839 3177 2030 3222 indolem,

209 3245 284 3270 nec
308 3236 560 3279 spernendae
585 3234 764 3271 virtutis.
821 3234 1084 3277 Quadruplex
1106 3233 1270 3268 illorum
1294 3242 1424 3276 genus
1455 3232 1693 3279 distinguit,
1725 3231 1796 3275 qui
1825 3241 1954 3276 nuper
1984 3232 2032 3267 de

209 3291 275 3326 his
290 3300 399 3327 more
414 3300 488 3326 suo
504 3290 659 3326 medice
675 3294 714 3326 et:
730 3290 916 3326 botanice
931 3289 1093 3334 egregie
1109 3287 1296 3335 scripsit,
1320 3288 1627 3325 oculatissimus
1645 3291 1786 3324 auctor
1800 3287 2002 3324 Blumius.

358 3345 520 3381 Cortex
539 3344 778 3381 Cnla‘lawan
803 3354 926 3381 verus
949 3355 983 3381 s.
1007 3344 1148 3390 albus,
1181 3344 1277 3380 aliis
1297 3342 1459 3379 Cortex·
1483 3342 1850 3392 σανμορήῃῖῐσῖάεε
1871 3343 1915 3380 in
1935 3342 2032 3378 Cin-

210 3411 400 3436 namomo
421 3400 656 3437 Galilawan
671 3405 803 3439 Blum.
826 3401 1163 3438 Amboinensium
1187 3403 1329 3437 arbore
1352 3400 1552 3448 gignitur,
1583 3400 1744 3444 saporis
1767 3399 1884 3436 initio
1908 3399 2031 3443 acris,

212 3458 482 3496 amaritudine
511 3460 686 3502 quadam
716 3458 918 3506 admixta,
965 3458 1100 3494 odoris
1130 3457 1464 3502 caryophyllacei
1495 3456 1620 3504 grati,
1660 3455 1954 3504 intensissimi,
1994 3460 2032 3492 et
