2147 3756
958 135 1076 186 453

110 313 216 354 muci
233 311 362 357 copia.
394 308 744 349 paucissimarum
760 308 879 347 radix
895 307 1129 346 substantia
1145 303 1538 350 caeruleo-tingente
1555 306 1663 344 foeta
1680 304 1762 346 est.
1789 309 1932 345 Flores

113 372 365 415 quarundam
388 372 437 404 ob
462 370 642 415 odorem,
674 377 790 410 quem
814 366 1015 409 imprimis
1032 366 1421 408 adversperascente
1438 364 1502 399 die
1518 367 1732 411 exhalant,
1765 374 1933 401 suavem

111 427 350 465 mortalibus
374 425 492 471 grati.
551 425 662 460 Usus
685 424 790 459 inter
820 423 1047 459 medicinas
1078 419 1420 457 antiscorbuticas
1451 424 1489 456 et
1515 420 1797 468 stimulantes,
1830 430 1934 463 quae

110 483 347 530 ventriculi,
386 485 543 517 tractus
579 480 852 525 intestinalis,
893 482 1219 515 membranarum
1248 485 1506 513 mucosarum
1537 480 1576 512 et
1606 477 1713 513 cutis
1744 480 1935 512 externae

111 539 486 582 renumque‘vitam
517 538 751 583 intendunt,
784 535 1096 579 antiquissimus
1121 539 1156 570 et
1184 535 1224 570 in
1247 536 1398 579 vulgus
1422 537 1543 569 notus
1567 536 1641 569 est.
1700 534 1783 568 Nec
1806 525 1937 568 minor

111 599 259 632 herbae
285 599 321 631 et
348 595 500 630 radicis
519 594 804 639 plurimarum,
837 594 987 628 crudae
1004 596 1042 627 et
1059 595 1220 638 coctae,
1254 591 1359 627 inter
1376 593 1488 626 olera
1504 593 1541 626 et
1558 590 1599 626 in
1618 588 1812 625 acetariis
1826 615 1836 635 ,
1870 598 1937 624 se-

109 653 262 690 minum
280 652 400 687 etiam
417 652 521 687 inter
537 651 716 686 ciborum
735 650 989 685 condimenta
1007 651 1101 683 laus
1118 652 1192 683 est.
1251 649 1459 690 Quaedam
1474 648 1580 683 inter
1601 648 1768 691 plantas
1792 644 1937 682 oleife-

112 719 181 745 ras
199 712 410 753 seruntur,
443 713 664 751 paucarum
682 709 841 742 cultura
858 708 906 740 ob
924 705 1101 740 radicem
1120 704 1348 738 tinctoriam
1365 708 1591 740 exercetur.

257 776 536 812 Cochlear2·ae
559 773 795 826 officinalis
818 775 937 811 Linn.
971 774 1118 818 [vulgo
1142 774 1439 820 Lt'iffelkraut),
1469 776 1659 818 Europae
1681 771 1938 817 septemtrio-

112 837 223 872 nalis
251 837 391 872 littora
421 834 665 879 accolentis,
698 833 820 867 etiam
847 833 968 873 juxta
990 832 1125 865 salsos
1150 830 1395 866 continentis
1419 833 1537 866 lacus
1561 830 1727 877 obviae,
1758 830 1939 866 maxima

114 894 217 928 inter
239 895 385 927 herbas
410 889 752 925 antiscorbuticas
776 889 868 922 laus
894 890 968 922 est.
1030 887 1285 930 congeneres
1303 889 1467 929 plantae
1483 888 1524 922 in
1541 887 1719 931 Alpibus
1735 887 1938 931 Europae,

113 950 154 984 in
187 949 348 991 regione
378 945 693 990 mediterranea,
726 944 766 978 in
792 943 897 979 Asia
928 946 964 978 et
989 943 1180 978 America
1201 943 1357 978 boreali
1382 947 1635 989 crescentes,
1667 943 1772 978 inter
1795 941 1939 985 stirpis

112 1003 330 1040 officinalis
352 1003 609 1037 succedanea
625 1003 901 1036 numerantur.
961 999 1154 1034 Proxima
1173 1008 1197 1034 a
1214 1000 1456 1035 cochlearia
1475 997 1643 1046 Lepoe‘dz’o
1660 998 1801 1034 sativo
1818 999 1939 1034 Linn.

114 1054 381 1110 (κάρδαμον,
415 1059 584 1102 Kresse,
619 1056 870 1092 Nasturtium
894 1059 1084 1091 hortense
1107 1055 1246 1099 Offic.)
1277 1060 1314 1091 et
1336 1053 1561 1091 Nasturtir»
1589 1053 1940 1104 qfifi'cz'nalz‘Linn.

113 1110 408 1166 (ἰησιίμβριον,
448 1110 712 1164 medentium,
754 1115 1111 1159 Brnnnenkresse,
1158 1112 1394 1160 Crescione,
1433 1114 1684 1150 NasturtIum
1708 1112 1943 1155 aquaticum

112 1172 251 1216 (istic.)
283 1173 412 1208 virtus
443 1176 526 1218 est,
561 1175 730 1213 utraque
761 1169 1080 1213 frequentissimi
1112 1169 1233 1204 etiam
1266 1170 1308 1204 in
1333 1170 1524 1205 acetariIS
1550 1180 1663 1207 usus.
1723 1166 1942 1214 Lepz‘diam

114 1228 350 1263 oleraeenm
366 1230 497 1264 Forst.
523 1227 564 1263 in
583 1230 719 1263 Novae
735 1226 985 1262 Zeelandiae
1002 1226 1205 1261 littoribus
1223 1226 1410 1262 arenosis
1426 1227 1630 1274 nascitur,
1663 1226 1943 1269 quotidianum

112 1290 328 1323 nautarum
353 1285 395 1320 in
417 1284 481 1320 liis
505 1289 701 1328 portubus
724 1283 1054 1319 commorantium
1078 1285 1192 1328 olus,
1225 1282 1330 1318 inter
1353 1283 1600 1319 nutrimenta
1623 1281 1945 1319 antiscorbutica

113 1352 319 1386 nunquam
336 1342 440 1377 satis
458 1343 730 1387 laudandum,
760 1340 922 1383 saporis
940 1339 1100 1385 blandi,
1126 1342 1264 1383 paullo
1282 1340 1409 1384 acris,
1437 1341 1487 1375 ad
1505 1339 1726 1382 Spinaciae
1741 1341 1946 1374 v.Lactu-

113 1410 187 1436 cae
205 1408 390 1443 saporem
407 1398 661 1444 accedentis,
693 1399 832 1441 paullo
849 1397 1122 1443 flatulentutn,
1155 1398 1293 1432 alvum
1311 1396 1466 1431 modice
1483 1396 1686 1440 aperiens.
1724 1392 1943 1440 Lepe'clz’zmz

106 1454 331 1503 piscidium
349 1456 479 1491 Forst.
499 1455 539 1489 in
557 1454 709 1490 Oceani
734 1453 886 1489 insulis
911 1453 1108 1489 demersis
1132 1453 1408 1496 intertropicis
1433 1453 1630 1490 nascitur.
1688 1454 1854 1488 Incolae
1877 1461 1944 1487 se-

115 1514 294 1551 minibus
312 1514 360 1548 ad
380 1511 641 1547 inebriandos
659 1514 694 1546 et
714 1510 934 1553 capiendos
950 1510 1087 1553 pisces
1104 1513 1284 1545 utuntur.
1338 1510 1472 1546 Herba
1488 1509 1711 1545 accerrima
1727 1509 1818 1545 sine
1834 1517 1945 1543 noxa

114 1571 155 1606 in
188 1569 382 1606 acetariis
415 1569 559 1604 editur.
622 1564 894 1602 Nasturto’nm
917 1564 1098 1601 indicum
1123 1567 1203 1603 DC.
1228 1566 1396 1602 maximi
1421 1567 1459 1602 fit
1487 1566 1527 1602 in
1551 1566 1721 1606 eduliis:
1759 1564 1944 1609 Nigritae

115 1636 232 1664 suam
250 1626 442 1670 speciem,
477 1621 750 1659 Nastnremm
767 1621 1027 1671 lmmiflcsum
1045 1623 1168 1659 Guill.
1190 1626 1226 1659 et
1244 1624 1418 1669 Perrot.,
1444 1626 1606 1659 habent.
1669 1618 1946 1656 Nastnrtv'um

110 1682 310 1730 palustre
333 1683 416 1718 Dc.
443 1681 602 1726 [Radix
627 1681 815 1724 Raphani
842 1680 1023 1723 aquatici
1047 1679 1185 1723 Ostia.)
1211 1683 1252 1715 et
1272 1676 1549 1714 Nastnrtimn
1573 1677 1782 1725 sylvestre
1804 1681 1852 1714 R.
1878 1679 1945 1713 Br.

115 1742 277 1784 [Herba
299 1741 458 1775 Erucae
487 1738 685 1781 palustris
709 1737 868 1784 Offic.),
900 1740 1066 1780 plantae
1097 1736 1301 1772 latissime
1331 1746 1400 1779 per
1430 1736 1738 1779 neniispbaerae
1768 1734 1949 1771 borealis

116 1800 281 1842 plagam
306 1798 565 1838 temperatam
599 1798 637 1829 et
668 1793 857 1837 frigidam
891 1794 1083 1839 diffusae,
1130 1793 1281 1828 exoleti
1310 1793 1416 1828 inter
1445 1793 1672 1829 medicinas
1702 1802 1805 1828 usus
1838 1794 1948 1828 sunt.

119 1851 377 1888 (lardamae'ne
394 1860 550 1885 amara
565 1850 685 1886 Linn.
705 1850 982 1894 [Nasturtium
999 1851 1132 1893 majus
1149 1858 1331 1886 amarum
1350 1850 1488 1894 Offic]
1507 1854 1541 1886 et
1563 1847 1822 1883 Cardmm‘ne
1832 1858 1946 1894 pra-

120 1910 247 1946 censis
270 1909 389 1944 Linn.
416 1907 694 1952 (Nasturtium
717 1910 909 1950 pratense
933 1917 971 1944 v.
990 1906 1233 1943 Cardamine
1249 1906 1386 1950 offic.)
1408 1907 1612 1942 Nasturtii
1629 1906 1840 1952 virtutem,
1876 1914 1949 1942 ac-

116 1969 281 2004 cedente
299 1965 590 2011 amaritudine,
622 1965 762 2000 nervis
780 1964 935 2010 amica,
968 1966 1240 2000 aemulantur.
1303 1962 1559 1998 Car-damin&
1576 1961 1811 2012 asarifolia
1828 1963 1950 1999 Linn.

116 2022 432 2061 Pedemontanis
456 2022 743 2067 Coclileariae,
780 2019 1037 2056 Cardamz‘ae
1067 2018 1376 2055 nasturcioides
1399 2023 1506 2057 Bert.
1540 2021 1725 2057 Clrilenis
1749 2018 1951 2056 Nasturtii

118 2084 205 2118 loco
229 2084 303 2116 est.
362 2076 587 2113 Senebiera
608 2076 850 2123 Coronopus
873 2078 980 2114 Poir.
1003 2076 1282 2122 (Nasturtium
1306 2087 1569 2114 verrucosum
1586 2077 1723 2122 Offic.)
1747 2080 1783 2113 et
1804 2073 1951 2110 Cal-ile

118 2135 340 2173 maritima
355 2138 472 2179 Scop.
498 2135 656 2180 (Eruca
671 2136 878 2171 maritima
895 2146 927 2171 s.
946 2137 1170 2179 Raphanus
1194 2135 1377 2171 marinus
1395 2135 1532 2179 Ollio.)
1558 2135 1707 2171 dudum
1732 2144 1756 2170 a
1779 2131 1952 2169 medicis

119 2195 324 2238 sepositae
349 2197 457 2230 sunt.
521 2190 666 2227 Cakz’le
690 2191 940 2227 amera-ana
964 2194 1074 2228 Nutt.
1097 2192 1140 2227 in
1157 2192 1350 2228 America
1366 2192 1522 2227 boreali
1545 2195 1583 2227 et
1597 2191 1769 2228 Antillis
1785 2189 1954 2226 remedii

121 2249 428 2288 antiscorbutici
454 2251 577 2286 laude
601 2251 831 2286 adhucdum
855 2250 980 2286 floret.
1039 2252 1150 2285 Inter
1175 2248 1410 2285 cruciferas
1434 2251 1619 2285 exoletas
1643 2249 1765 2284 etiam
1791 2244 1953 2292 sisym-

119 2307 255 2344 er‘um
273 2303 550 2357 officinarum
566 2307 688 2343 Linn.
705 2305 835 2349 (quod
853 2306 962 2343 Galli
982 2309 1082 2342 teste
1098 2305 1236 2342 Plinio
1251 2308 1438 2342 velarum
1455 2307 1687 2352 appellant,
1718 2306 1851 2340 Herbe
1867 2312 1953 2339 aux

120 2369 327 2410 chantres,
360 2364 457 2407 quia
481 2364 741 2400 raucedinem
764 2363 891 2409 tollit,
924 2363 1171 2409 Hederich),
1205 2360 1480 2408 sisymbrium
1497 2358 1688 2397 Alliaria
1704 2363 1847 2410 Scop.,
1881 2357 1949 2395 Se·-

121 2420 348 2468 symbrz'nm
366 2418 524 2466 Sophia
540 2421 660 2456 Linn.
678 2424 718 2456 et
734 2418 967 2454 Barbarea
983 2418 1174 2466 vulgaris
1190 2419 1311 2456 Linn.
1329 2420 1617 2455 nominandae.

266 2488 545 2525 Cochleare‘ae
559 2485 848 2526 Armoracz’ae
863 2490 984 2527 Linn.
1010 2489 1164 2537 (Kren,
1198 2489 1453 2538 Meerrettig,
1483 2488 1690 2538 Raifort),
1721 2490 1888 2533 plantae
1911 2486 1955 2523 in

124 2547 291 2592 aquosis
306 2550 495 2591 Europae
511 2557 593 2583 non
608 2547 757 2590 ubique
779 2548 943 2595 obviae,
976 2548 1048 2583 sed
1073 2547 1230 2590 passim
1253 2547 1296 2582 in
1319 2547 1446 2583 hortis
1470 2550 1605 2593 satae,
1637 2545 1957 2590 generosissima

124 2605 255 2642 radix,
314 2607 446 2648 Sapor
474 2605 644 2640 mordax
667 2604 709 2640 in
734 2603 946 2647 proverbio
971 2606 1054 2650 est,
1085 2607 1124 2640 et
1147 2605 1243 2639 odor
1268 2606 1477 2647 lacrymas
1501 2603 1678 2647 prolicit.
1737 2603 1879 2639 Virtus
1905 2610 1957 2637 ex

123 2665 211 2698 oleo
235 2664 422 2698 aethereo
446 2660 553 2710 acri,
584 2663 782 2705 sulphure
803 2661 1082 2705 impraegnato
1107 2660 1307 2704 imprimis
1330 2661 1569 2708 repetenda,
1601 2661 1706 2702 quod
1730 2669 1820 2695 cum
1838 2660 1957 2694 albu-

122 2720 254 2765 mine,
287 2721 506 2765 saccharo,
539 2717 711 2765 gummi,
743 2717 902 2764 resina,
935 2717 1052 2753 acido
1084 2721 1121 2753 et
1152 2717 1239 2752 kali
1271 2717 1424 2753 acetico
1447 2717 1620 2753 mixtum
1645 2720 1719 2752 est.
1777 2716 1889 2751 Usus
1913 2713 1956 2749 in

123 2775 292 2812 cibariis
323 2778 360 2810 et
385 2775 491 2810 inter
515 2774 759 2821 medicinas,
791 2774 882 2809 sive
905 2774 1132 2810 ventriculo
1154 2773 1272 2809 varia
1296 2773 1617 2817 praeparatione
1647 2771 1830 2817 ingesta,
1863 2770 1953 2806 sive

125 2832 209 2868 cuti
232 2830 444 2879 imposita,
475 2836 596 2867 notus
621 2834 696 2867 est.
756 2827 994 2875 Raphanas
1018 2829 1184 2865 salivas
1207 2830 1328 2866 Linn.
1353 2830 1577 2866 secundum
1600 2829 1706 2864 inter
1722 2827 1959 2864 cruciferas

125 2889 263 2925 radice
279 2888 401 2925 utiles
418 2890 550 2923 locum
568 2891 687 2924 tenet.
747 2889 897 2924 Planta
913 2888 953 2923 in
973 2891 1153 2923 extrema
1169 2886 1276 2923 Asia
1291 2890 1435 2930 sponte
1450 2885 1660 2932 nascitur,
1687 2888 1737 2921 ab
1756 2883 1960 2927 antiquis-

125 2945 242 2983 simis
265 2944 512 2988 temporibus
538 2945 582 2980 in
604 2943 731 2980 hortis
756 2947 880 2980 culta.
940 2946 1073 2980 Multa
1097 2943 1192 2979 inde
1215 2939 1420 2988 varietas,
1452 2940 1504 2979 ad
1522 2935 1725 2986 duplicem
1740 2945 1879 2985 typum
1896 2949 1962 2976 re-

126 3001 305 3038 ferenda.
364 2998 571 3047 Raphana·
593 2999 729 3035 satim·
751 2999 868 3047 nigri
889 2999 1152 3044 (schwarzer
1175 2999 1336 3044 Rettig]
1363 2999 1484 3036 radix
1506 2999 1637 3048 acriS,
1669 3001 1759 3035 sale
1780 3007 1820 3033 v.
1843 3000 1960 3032 aceto

127 3058 292 3094 condita
307 3058 456 3104 editur,
490 3058 759 3094 difficillimae
781 3058 1078 3103 concoctionis,
1112 3057 1234 3093 etiam
1256 3056 1543 3093 medicamenti
1559 3058 1648 3092 loco
1665 3056 1867 3091 interdum
1884 3054 1959 3089 ad-

125 3115 268 3151 hibita.
312 3111 520 3159 Raphana·
533 3115 669 3150 sativi
689 3112 924 3149 Radia-ulae
940 3108 1246 3158 (Radies'chen)
1265 3114 1464 3161 radicem,
1490 3113 1697 3149 acredinis
1713 3114 1807 3156 plus
1822 3111 1960 3146 minus

129 3174 336 3214 expertem
353 3174 390 3206 et
406 3171 545 3215 gustui
561 3175 738 3220 gratam,
771 3171 1076 3207 delicatioribus
1094 3171 1217 3207 etiam
1234 3170 1419 3214 cupediis
1436 3171 1765 3206 adnumeramus.
1823 3167 1963 3204 Tertia

127 3226 319 3271 Raphani
342 3227 468 3263 sativi
494 3227 622 3263 forma
644 3226 720 3270 [R.
747 3227 916 3263 satiens
939 3224 1150 3263 atinensis
1172 3227 1246 3273 L.)
1272 3227 1409 3263 radice
1434 3225 1682 3271 praegracili
1701 3223 1861 3262 inutilis
1883 3228 1960 3274 est,

129 3283 355 3321 seminibus
372 3283 524 3319 oleosis
538 3285 854 3321 commendatur.

270 3338 505 3374 Brassicae
535 3343 586 3377 ab
617 3341 918 3384 antiquissimis
949 3341 1196 3386 temporibus
1229 3340 1273 3377 in
1300 3339 1430 3377 hortis
1455 3341 1495 3376 et
1517 3338 1628 3384 agris
1652 3341 1864 3385 seruntur,
1894 3336 1962 3373 in-

131 3406 297 3433 numero
314 3396 534 3433 formarum
548 3399 669 3446 lusu,
701 3397 840 3434 radice
855 3401 1100 3435 saccharata
1116 3407 1149 3435 s.
1166 3401 1388 3435 subamara
1400 3424 1410 3444 ,
1440 3399 1565 3440 pulsa
1580 3398 1675 3439 plus
1690 3395 1826 3432 minus
1843 3403 1962 3430 acre-

133 3453 247 3500 dine,
271 3455 397 3489 herba
419 3453 565 3498 sapida
589 3457 629 3490 et-
651 3453 878 3491 seminibus
903 3455 1054 3492 oleosis
1076 3455 1215 3492 utiles.
1275 3452 1512 3490 Brasse‘cae
1531 3451 1678 3498 Rapae
1698 3452 1818 3489 Linn.
1843 3450 1963 3487 radix

134 3509 313 3554 (weisse
328 3511 464 3559 Rube,
489 3511 789 3561 §Vasserrt'ibffi
814 3511 1002 3558 Turnep)
1019 3520 1214 3562 carnosa,
1248 3510 1486 3549 acriuscula
1502 3514 1539 3547 et
1556 3508 1790 3557 subdulcis,
1822 3506 1962 3545 multis
