2147 3756
1052 110 1167 160 684

200 285 334 331 Linn.‚
360 283 522 321 indicae
538 282 709 331 arboris,
734 283 894 322 semina
910 287 1025 320 cocta
1040 284 1317 330 comeduntur,
1348 282 1466 320 filove
1481 281 1649 321 inducta
1665 283 1706 320 in
1722 286 1913 322 mundum
1928 294 2018 323 nlu-

197 343 366 380 liebrem
391 342 643 377 adhibentur.
701 340 935 378 Aurifabris
958 340 1114 375 minimi
1138 339 1328 382 ponderis
1353 342 1443 376 loco
1468 343 1573 377 sunt.
1632 339 1820 376 Parkae'ae
1845 341 2018 391 africa-

199 408 281 433 nae
297 401 343 434 R.
362 400 427 433 Br.
448 397 633 442 (Doura)
652 398 811 433 semina
829 395 1037 441 [Gourou]
1054 396 1344 444 amaricantia,
1377 395 1419 431 in
1437 399 1588 440 pultem
1605 399 1772 433 redacta
1787 402 1822 434 et
1842 399 2019 435 fermen-

199 455 344 491 tationi
367 454 602 499 commissa,
635 454 779 489 deinde
802 453 843 488 in
861 454 1023 488 tabulas
1042 452 1215 488 formata
1230 456 1268 489 et
1284 453 1462 501 siccata,
1492 452 1726 498 gratissimo
1742 454 1912 499 Nigritis
1929 455 2017 493 cibo

198 516 315 559 sunt,
349 514 386 546 et
404 510 679 553 impotentiam
696 509 853 544 virilem
872 511 1013 544 tollere
1029 510 1259 545 creduntur.

341 567 614 603 Gummiferae
637 568 799 601 arbores
822 574 875 600 ex
893 560 1079 599 Acaczae
1102 575 1249 610 genere
1272 568 1386 613 sunt,
1417 564 1460 601 in
1476 564 1618 602 Africa
1642 566 1796 610 tropica
1819 565 2018 611 imprimis

197 627 443 660 crescentes.
503 624 661 658 Multae
677 620 823 657 mercis
841 621 1225 665 famigeratissimae
1241 622 1422 670 species,
1447 623 1554 658 haud
1572 626 1655 659 tute
1670 625 1721 659 ad
1737 633 1837 660 suas
1854 627 2020 660 arbores

198 681 447 717 referendae.
505 678 714 720 Duplicem
738 677 938 721 imprimis
961 678 1251 722 distinguimus
1275 679 1500 714 Gumma-tis
1524 688 1576 715 ex
1596 679 1766 715 Acaciis
1782 679 1898 716 'efflui
1924 689 2020 723 spe-

197 737 320 783 ciem,
353 734 572 769 arabicam
596 737 634 768 et
657 732 984 782 senogalensem,
1015 744 1094 770 non
1121 734 1318 777 qualitate
1341 736 1413 770 sed
1437 735 1571 779 patria
1592 736 1870 778 matribusque
1886 735 2020 771 diver-

198 802 301 830 sam.
363 789 529 826 Gummi
549 789 769 825 arabicum
792 801 830 828 v.
860 788 1063 826 Me‘mosae
1086 801 1228 826 verum
1251 791 1294 827 in
1310 791 1454 828 Africi
1477 791 1659 828 boreali·
1669 792 1858 829 orientali
1875 796 1913 828 et
1927 792 2020 829 fini-

197 850 297 886 tima
326 848 432 884 Asia
461 856 512 883 ex
544 843 706 881 Αοαεια
735 843 1017 894 Ehrenbergz'z
1043 849 1197 895 Heyn„
1229 843 1393 882 Acacm
1426 845 1557 909 Seyal
1581 850 1690 895 Del„
1723 844 1886 884 Acacm
1915 858 2019 883 vera

199 906 365 952 wiltu„
404 900 567 938 Acacm
603 902 785 938 arabica
815 904 961 940 Willd.
1001 904 1179 947 allisque
1218 905 1462 947 quibusdam
1497 892 1633 940 minus
1664 905 1771 941 notis
1802 905 2018 949 speciebus

198 962 363 998 effluum
386 960 605 1005 colligitur.
667 957 835 995 Gummi
850 958 1030 1008 Senegal
1042 960 1228 997 Acaciae
1250 962 1384 997 Verek
1403 961 1525 997 Guill.
1550 965 1588 997 et
1603 963 1757 998 Perrot.
1783 965 1821 998 et
1835 961 2018 998 Acaciae

197 1017 428 1055 Adansonii
445 1017 566 1052 Guill.
586 1021 624 1053 et
640 1018 813 1066 Perrot.‚
849 1018 1170 1060 arborumjuxta
1185 1020 1349 1054 boreale
1366 1018 1543 1054 fluminis
1561 1018 1756 1054 Gambiae
1772 1018 1885 1054 littus
1901 1020 2018 1055 lucos

197 1074 476 1119 sorrnamium,
509 1083 660 1110 succus
691 1077 765 1110 est.
827 1071 995 1108 Gummi
1016 1072 1286 1108 barbaricum
1318 1084 1370 1110 ex
1399 1074 1557 1111 Acaoia
1582 1074 1826 1118 -gummifera
1856 1074 2018 1122 Willd.,

197 1129 494 1174 mogadoriensi
511 1133 674 1179 arbore,
707 1130 928 1168 derivatur.
990 1128 1158 1166 Gummi
1173 1126 1414 1177 Basa-ome,
1447 1132 1552 1175 quod
1574 1141 1626 1167 ex
1649 1131 1768 1168 India
1789 1131 2018 1180 advehitur,

198 1187 378 1224 incertae
393 1189 568 1225 natales.
