2147 3756
1096 122 1232 206 148--

986 199 1015 206 υ
1026 201 1153 206 ——44
1164 203 1193 205 „—

255 292 569 356 staminigcris
608 292 683 338 axi
731 292 959 338 communi
1006 292 1205 348 inserta,
1253 291 1423 352 spicam
1471 290 1743 348 formantia,
1793 306 1911 337 nunc
1959 306 2063 337 rara

253 373 300 411 et
331 363 431 410 basi
464 363 652 409 bractea
686 379 827 425 parva
859 371 1093 419 sustenta,
1142 378 1262 407 nunc
1296 361 1509 406 conserta
1543 369 1589 406 et
1620 360 1882 418 imbricata,
1931 360 2066 406 ebra-

253 442 433 489 cteata,
466 433 741 496 filamente's
781 433 1088 488 brevissimis,
1137 432 1355 485 authoris
1392 430 1752 488 bilocularibus,
1804 431 1970 476 loculis
2011 431 2065 476 li-

248 504 494 559 nem-ibus,
546 504 869 549 connectivum
911 501 1299 563 marginan'tibuS,
1347 499 1751 563 longitudinaliter
1783 499 2066 546 dehiscenti-

248 573 353 621 bus.
434 574 482 620 ln
524 573 715 619 floribus
753 572 981 634 perfectis
1011 573 1217 618 stamina
1249 571 1306 616 ab
1341 587 1430 616 uno
1463 569 1521 616 ad
1553 571 1662 626 tria,
1696 585 1805 616 'cum
1841 571 2064 632 germinis

249 643 390 690 dorso
425 643 844 699 confer-ruminata,
879 642 1153 704 filamcntzls‘
1184 643 1425 698 carinatis,
1467 641 1565 687 basi
1597 642 1720 686 inter
1751 657 1801 687 se
1835 641 2064 698 connatis,

247 714 520 761 lateralibus
566 712 863 758 brevioribus
910 714 1116 760 anthera
1168 710 1470 768 uniloculari,
1533 709 1813 757 intermedio
1868 711 2064 757 anthera

247 784 495 831 biloculari
541 784 804 840 instructis,
855 783 1020 828 loculis
1066 784 1302 839 introrsis,
1358 782 1604 844 oppositis,
1662 780 2067 842 longitudinaliter

251 854 614 902 dehiscentibus,
701 855 901 900 Gctmen
947 853 1135 910 sessile,
1188 854 1422 915 trigonum
1468 869 1509 899 v.
1558 852 1916 913 subotobosum,
1963 852 2065 898 uni-

250 925 477 972 Ioculare.
563 925 804 970 Gcmmesla
852 924 1012 980 unica,
1064 924 1278 969 cavit-itis
1326 924 1447 985 apici
1494 939 1723 985 appensa,
1776 922 2068 1002 otthotiopa.

252 997 441 1056 Ste'gma
476 995 741 1052 termintle,
790 994 980 1050 sessile,
1030 994 1241 1040 obtusum
1272 1011 1314 1040 v.
1349 994 1647 1056 depressum,
1697 993 1827 1039 sulco
1867 993 2071 1054 emergi-

249 1075 402 1112 natum
444 1081 487 1111 v.
529 1064 845 1120 sublobatum,
895 1063 1159 1110 deciduum.
1241 1067 1413 1126 Drupa
1457 1063 1677 1120 baccata,
1728 1078 2068 1124 monospcrma,

248 1137 483 1200 putamine
518 1135 670 1192 tenui,
704 1135 878 1196 fragili.
939 1136 1109 1182 Scmen
1141 1134 1412 1197 pendulum,
1446 1135 1765 1195 integumento
1800 1133 2068 1187 tenuissime

246 1207 627 1253 membranaceo·
705 1205 916 1267 Embryo
958 1206 1003 1250 in
1043 1207 1178 1269 apice
1217 1205 1462 1251 albuminis
1505 1205 1713 1266 copiosi,
1771 1203 1960 1269 carnosi
1999 1203 2069 1248 in-

249 1277 427 1333 clusus,
490 1276 772 1337 antitropus,
834 1276 1058 1334 minutus,
1121 1275 1488 1338 cotyledone'bus
1538 1274 1714 1321 duabus
1759 1273 2065 1332 brevissimis,

254 1347 550 1404 divaricatiS,
589 1347 816 1394 ‘radicula
848 1346 1015 1394 infera.

1017 1491 1301 1526 GENERA.

333 1578 352 1612 1
363 1577 457 1613 817.
489 1576 761 1617 Hedyosmum
784 1570 965 1609 Smarlz.
1293 1612 1299 1616 ⁷
1502 1565 1673 1599 Creodus
1689 1564 1862 1600 Lomeir.

570 1623 726 1657 Tafalla
742 1622 843 1656 Ruiz
861 1626 900 1656 et
914 1623 1011 1657 Pav.
1503 1621 1705 1666 Crypliaea
1721 1621 1885 1656 Hmnilc.

334 1676 455 1710 1818.
486 1675 694 1711 Ascarina
710 1671 853 1724 Fors&-
1502 1678 1717 1723 Peperidia
1735 1677 1856 1712 Rchh.

338 1733 459 1768 1819.
492 1732 763 1768 Chloranthus
781 1726 962 1764 S‘wartz.
1504 1734 1673 1780 stropha
1687 1734 1859 1771 Νογοῃῆ,

573 1779 737 1821 Nigrina
757 1777 905 1814 Tlmnb.

385 1893 710 1940 AffinitaS·
769 1900 1115 1937 Chloranthaceae
1135 1895 1372 1942 Piperaceis
1403 1901 1441 1935 et
1465 1898 1681 1935 Saurureis
1704 1898 1885 1942 proxime
1907 1898 2070 1947 affines,

248 1961 450 2004 gemmula
481 1960 677 2004 pendula,
711 1959 927 1999 embryone
958 1958 1124 1999 sacculo
1154 1955 1371 1991 amniotico
1403 1956 1614 2002 destituto,
1648 1959 1686 1991 et.
1716 1956 1830 1991 foliis
1855 1956 2067 2003 oppositis,

249 2015 410 2059 petiolis
438 2015 531 2050 basi
554 2014 597 2049 in
618 2014 810 2058 vaginam
833 2014 1115 2056 bistipulatam
1132 2012 1293 2048 coalitis
1310 2012 1470 2056 egregie
1488 2013 1718 2048 distinctae.
1778 2012 1993 2049 obscurior
2009 2015 2071 2049 est

247 2081 339 2108 cum
352 2070 667 2119 Loranthaceis⁷
700 2079 819 2113 quam
835 2069 895 2105 ill.
911 2072 959 2106 R.
976 2071 1129 2105 Brown
1145 2068 1320 2115 indicat,
1351 2069 1626 2105 necessitudo.

389 2149 815 2206 Geogl'aphia.
889 2156 992 2190 Ordo
1022 2163 1130 2189 mere
1160 2152 1353 2196 tropicus.
1421 2152 1658 2189 chloranthi
1686 2152 1728 2188 in
1759 2152 1864 2189 Asia
1896 2151 2066 2198 fervida,

247 2213 447 2258 imprimis
464 2213 639 2249 insulari
655 2214 913 2256 generantur.
972 2210 1181 2247 Ascarina
1202 2209 1364 2246 insulas
1380 2209 1596 2246 societatis
1619 2209 1835 2246 inhabitat.
1886 2211 2073 2254 Hedyos-

245 2281 355 2308 mum
370 2271 413 2306 in
429 2270 621 2306 America
638 2269 774 2304 calida
788 2267 986 2304 nascitur.

387 2348 750 2401 Qualitates
782 2355 821 2389 et
848 2357 1018 2393 usus.
1078 2351 1425 2388 Cllloranthaceae
1454 2350 1719 2398 aromaticae,
1758 2349 1864 2386 inter
1892 2350 2070 2387 remedia

247 2412 407 2458 egregie
437 2412 663 2447 excitantia
691 2411 980 2446 numerandae.
1043 2405 1304 2442 Chloramlez·
1332 2403 1568 2456 officinalis
1597 2409 1729 2449 Blrum.
1763 2406 1908 2452 (vulgo
1940 2409 2070 2443 Kras-

247 2468 436 2515 tulang),
462 2470 504 2503 in
528 2468 662 2511 sylvis
687 2466 1052 2514 humidissinsulae
1069 2467 1201 2501 Javae
1223 2465 1453 2511 nascentis,
1485 2468 1621 2508 partes
1639 2464 1834 2499 contritae
1850 2464 2071 2500 aromatico

247 2527 366 2561 odore
391 2524 594 2571 fragrant,
622 2523 845 2559 siccatione
870 2522 1023 2558 sensim
1041 2525 1323 2558 evanescente.
1368 2521 1504 2556 Radix
1521 2532 1541 2557 e
1557 2521 1666 2557 fibris
1681 2520 1838 2566 longis,
1864 2520 2070 2568 tenuibus,

247 2581 398 2626 fusciS,
431 2590 594 2618 sursum
619 2581 661 2616 in
685 2587 839 2615 comam
862 2578 1022 2614 coalitis
1046 2581 1234 2614 contexta
1258 2578 1377 2613 odore
1407 2577 1573 2613 excellit
1605 2576 1931 2621 fragrantissimo
1961 2585 2072 2612 cam-

247 2640 412 2681 phorato
442 2641 481 2673 et
511 2646 659 2680 sapore
688 2635 907 2672 aromatico
938 2637 1174 2682 subamam,
1206 2634 1285 2670 cito
1316 2633 1475 2670 siccata
1499 2636 1537 2670 et
1560 2633 1777 2678 diligenter
1798 2636 1963 2669 servata
1984 2633 2070 2668 vlr-

247 2698 369 2730 tutem
394 2694 536 2738 perdiu
561 2693 725 2741 retinet,
757 2696 806 2728 ab
832 2688 1149 2726 Aristolochiae
1172 2690 1466 2737 serpentarz'ae
1481 2692 1527 2726 L.
1552 2690 1761 2726 radicibus
1785 2698 1906 2734 aegre
1923 2686 2070 2725 distin-

245 2751 416 2796 guenda.
477 2752 707 2786 Salutarem
729 2748 901 2796 radicis,
935 2750 1042 2791 apud
1059 2747 1301 2784 monticolas
1317 2748 1447 2783 Javae
1464 2748 1664 2782 adversus
1681 2755 1890 2793 spasmos,
1923 2746 2070 2788 quibus

246 2807 520 2851 parturientes
539 2809 756 2852 tentantur,
781 2808 819 2841 et
834 2804 877 2840 in
893 2805 1084 2848 malignis
1099 2803 1303 2839 infantum
1318 2803 1489 2839 variolis
1507 2803 1572 2838 diu
1592 2812 1682 2838 cum
1697 2799 1817 2837 lau'de
1833 2805 2068 2847 usurpatae,

246 2863 370 2899 etiam
394 2864 437 2899 in
460 2865 640 2899 curanda
665 2862 767 2898 febri
790 2861 1079 2897 intel-mittente
1102 2860 1305 2906 maligna,
1339 2868 1418 2903 qua
1434 2868 1526 2894 ann.
1548 2860 1652 2893 1824
1674 2857 1839 2902 triginta
1855 2857 2070 2901 indigena-

248 2930 335 2955 rum
358 2922 488 2956 Javae
511 2919 642 2954 millia
665 2919 787 2954 simul
811 2916 982 2960 correpti
1007 2918 1299 2963 decubuerunt,
1325 2916 1420 2950 etin
1438 2918 1582 2959 typho,
1608 2914 1675 2957 qui
1693 2923 1787 2949 ann.
1808 2915 1910 2949 1825
1932 2916 2069 2956 plures

247 2976 429 3012 fervidae
460 2976 623 3011 insulae
654 2973 889 3017 provincias
920 2974 1261 3018 depopulabatur,
1294 2971 1517 3007 efficaciam
1549 2974 1741 3014 expertus
1766 2974 1828 3006 est
1853 2969 2071 3006 celeberri-

246 3043 337 3069 mus
368 3034 529 3076 Blume,
559 3032 623 3066 vir
653 3040 730 3065 non
762 3029 896 3065 minus
926 3029 973 3063 de
1003 3028 1187 3064 scientiis
1210 3028 1470 3063 naturalibus
1494 3035 1612 3069 quam
1638 3029 1685 3062 de
1708 3036 1749 3062 re
1771 3027 1926 3062 medica
1949 3029 2070 3070 longe

245 3088 546 3125 meritissimus,
606 3087 727 3121 Aliae
757 3086 916 3127 species
948 3087 994 3120 ob
1026 3088 1183 3128 gratam
1214 3083 1480 3128 fragrantiam
1511 3091 1536 3118 a
1559 3083 1670 3119 Sinis
1694 3086 1732 3119 et
1754 3083 1980 3125 Japonibus
2003 3092 2070 3117 co-

244 3148 397 3182 luntur.
456 3140 694 3178 Asearmae
711 3137 1023 3188 polystachyae
1043 3141 1175 3176 Forst.
1208 3139 1493 3183 (Taitensibus
1516 3142 1639 3184 vulgo
1661 3139 1895 3184 Earaihau]
1920 3137 2067 3175 ramuli

249 3209 275 3237 a
303 3201 504 3238 Forsteris
535 3199 733 3236 exsiccati
763 3206 948 3240 saporem
977 3196 1177 3232 fervidum
1207 3195 1250 3230 in
1280 3196 1479 3231 herbariis
1509 3197 1737 3231 adhucdum
1765 3196 1949 3231 retinent.
2007 3196 2069 3231 De

246 3267 325 3294 usu
355 3258 459 3293 nihil
488 3259 660 3292 constat.
717 3251 951 3300 Hectyosmz'
978 3252 1160 3299 species,
1192 3252 1235 3287 in
1265 3252 1455 3288 America
1484 3252 1638 3296 tropica
1666 3255 1903 3298 nascentes,
1949 3252 2069 3286 odore

247 3314 468 3350 aromatico
483 3317 530 3349 'et
553 3322 699 3356 sapore
721 3311 876 3347 fervido
901 3319 990 3345 cum
1015 3307 1273 3344 Chloranthis
1297 3308 1557 3344 conveniunt.
1616 3308 1780 3344 Ramuli
1801 3311 1838 3343 et
1862 3307 1960 3343 solia
1977 3304 2067 3340 He-

248 3368 410 3416 dyosmz·
429 3369 624 3404 nutantis
649 3370 731 3403 Sw.
759 3370 794 3403 et
820 3363 1052 3412 Hedyosmz‘
1073 3362 1385 3399 arboresceate·s
1410 3366 1496 3401 Sw.
1528 3365 1634 3408 apud
1659 3364 1942 3400 Jamaicenses
1964 3363 2070 3400 inter

247 3426 426 3462 remedia
447 3425 659 3470 popularia
682 3426 881 3461 adversus
905 3431 1090 3467 spasmos
1117 3424 1160 3456 etv
1179 3421 1228 3456 ad
1254 3420 1533 3465 corrigendam
1549 3419 1814 3465 digestionem
1830 3419 2067 3465 languidam

249 3485 459 3519 habentur.
