2147 3756
988 219 1019 226 ι.--
1029 220 1052 225 ,.
1059 221 1081 225 w..
1090 220 1221 225 --.-..·
1266 219 1272 222 -
1304 216 1333 226 ‹-

255 310 462 355 praeditae
478 313 565 346 oleo
581 312 765 348 aethereo
781 312 940 356 largius
957 313 1087 349 foetae
1103 314 1185 349 vim
1212 313 1500 357 stimulantem,
1523 310 1918 360 nervine-tonicam,
1943 321 2067 355 uitae-

254 370 345 404 dam
363 368 700 415 diaphoreticam,
732 373 954 406 nonnullae
972 371 1209 405 diui-eticam
1225 373 1384 405 habent.
1444 369 1628 404 Maxima
1645 370 1723 404 olei
1741 370 1917 405 aetherei
1935 370 2064 416 copia,

252 427 357 466 quod
389 427 476 460 oleo
508 424 668 469 pingui,
717 427 876 461 resinae
905 427 1036 471 molli,
1082 429 1300 471 saccbaro,
1339 426 1583 461 substantiis
1612 426 1851 462 extractivis
1882 429 1917 461 et
1949 426 2065 461 acido

250 481 445 516 benzoico
476 481 696 516 admixtum
729 486 809 527 est,
843 483 882 517 in
914 476 1390 525 paueat-mnspecierum
1416 481 1616 517 fructibus
1639 482 1845 530 pulposis,
1877 480 2068 526 811111331-

250 546 359 573 mum
376 545 511 571 aroma
525 564 534 581 ,
567 539 666 579 quod
689 538 802 573 tlores
820 541 886 580 plu
896 539 1083 573 riinarum
1103 540 1293 582 produnt,
1326 538 1563 574 halantibus
1581 538 1820 574 continetur.

394 589 576 625 Radices
595 590 739 637 Sales),
771 595 990 629 maximam
1014 595 1118 630 inter
1144 594 1322 636 reliquas
1345 594 1634 637 vegetabilium
1660 598 1795 637 partes
1811 593 2068 630 substantiae

251 647 475 683 nutritivae
492 648 648 689 copiam
666 649 707 683 in
724 649 886 684 minimo
905 651 1109 686 volumine
1127 653 1399 694 concelanles,
1433 662 1453 686 e
1470 651 1657 694 plurimis
1674 651 1889 686 orchidum
1907 650 2067 693 specie-

251 707 348 750 bus,
381 714 474 739 vere
507 705 548 738 in
579 705 706 747 pratis
737 706 886 742 nostris
917 707 1151 743 florentibus
1183 707 1424 743 obtinentur.
1494 704 1644 740 Orch‘is
1675 704 1887 741 Morio-11.
1921 706 2067 749 (vulgo

249 761 584 805 Kukuksblume,
618 761 957 807 Knabenkraut),
995 760 1146 798 Orc-his
1163 762 1354 798 muscula
1372 763 1414 798 1ι.
1442 766 1476 798 01
1499 760 1649 797 Orchv’s
1673 761 1875 797 militaris
1893 762 1936 798 L.
1963 762 2066 804 opti-

248 826 356 853 mam
373 817 606 851 rhtzotomis
623 826 796 853 messem
812 820 1052 867 largiuntur,
1077 820 1202 856 vilior
1217 830 1268 855 ex
1288 817 1466 854 Orc-hide
1477 818 1672 864 palustri
1685 821 1813 864 Jacu„
1844 816 1891 854 Ο.
1910 817 2064 866 latifo-

249 870 311 906 lia
328 872 371 909 L.
391 877 428 908 et.
449 871 493 906 0.
510 871 793 909 maculatam.
809 877 990 911 babetur.
1055 874 1206 911 Orc-leis
1217 875 1517 922 papilimmeea
1534 875 1576 911 L.
1597 871 1739 927 (ὄρχις
1758 876 1893 911 Diosc.
1910 872 2066 912 σαλεπι

247 928 416 972 Neogr.)
436 938 461 964 a
478 930 684 965 veteribus
703 930 953 972 potissimum
978 937 1187 975 usurpata.
1246 935 1291 968 In
1308 936 1472 975 Europa
1496 934 1669 969 australi
1691 930 1931 978 Ophrydecm
1955 931 2066 967 radi-

251 995 320 1021 ces
343 988 552 1031 leguntur,
583 987 1029 1025 Boreali-americanis
1053 990 1240 1025 diversae
1263 988 1542 1024 Habeuare‘ae
1566 990 1724 1032 species
1750 990 1926 1024 radicem
1942 990 2063 1030 Salep

246 1044 454 1084 praebent.
519 1043 628 1077 Inter
657 1044 837 1085 reliquas
867 1046 1042 1087 optimae
1072 1050 1309 1091 censentur,
1343 1055 1446 1088 quae
1475 1056 1526 1082 ex
1548 1046 1708 1081 Oriente
1732 1045 1968 1081 commercio
1992 1045 2065 1080 ad·-

246 1100 468 1145 vehuntur,
500 1098 629 1142 figura
647 1101 868 1147 palmatae,
900 1102 1102 1138 inPersia
1120 1103 1454 1146 etlndiaignotis
1477 1103 1674 1137 matribus
1699 1102 1873 1146 genitae.
1931 1098 2063 1135 Eulo-

244 1151 372 1198 plev‘ae
387 1155 562 1196 speciem
582 1153 651 1196 (Ε.
668 1164 767 1190 vera
782 1156 947 1199 Lindi.)
960 1160 1136 1194 radicem
1162 1159 1491 1201 frequentissime
1514 1159 1556 1193 in
1572 1159 1688 1194 India
1711 1161 1949 1201 usurpatam
1972 1165 2065 1200 pro-

247 1213 394 1245 ducere
410 1213 588 1246 credunt.
647 1213 712 1247 Ex
728 1214 896 1255 reliquis
914 1215 1123 1251 Orchideis
1140 1216 1391 1251 nostratibus
1408 1215 1502 1250 olim
1519 1215 1624 1250 inter
1648 1218 1866 1257 pharmaca
1889 1213 2064 1257 receptis

245 1267 389 1310 paucis
412 1268 549 1302 verbis
573 1273 962 1306 commemorandae:
1001 1268 1177 1305 Neoctz‘a
1195 1269 1326 1306 Nidus
1345 1268 1444 1306 Acis
1462 1272 1576 1307 Rich.
1595 1269 1741 1314 (vulgo
1758 1269 2064 1315 w⁷ur1nwurz],

245 1325 364 1365 cujus
395 1325 593 1370 radicem,
639 1334 659 1359 e
689 1325 820 1373 fibris,
859 1328 1145 1363 lumbricorum
1174 1328 1455 1364 intricatorum
1492 1330 1759 1372 glomerulum
1795 1327 2066 1363 referentibus

246 1380 527 1426 compositam,
561 1380 806 1416 tutissimam
830 1385 1031 1419 adversus
1053 1384 1327 1421 verminosam
1351 1385 1582 1427 passionem
1607 1384 1849 1419 medicinam
1875 1386 2064 1426 pharma-

246 1445 383 1471 corum
405 1437 537 1480 signat
547 1445 643 1471 urae
664 1437 830 1474 fidentes
855 1441 1067 1487 credebant
1091 1444 1270 1487 veteres,
1301 1444 1466 1477 herbam
1488 1441 1592 1475 inter
1621 1441 1800 1475 remedia
1826 1439 2066 1475 vulneraria

242 1495 459 1528 habebant.
525 1489 700 1526 Lisco-a
733 1497 864 1528 ovata
887 1497 935 1530 R.
960 1498 1026 1531 Br.
1066 1494 1224 1538 [Herba
1249 1497 1450 1539 Ophrydis
1479 1497 1646 1532 bifoliae
1676 1507 1709 1532 s.
1736 1498 1869 1532 Herba
1900 1495 2064 1539 Bifolii)

242 1550 287 1584 in
303 1549 500 1585 sanandis
524 1549 781 1595 vulneribus,
815 1551 933 1586 radix
958 1549 1222 1597 Eptymclz‘dis
1245 1551 1463 1602 latifoliae
1488 1555 1571 1588 Sw.
1598 1551 1758 1594 (Radix
1781 1553 2067 1588 Helleborinae

242 1605 468 1648 latifoliae]
501 1605 541 1640 in
572 1606 759 1640 leniendo
792 1608 1010 1651 podagrico
1035 1611 1187 1655 dolore,
1220 1606 1537 1643 Platantherae
1560 1607 1736 1656 bvfoliae
1758 1608 1873 1644 Rich.
1905 1607 2066 1650 (Radix

244 1660 443 1708 satyrii),
478 1658 819 1707 Himcmeoglossae·
835 1660 994 1698 hirc-im·
1008 1667 1095 1707 Spr.
1122 1664 1282 1707 (Radix
1304 1665 1591 1709 Tragorchidis
1615 1675 1653 1701 v.
1671 1665 1870 1701 'resticuli
1892 1663 2063 1708 hircini]

244 1723 280 1754 et
308 1715 552 1763 &pit-anchis
576 1717 839 1753 mctumnalis
855 1720 970 1756 Rich.
1003 1721 1163 1763 (Radix
1185 1722 1434 1757 Triorchidis
1460 1724 1580 1757 albae
1606 1723 1797 1757 odoratae
1819 1731 1851 1757 3.
1879 1721 2064 1757 Orchidis

243 1772 436 1817 spiratis)
468 1775 572 1810 inter
601 1775 908 1823 aphrodisiaca,
940 1776 1056 1812 flores
1091 1775 1407 1823 Gwaemadem‘ae
1438 1787 1668 1822 corzopseae
1697 1780 1745 1813 R.
1770 1779 1836 1812 Br.
1862 1778 2063 1814 adversus

244 1831 518 1873 dysenteriam
541 1832 771 1867 laudantur.
830 1828 1071 1867 Arethusae
1095 1832 1293 1868 balbos-cce
1315 1833 1360 1870 L.
1389 1837 1530 1869 tubera
1553 1835 1596 1869 in
1617 1836 1872 1869 maturandis
1897 1834 2064 1870 tumori-

243 1890 318 1923 bus
335 1887 565 1931 languidis,
598 1891 636 1922 et
652 1887 694 1922 in
711 1890 894 1924 sedanda
909 1891 1143 1934 odontalgia
1159 1900 1184 1926 a
1199 1890 1643 1926 Boreali-americanis
1661 1891 1914 1925 adhibentur.
1967 1888 2062 1935 Spi-

244 1941 415 1978 raemthe's
437 1941 669 1977 devm-eticae
692 1945 826 1980 Lindt.
850 1946 971 1980 radix
996 1956 1021 1982 a
1043 1948 1213 1983 medicis
1244 1947 1349 1982 inter
1370 1947 1563 1982 Chilenos
1592 1946 1856 1990 popularibus
1886 1946 2063 1982 admini-

242 2005 416 2046 stratur,
448 2000 571 2035 iidem
591 1997 826 2035 Chlor-aeae
841 1999 1012 2037 ‹lisoidis
1029 2003 1162 2039 Lindl.
1186 2013 1355 2040 succum
1369 2004 1618 2040 lactantibus
1634 2003 1870 2052 propinant,
1899 2007 1943 2039 ut
1965 2012 2063 2047 par-

244 2057 333 2093 cius
351 2057 527 2091 adflintm
543 2057 585 2090 in
603 2058 795 2093 uberibus
812 2063 987 2103 augeant
1004 2060 1181 2097 laticem.
1718 2089 1725 2095 -

382 2113 579 2148 Rhizenia
601 2112 840 2159 quripedzv·
856 2114 1121 2160 pubescentis
1138 2119 1206 2152 W.
1233 2116 1378 2161 (vulgo
1393 2119 1530 2154 Noahs
1546 2118 1654 2165 Ark,
1686 2115 1873 2152 Mocasin
1896 2115 2061 2160 flower)

245 2169 454 2215 fragrans,
493 2170 934 2215 130101111-111110110111113
961 2168 1113 2208 radicis
1137 2174 1386 2210 valerianae
1407 2177 1496 2209 loco
1528 2177 1599 2209 est.
1664 2175 1884 2208 Decoctum
1913 2175 2063 2208 herbae

247 2224 489 2270 varspedQ'
504 2225 771 2272 gullulz'sw.
787 2228 829 2262 111
845 2229 998 2264 Sibiria
1021 2233 1160 2265 contra
1183 2231 1425 2273 epilepsiam
1447 2231 1548 2265 utile
1571 2230 1760 2266 creditur.
1823 2227 2064 2275 Cyprzpede'e‘

247 2280 433 2316 Calceolc·
449 2281 492 2317 ¹1.
510 2282 656 2326 [vulgo
673 2284 990 2328 Frauenschuh)
1009 2287 1202 2322 nostratis
1219 2288 1338 2322 radix
1355 2287 1436 2322 fere
1452 2287 1619 2322 inodora
1634 2289 1707 2321 est.

383 2339 500 2374 Folia
516 2336 991 2389 Aug-raccifragrmecis
1008 2343 1179 2378 Thouar.
1197 2344 1237 2378 111
1256 2343 1406 2378 insulis
1423 2343 1680 2378 Mascarenis
1705 2340 1915 2377 nascentis
1940 2341 2060 2378 fabas

244 2397 380 2439 'l'ongo
397 2397 590 2440 redolent,
615 2405 760 2439 sapore
778 2399 1019 2440 amygdalas
1038 2407 1200 2435 amaras
1218 2399 1448 2444 referentia,
1466 2407 1640 2442 magnae
1655 2398 1697 2433 in
1716 2398 1909 2433 curandis
1927 2399 2061 2440 phthi-

243 2452 344 2487 sicis
368 2452 524 2497 laudis,
557 2452 679 2487 etiam
703 2453 745 2487 in
764 2454 939 2488 Galliam
966 2453 1059 2495 (ubi
1082 2459 1205 2499 vulgo
1229 2457 1356 2491 Faant
1373 2465 1406 2490 s.
1423 2456 1600 2501 Fabam,
1630 2455 1724 2490 item
1742 2453 1849 2490 Thee
1866 2455 1914 2488 de
1930 2456 2060 2490 Bour-

242 2508 344 2552 bon]
362 2509 545 2544 advecta.
601 2509 766 2544 Indicae
783 2511 1001 2552 epiphytae
1018 2513 1155 2553 plures
1180 2512 1284 2547 intel
1307 2511 1485 2546 remedia
1509 2511 1761 2546 antifebrilia
1784 2514 1819 2546 et
1844 2510 2060 2552 diaphore-

244 2565 324 2599 tica
352 2567 564 2599 hibentur.
623 2565 961 2601 Americanaium
991 2570 1216 2603 nonnullae
1247 2577 1369 2604 succo
1391 2567 1551 2604 viscido
1575 2570 1754 2614 scatent,
1787 2566 1856 2610 qui
1879 2568 2060 2636 coctione

240 2621 490 2663 inspissatus
505 2621 676 2663 glutinis
692 2622 829 2664 optimi
845 2623 1022 2665 speciem
1039 2626 1215 2666 praebet

389 2675 408 2708 'ff
415 2673 587 2710 νἰαηιίίτη
613 2675 898 2712 clamculatae
916 2681 1000 2715 Sw.
1014 2706 1022 2726 ,
1055 2680 1097 2715 in
1122 2681 1279 2716 Ι(111111113
1310 2680 1555 2728 crescentis,
1595 2690 1718 2724 sapor
1746 2691 1933 2729 amarus,
1964 2682 2060 2718 odor

242 2733 450 2781 fragrans,
488 2736 614 2769 herba
643 2742 669 2769 a
697 2733 860 2778 nigritis
889 2735 1105 2780 insigniter
1135 2737 1274 2780 antisy
1279 2737 1465 2780 philitica
1493 2741 1700 2784 censetur,
1733 2748 1857 2774 succo
1886 2742 2060 2776 vulnera

241 2794 411 2835 sanant,
442 2790 548 2824 unde
576 2792 699 2834 vulgo
729 2791 859 2826 Liane
890 2802 915 2827 a
942 2794 1141 2829 blessure.
1199 2793 1462 2830 Notissimum
1486 2798 1548 2830 est
1572 2791 1831 2839 siliquarum
1854 2792 2059 2829 »chz'llae

242 2846 456 2887 [Banillae
471 2855 504 2881 s.
522 2847 649 2882 Araci
665 2847 899 2891 aromatici]
916 2848 959 2884 in
975 2849 1162 2891 pluribus
1179 2850 1409 2897 speciebus,
1439 2849 1482 2884 in
1499 2850 1710 2893 republica
1730 2851 1946 2887 mexicana
1969 2854 2059 2887 cul-

242 2901 315 2946 tis,
345 2902 598 2937 nascentium
631 2904 748 2938 dulce
779 2912 935 2950 aroma,
966 2904 1072 2940 inter
1101 2906 1277 2941 remedia
1305 2905 1430 2941 vitam
1458 2906 1700 2942 sensiferam
1730 2906 1954 2943 excitantia
1977 2917 2058 2944 non

240 2957 365 2992 infimi
382 2958 578 3003 nominis,
604 2960 674 2994 sed
691 2959 846 3001 passim
864 2968 889 2994 a
906 2960 1076 2996 medicis
1092 2964 1332 3005 neglectum.
1369 2957 1634 3004 Frequentior
1650 2961 1691 2997 111
1710 2963 1795 3001 dies
1814 2963 2057 3001 condimenti

241 3014 288 3047 ad
308 3023 496 3049 venerem
512 3013 763 3050 stimulantis
780 3014 823 3050 in
837 3015 1081 3052 lautioribus
1099 3017 1272 3061 dapibus
1287 3025 1402 3054 usus.
1986 3012 1989 3013 ⁷

673 3148 844 3194 ordo
873 3148 1123 3195 LXVII.
1180 3151 1618 3207 Apostasieae.

378 3249 572 3296 Herbae
609 3257 886 3308 terrestres,
933 3251 1117 3308 laeves,
1173 3250 1531 3314 rigidiusculae,
1584 3244 1821 3302 radicibus
1866 3254 2052 3303 fibrosis

240 3328 576 3398 perennantes?
618 3321 836 3368 caulzbus
872 3322 1148 3383 gracilibus,
1198 3322 1469 3385 cylindticis
1508 3322 1719 3371 indivisis
1758 3335 1837 3373 aut
1875 3327 2049 3389 simpli-

242 3388 363 3433 citer
398 3390 609 3435 ramosis.
691 3391 759 3437 Fo
766 3392 834 3438 lea
871 3392 1222 3455 approximatim
1262 3393 1465 3451 alterna,
1512 3396 1775 3456 graminea,
1823 3396 2050 3460 quinque-

242 3458 424 3515 nervia,
479 3460 805 3520 multilineata,
867 3477 892 3510 e
945 3461 1047 3510 basi
1100 3461 1464 3526 amplexicauli-
1481 3465 1731 3528 vaginante
1785 3474 2048 3529 angustata.
