2147 3756
1096 129 1209 179 252

243 303 356 340 varie
383 303 666 340 transformato
690 304 828 339 adnati
851 303 1010 346 calycis
1033 301 1156 338 limbo
1180 305 1435 348 coronatum,
1468 302 1716 345 seminisque
1747 304 1909 346 embryo
1939 304 2058 339 albu-

243 360 351 395 mine
368 360 596 407 distitutus,
628 363 762 395 rectus
781 363 815 394 et
835 364 992 395 erectus
1010 359 1195 393 radicula
1212 366 1289 393 sua
1306 357 1462 394 fructus
1480 359 1611 394 basim
1629 359 1832 402 respiciat.
1892 359 2062 402 Simpli-

242 416 451 452 cissimam
478 418 583 452 hanc
614 416 721 452 floris
746 416 982 457 fructusque
1005 417 1269 458 structuram,
1302 414 1344 448 in
1369 423 1448 456 qua
1469 419 1629 458 praeter
1654 418 1845 451 antheras
1871 415 2059 461 coalitas,

242 475 282 508 et
305 473 459 515 calycis
483 473 648 508 limbum
673 472 714 506 in
738 472 868 506 fructu
895 470 1225 507 transformatum
1242 469 1344 505 1111111
1361 473 1481 512 plane
1498 474 1558 506 est
1575 471 1805 517 singulare,
1838 471 2061 513 peculiaris

244 532 284 563 et
306 533 497 564 constans
521 528 734 564 comitatur
759 526 1079 572 intiorescentia,
1113 535 1232 568 quam
1249 527 1509 568 compositam
1524 536 1738 573 vocamus,
1770 535 1874 568 quae
1892 530 1978 562 utut
1996 536 2061 562 re-

243 593 341 620 vera
365 585 560 620 normalis
584 588 620 619 01
646 583 687 617 111
713 582 810 618 01115
834 583 988 624 plantis
1013 581 1158 617 obviae
1182 582 1462 624 dispositionis
1481 586 1618 625 typum
1636 583 1836 629 referens,
1867 584 1909 618 in
1926 592 1971 618 eo
1988 585 2061 619 ab·

242 641 395 676 normis
427 641 554 683 primo
582 639 731 674 intuitu
760 638 939 684 videtur,
972 639 1075 681 quod
1106 638 1363 674 flosculorum
1385 639 1751 674 minutissimorum
1769 638 1914 682 ingens
1937 646 2061 682 saepe

243 706 459 740 numerus,
491 697 532 731 in
563 698 731 730 densum
755 694 979 737 capitulum
1003 697 1218 741 collectus,
1251 694 1372 731 unius
1394 695 1505 731 floris
1529 696 1753 744 imaginem*
1768 695 1936 742 referat,
1966 697 2062 730 bra-

244 757 436 796 cteaeque
458 751 782 786 inflorescentiae
805 754 1037 786 contractae
1053 751 1183 787 basim
1202 751 1405 794 stipantes
1418 754 1620 797 calycem,
1653 751 1792 786 tiorum
1809 751 2062 798 extimorum,

243 819 265 844 e
295 811 384 851 lege
414 808 592 843 naturali
618 816 740 850 saepe
769 807 1085 854 luxuriantium,
1132 810 1308 843 corollae
1345 809 1571 850 petalorum
1608 808 1764 843 radium
1802 807 2061 844 mentiantur.

236 863 323 900 ‘Per
353 865 459 900 alias
491 866 722 906 plantarum
752 863 932 899 familias
965 863 1227 906 dispicientes
1257 863 1301 899 111
1334 862 1588 909 Calpem-eas
1613 863 2061 909 primunsoffendimus,

243 921 519 964 paucissimas
543 922 708 962 plantas
730 922 1060 962 complectentem
1077 921 1276 967 ordinem,
1310 921 1427 962 cujus
1445 920 1749 956 inflorescentia
1763 918 1959 962 floresque
1976 919 2064 955 sin-

243 977 330 1020 guli
355 978 407 1012 ad
430 977 600 1011 eundem
624 978 765 1021 plane,
806 986 922 1019 quem
945 976 988 1012 in
1012 976 1254 1020 Compositis
1279 976 1590 1023 descripsimus,
1624 979 1762 1019 typum
1786 979 1880 1012 sunt
1905 975 2063 1011 confor-

242 1032 362 1080 mati,
394 1033 436 1068 in
454 1041 499 1067 eo
517 1034 650 1068 solum
667 1035 922 1078 aberrantes,
948 1034 1053 1075 quod
1070 1035 1273 1076 gemmula
1289 1042 1369 1067 non
1388 1043 1408 1068 e
1425 1033 1516 1068 basi
1533 1033 1623 1068 cavi
1641 1033 1836 1076 germinis
1853 1035 2061 1075 exsurgat,

243 1090 315 1125 sed
332 1098 383 1124 ex
398 1090 578 1131 ejusdem
594 1089 746 1124 vertice
763 1089 942 1131 pendula
957 1093 1170 1135 nascatur,
1197 1092 1236 1124 et
1252 1089 1482 1131 embryonis
1500 1098 1672 1124 carnoso
1690 1089 1896 1124 albumine
1910 1087 2064 1123 inclusi

244 1146 429 1181 radicula
459 1145 627 1181 fructus
647 1144 838 1182 verticem
869 1145 1084 1192 respiciat,
1115 1147 1250 1188 stylus
1288 1145 1410 1180 etiam
1432 1149 1649 1191 {nunquam
1682 1145 1842 1180 divisus
1873 1144 2065 1188 stigmate

241 1202 417 1245 capitato
436 1203 681 1237 terminetur.
732 1198 975 1246 Dv‘pSctceas
990 1202 1084 1237 inde
1100 1204 1315 1246 habemns,
1348 1210 1513 1243 quarum
1534 1204 1749 1244 pleraeque
1765 1199 2066 1236 inflorescentia

242 1259 424 1301 capitata
454 1260 493 1293 et
521 1258 798 1305 involxucrata,
830 1260 1054 1293 nonnullae
1085 1258 1205 1294 etiam
1237 1257 1408 1301 capituli
1432 1257 1596 1293 floribus
1621 1257 1784 1292 extimis
1808 1257 2064 1293 radiantibus

241 1314 487 1358 Compositis
515 1314 773 1362 simillimae,
805 1317 888 1349 tum
912 1317 1091 1350 corollae
1107 1314 1216 1350 χ101115
1242 1324 1313 1357 per
1330 1314 1638 1350 aestivationem
1656 1313 1856 1360 valvatiS,
1890 1316 1972 1348 tum
1990 1322 2064 1349 an·
2095 1318 2098 1320 ’

242 1371 367 1407 theris
396 1370 540 1406 liberis
573 1374 623 1407 ab
654 1371 801 1407 iisdem
832 1370 1158 1417 diversissimae,
1191 1370 1430 1406 involucelli
1461 1370 1648 1413 singulos
1673 1370 1791 1405 flores
1815 1369 2065 1413 cingentium

240 1428 444 1463 constanti
466 1427 718 1472 praesentia,
752 1426 930 1470 germine
953 1429 1038 1462 solo
1064 1426 1179 1469 apice
1196 1437 1287 1462 cum
1303 1428 1447 1469 calyce
1464 1426 1631 1472 coalito,
1664 1426 1817 1462 semine
1833 1427 2008 1469 pendulo
2025 1428 2064 1462 et

239 1486 456 1526 embryone
471 1483 728 1518 albuminoso
743 1482 908 1526 lonqus
925 1484 1056 1518 adhuc
1074 1484 1278 1532 recedunt.
1322 1480 1607 1516 Valet-innecte
1622 1483 1839 1525 Dipsaceis
1855 1482 2064 1524 proximae

240 1549 332 1575 cum
349 1540 591 1582 Compositis
616 1539 1053 1582 consentiuntcalycis
1079 1538 1281 1574 fructiferi
1303 1538 1427 1574 limbo
1444 1538 1487 1573 in
1501 1548 1678 1582 pappum
1697 1541 1869 1574 abeunte
1886 1542 1924 1574 et
1940 1538 2065 1575 semi-

239 1596 359 1632 nibus
398 1596 744 1642 exalbuminosis,
782 1594 1103 1640 inflorescentia,
1145 1595 1390 1632 staminibus
1420 1595 1582 1641 liberis,
1620 1595 1802 1639 germine
1832 1594 1993 1630 trimero
2024 1598 2064 1631 et

237 1653 451 1696 gemmulis
468 1653 656 1694 pendulis
675 1651 995 1687 diversissimae.
1058 1649 1410 1698 Campanalae‘nae,
1445 1652 1678 1687 multimode
1696 1651 1802 1687 alias
1821 1651 2062 1694 Compositis

237 1708 404 1755 affines,
437 1709 617 1752 germine
640 1708 944 1756 pluriloculari,
977 1711 1016 1744 et
1037 1708 1252 1754 gemmulis
1268 1708 1456 1752 pluribus
1474 1707 1654 1744 alienum
1671 1710 1722 1744 ab
1738 1709 2063 1752 Aggregatarum

240 1764 505 1812 simplicitate
523 1768 663 1809 typum
680 1767 917 1808 sequuntur.

383 1829 812 1885 Geographia.
872 1834 1150 1881 Compositae,
1183 1835 1382 1872 decimam
1411 1835 1495 1871 fere
1525 1838 1759 1878 plantarum
1785 1833 2065 1871 vascularium

240 1894 394 1936 partem
411 1895 742 1938 complectentes,
774 1901 846 1935 per
862 1901 1020 1927 omnem
1037 1895 1232 1927 terrarum
1249 1895 1380 1927 orbem
1400 1891 1569 1927 diffusae
1587 1892 1861 1937 reperiuntur,
1894 1900 1943 1927 ea
1956 1893 2061 1938 lege,

239 1948 504 1985 utimminuto
514 1958 658 1985 versus
673 1951 787 1991 polos
805 1952 843 1983 et
857 1950 1115 1984 decrescente
1132 1948 1431 1991 aliquantulum
1446 1957 1591 1985 versus
1610 1952 1868 1990 aequatorem
1884 1957 2063 1993 numero,

238 2005 282 2041 in
298 2005 478 2049 regionib
486 2015 531 2041 us
547 2005 780 2049 temperatis
797 2004 1060 2040 calidioribus
1079 2004 1331 2047 frequentius
1347 2005 1547 2050 habitent,
1574 2004 2006 2048 copiosissimeautem
2022 2003 2065 2039 in

238 2061 392 2098 insulis
419 2061 584 2104 tropicis
608 2061 955 2107 subtropicisque,
987 2064 1026 2096 et
1047 2061 1090 2096 10
1113 2060 1403 2096 continentium
1433 2065 1566 2097 tractu
1581 2070 1661 2097 non
1676 2064 1795 2104 longe
1812 2069 1837 2096 a
1852 2060 1978 2096 maris
1993 2060 2064 2096 lit-

240 2122 324 2154 tore
341 2121 491 2154 1001010
507 2122 743 2154 0050001111.
773 2118 967 2153 Α11101·100
983 2117 1024 2152 111
1042 2117 1280 2153 universum
1296 2117 1522 2160 specierum
1537 2120 1662 2153 multo
1682 2117 1866 2153 feracior.
1899 2116 2065 2159 Species

239 2177 464 2210 herbaceae
487 2173 530 2208 in
556 2174 718 2210 climate
741 2176 960 2216 temperato
977 2177 1014 2208 01.
1031 2173 1199 2219 frigido,
1231 2174 1501 2209 frutescentes
1519 2174 1560 2208 in
1578 2174 1843 2209 calidioribus
1860 2173 2060 2221 habitant,

243 2232 550 2267 arborescentes
566 2231 609 2266 in
625 2230 776 2266 insulis
793 2229 1068 2272 intertropicis
1085 2233 1124 2264 et
1141 2229 1380 2265 antarcticis
1397 2230 1664 2273 reperiuntur.
1703 2227 1854 2264 Tubuli
1890 2238 2064 2263 orarum

240 2289 372 2330 major
392 2287 498 2332 inter
520 2286 695 2330 tropicos
713 2295 926 2332 numerus,
957 2281 1237 2332 ngulv'florcce
1253 2286 1295 2321 in
1312 2286 1545 2329 temperatis
1559 2286 1869 2329 hemisphaerae
1885 2285 2064 2322 borealis

240 2343 493 2386 frequentius
524 2346 780 2387 generantur.
838 2338 1154 2388 Labiatr'florae
1177 2352 1315 2379 omnes
1345 2346 1458 2378 trans
1490 2351 1682 2378 cancrum
1710 2342 1917 2388 habitant,
1949 2345 2066 2378 extra

240 2399 476 2436 Americam
506 2407 647 2448 rarae,
695 2399 737 2434 in
770 2400 881 2435 Novo
914 2399 1153 2447 continente
1184 2402 1298 2435 trans
1329 2401 1588 2443 aequatorem
1620 2402 1659 2434 et
1690 2398 1974 2443 capricornum
1995 2407 2065 2437 00-

239 2464 395 2500 plosae.

381 2520 743 2572 &ualitates
761 2529 799 2563 et
814 2532 982 2567 usus.
1019 2528 1080 2563 De
1099 2525 1420 2576 Compositarum
1437 2526 1586 2563 virtute
1604 2525 1745 2569 paucis
1763 2527 1930 2570 agentes
1943 2525 2064 2569 juxta
2114 2533 2121 2537 ’

241 2582 520 2628 amplissimae
538 2584 719 2620 familiae
736 2584 780 2619 in
795 2585 1037 2620 subordines
1054 2586 1264 2619 naturales
1282 2583 1525 2619 divisionem
1541 2583 1810 2626 procedimus.

382 2641 645 2676 substantiae
679 2648 863 2690 amarae,
896 2649 987 2675 cum
1024 2639 1238 2682 principii-s
1270 2639 1638 2686 adstringentibus,
1670 2637 1869 2675 resinosis
1899 2638 2065 2674 acribus

240 2700 280 2734 et
304 2698 392 2732 oleo
415 2699 622 2744 aethereo,
655 2696 802 2739 quibus
834 2696 877 2731 in
909 2697 1176 2739 plurimarum
1198 2695 1337 2732 radice
1360 2696 1552 2733 materies
1576 2697 1792 2738 amylacea
1813 2694 1880 2731 sui
1903 2694 2064 2738 generis

242 2753 266 2796 (
265 2751 456 2797 Inminet)
476 2753 653 2799 accedit,
684 2753 727 2788 in
749 2749 1021 2799 Tubnle'florz's
1039 2752 1292 2788 combinatae
1311 2762 1402 2789 esse
1421 2755 1572 2798 solent,
1603 2752 1662 2787 ita
1685 2754 1727 2786 ut.
1743 2760 1813 2794 pro
1829 2750 1947 2786 varia
1961 2750 2065 2786 ista-

240 2819 327 2845 rum
343 2809 516 2846 miscela
532 2810 640 2845 aliae
654 2809 804 2845 virtute
823 2809 976 2856 tonica,
1010 2809 1119 2844 aliae
1136 2808 1299 2844 stimulo
1311 2836 1321 2856 ,
1354 2818 1470 2852 quem
1487 2807 1650 2852 organis
1666 2806 1974 2843 secernentibus
1990 2807 2065 2841 ad—

238 2867 358 2914 dunt,
391 2866 472 2902 sint
490 2869 696 2902 salutares
710 2892 720 2912 ,
753 2867 951 2908 quaedam
968 2865 1090 2901 etiam
1106 2865 1456 2908 adstringentibus
1473 2867 1781 2900 accenseantur.

378 2924 487 2958 Inter
513 2922 738 2958 medicinas
762 2924 998 2957 roborantes
1025 2920 1469 2967 amaro-aromaticaS,
1502 2915 1758 2954 Artemisiae
1774 2917 1974 2962 imprimis
1990 2927 2065 2954 no-

239 2977 457 3016 minandae
480 2981 596 3024 sunt,
628 2981 791 3013 vastum
814 2979 1044 3019 plantarum
1067 2985 1196 3020 genus
1220 2980 1258 3012 et
1278 2978 1361 3012 late
1385 2978 1458 3019 per
1481 2978 1678 3011 terrarum
1700 2977 1835 3011 orbem
1860 2974 2063 3022 diffusum,

239 3036 359 3078 cujus
383 3036 523 3078 plures
549 3033 706 3076 species
730 3035 779 3068 ab
805 3032 1105 3074 antiquissimis
1131 3031 1377 3075 temporibus
1401 3032 1443 3066 in
1459 3032 1703 3067 medicorum
1726 3040 1834 3075 penu
1850 3033 2062 3067 habentur.

240 3087 473 3125 Artemisia
482 3086 746 3124 Absinthium
762 3089 882 3124 Linn.
893 3088 1180 3132 [Absintlrium
1197 3090 1366 3132 vulgare
1376 3087 1503 3135 Ome„
1522 3086 1760 3131 W'ermuth]
1777 3081 2065 3123 &Artemisia

236 3145 414 3193 pontica
434 3147 554 3182 Linn.
578 3145 868 3190 (Absinthium
894 3144 1098 3187 ponticum
1121 3154 1153 3181 5.
1172 3152 1381 3180 romanum
1399 3143 1535 3189 offic.)
1554 3147 1717 3187 plantae
1733 3146 1957 3190 nostrates,
1988 3152 2064 3179 nec

240 3213 320 3240 non
337 3199 569 3238 Artemisia
586 3198 847 3237 Abrotanum
862 3200 981 3236 Linn.
1001 3198 1319 3247 [Abrotanum]⁷
1343 3203 1468 3236 herba
1484 3211 1534 3237 ex
1552 3201 1712 3237 Oriente
1727 3200 1771 3236 in
1785 3202 1921 3236 hortos
1937 3199 2065 3235 intro-

239 3260 383 3307 ducta,
415 3262 463 3296 ob
494 3258 688 3295 aromatis
713 3256 843 3294 amari
867 3256 1160 3300 praestantiam
1185 3256 1229 3292 in
1251 3259 1402 3300 vulgus
1425 3261 1566 3304 notae,
1599 3256 1839 3300 qualitatem
1862 3255 2062 3298 principio

240 3324 378 3351 amaro
403 3316 645 3359 crystallino
671 3309 1032 3360 (Abs-inemrnae),
1065 3313 1182 3349 acido
1208 3313 1430 3356 peculiaris
1454 3313 1607 3350 indolis
1633 3317 1671 3349 01.
1687 3315 1774 3348 0100
1791 3314 1978 3348 aethereo
1995 3311 2064 3346 de-

241 3373 346 3407 bent.
369 3368 709 3408 Abrotam’etiam
722 3370 765 3407 in
775 3369 996 3407 condiendo
1012 3373 1143 3406 musto
1159 3368 1350 3412 frequens
1365 3372 1555 3407 115115.“111
1571 3372 1696 3405 herba
1705 3364 1960 3402 Artemisiae
1976 3364 2062 3401 vul-

236 3425 358 3472 garis
381 3428 499 3465 Linn.
518 3426 790 3472 (Artemisiae
814 3427 961 3463 rubrae
983 3434 1017 3463 5.
1035 3427 1154 3462 albae
1170 3424 1307 3470 01110.)
1325 3435 1463 3463 aroma
1477 3426 1614 3464 minus
1630 3425 1798 3470 emicat,
1830 3431 1856 3460 a
1871 3425 2064 3461 substan-

240 3483 309 3520 tiis
328 3483 690 3533 adstringentibus,
716 3483 856 3523 resina
869 3482 982 3522 molli
999 3481 1086 3521 acri
1102 3485 1140 3519 et
1163 3483 1249 3520 oleo
1266 3482 1409 3528 pingui
1425 3490 1668 3529 repressum.
1713 3479 1908 3519 Radicem
1922 3481 2063 3516 contra
