2147 3756
1060 119 1176 168 66ss

352 290 668 339 szgm'sorbae
695 288 932 340 offic-inethe
962 291 1082 328 Linn.
1114 295 1152 327 et
1175 289 1343 325 Poteris
1365 287 1676 338 Sangm'sorbae
1699 291 1819 331 Linn.
1851 291 2047 339 (Pimpi-,

212 352 348 387 »ienae
372 350 537 385 italicae
560 348 696 392 0ffic.)
728 359 829 385 usus
852 349 956 384 inter
979 349 1203 384 medicinas
1228 348 1527 393 adstringentes
1550 349 1619 384 diu
1642 351 1859 393 sepositus.
1920 349 2032 386 San·
2048 334 2060 346 ⁸

209 405 436 455 gue'sorbae
451 403 702 440 canadensis
719 406 837 441 Linn.
858 405 1036 440 radicem
1053 413 1232 447 amaram
1250 409 1287 439 et
1304 398 1641 452 adstringent'em‚
1659 408 1875 443 accedente
1892 409 2033 450 aliqua

211 463 423 510 acredine,
447 471 693 499 nauseosam
710 466 745 497 et
764 461 974 497 emeticam
992 461 1220 508 perhibent,
1257 461 1457 496 fructibus
1473 462 1554 498 vim
1571 462 1941 510 stupefacientem,
1959 474 2033 500 ne-

212 520 296 556 scio
321 529 397 562 quo
415 521 529 566 jure,
561 519 811 555 adscribunt.
871 513 1068 551 Acaenae
1092 517 1549 564 austro-americanae,
1582 529 1603 554 e
1620 520 1847 562 propinqua
1863 520 2034 556 istarum

209 576 532 622 necessitudine,
565 575 786 610 diureticae
804 574 1033 610 creduntur.
1092 571 1416 619 Margyrz'cmpz'
1429 574 1561 609 setosi
1576 576 1680 611 Ruiz
1699 579 1737 612 et.
1755 577 1854 612 Pav.
1873 578 2053 616 decocto,

210 633 391 669 Peruani
407 634 607 668 adversus
623 631 949 666 haemorrhoides
968 633 1146 667 utuntur.
1191 632 1364 666 Fructus
1382 640 1507 674 parca
1523 640 1617 667 caro
1636 632 1769 668 edulis
1787 636 1861 669 est.
1907 628 2035 679 Agri·

212 688 377 723 maniae
400 687 633 732 Eupatorii
648 688 768 723 Linn.
795 685 1031 735 (Lappulae
1055 687 1268 730 hepaticae
1284 686 1442 732 offic),
1475 691 1638 730 plamae
1661 689 1875 736 nostratis,
1907 691 2033 731 herba

212 755 302 782 cum
325 746 479 781 modico
505 747 684 779 aromate
707 744 1165 790 amaro-adstringens,
1198 744 1304 779 inter
1321 744 1499 780 remedia
1516 745 1941 788 tonino-stimulantira
1957 755 2034 780 nu-

211 807 401 839 meratur.
447 797 720 833 Alchemillae
737 798 928 846 vulgaris
944 800 1063 836 Linn.
1089 798 1263 845 (Sinau,
1289 800 1627 844 Frauenmantel)
1645 801 1873 837 consimilis
1890 803 2037 839 virtus.

211 856 486 893 Alchemz'llae
502 856 695 891 ezr-vensis
712 859 830 900 Scop.
856 859 998 902 herba,
1019 867 1109 892 cum
1126 857 1284 892 modica
1301 858 1489 892 acredine
1505 866 1666 905 amara,
1686 857 1846 893 urinam
1862 863 2006 894 movet.

354 915 626 957 Spiraeaceae
656 918 816 957 praeter
846 913 1101 949 substantias
1132 913 1451 959 adstringentes,
1486 914 1648 949 resinae
1680 918 1718 950 et
1747 915 1827 950 olei
1858 913 2037 950 aetherei

212 971 432 1016 portionem
449 970 647 1006 modicam
665 973 821 1014 gerunt.
862 967 1066 1015 Sp2'raeae
1085 966 1246 1004 Ammoi
1262 970 1380 1006 Linn.
1399 968 1582 1013 (Bar-bae
1599 977 1746 1014 caprae
1763 969 1901 1014 Offic.)
1918 971 2037 1007 radix

212 1029 331 1065 odore
347 1030 583 1073 vehemens,
608 1027 767 1070 saporis
783 1036 872 1062 cum
891 1027 1162 1062 amaritudine
1179 1027 1354 1070 austeri,
1373 1027 1559 1070 patribus
1575 1028 1679 1063 inter
1695 1028 1872 1063 remedia
1886 1028 2036 1073 tonica,

212 1084 419 1126 febrifuga
436 1084 735 1127 commendata,
762 1083 881 1118 hodie
896 1083 1078 1126 seposita
1095 1087 1167 1119 est.
1228 1080 1434 1127 Spiraeae
1457 1080 1679 1118 Ulmarme
1692 1084 1811 1119 Linn.
1829 1082 2037 1135 (Reginae

212 1141 320 1185 prati
338 1140 475 1184 Offic.)
494 1150 631 1175 omnes
651 1144 785 1187 partes
803 1140 1025 1183 Amygdali
1043 1149 1208 1175 amarae
1224 1141 1381 1175 odorem
1400 1143 1608 1188 spargunt.
1640 1141 1775 1176 Radix
1793 1141 2038 1176 anthelmiu-

212 1198 324 1233 thica
353 1197 514 1233 dicitur.
574 1192 781 1242 Spo‘raeae
810 1193 1097 1241 Filmendulae
1119 1197 1237 1232 Linn.
1271 1194 1540 1240 (sarrin-agae
1565 1199 1710 1232 rubrae
1733 1196 1869 1240 effic.)
1896 1199 2038 1232 tubera

213 1253 414 1290 radicalia
438 1253 838 1289 amaro-aromatica
861 1254 1068 1289 deficiente
1092 1261 1257 1288 annona
1280 1254 1554 1289 comeduntur.
1615 1255 1725 1289 Haec
1752 1253 1874 1288 etiam
1892 1255 2039 1289 adver-

213 1320 286 1347 sus
303 1311 616 1353 hydrophobiam
635 1311 914 1346 commendata
930 1309 1106 1346 fuerunt.
1168 1306 1381 1353 Gillenm,
1415 1309 1457 1345 in
1476 1310 1666 1346 America
1680 1309 1835 1346 boreali
1851 1314 2039 1346 crescen-

214 1368 340 1413 tibus,
382 1368 607 1410 peculiaris
645 1368 792 1402 acredo
829 1367 1015 1402 virtutem
1049 1366 1259 1402 emeticam
1290 1369 1328 1402 et
1358 1367 1535 1402 drastice
1565 1370 1802 1411 purgantem
1834 1366 2039 1403 conciliat.

217 1422 427 1458 Gv‘llem‘ae
461 1421 706 1471 trae‘fide‘atae
735 1426 896 1459 monch.
929 1427 968 1458 et
999 1420 1210 1458 Gillem'ae
1239 1420 1503 1468 stipalaceae
1531 1425 1640 1461 Nutt.
1673 1423 1793 1459 radix
1820 1423 1926 1459 inter
1947 1425 2040 1466 Ine-

216 1484 454 1517 cacuanhae
469 1482 727 1516 succedanea
743 1484 991 1516 numeratur.

361 1534 578 1582 Qecillajae
604 1534 872 1583 Saponarme
896 1539 1013 1583 Mol.‚
1045 1535 1201 1572 arboris
1231 1535 1448 1586 chilensis,
1481 1540 1618 1573 cortex
1641 1535 1801 1579 saporis
1823 1535 2041 1580 pungenti-

215 1593 343 1640 acris,
377 1595 584 1630 materiem
601 1603 691 1630 cum
708 1603 815 1638 aqua
832 1593 1001 1638 saponis
1017 1593 1149 1629 instar
1164 1597 1440 1641 spumantem,
1473 1594 1608 1637 qualis
1624 1593 1710 1630 fere
1724 1593 1767 1628 in
1785 1593 2039 1629 Silenearum

217 1652 427 1688 radicibus
445 1651 623 1698 residet,
647 1653 844 1688 concelat.

356 1705 584 1754 Brayerae
606 1703 986 1742 anmehm‘nchicae
1009 1707 1160 1743 Kunth.
1184 1705 1386 1754 (misso),
1419 1705 1577 1743 arboris
1602 1705 1887 1752 abyssinicae,
1920 1705 2038 1742 flores

217 1764 464 1800 tutissimum
489 1765 688 1800 adversus
705 1764 902 1800 Taeniam
927 1765 1144 1800 remedium
1162 1764 1386 1807 perhibent.
1445 1764 1524 1802 Sed
1540 1763 1681 1800 istium
1697 1773 1771 1800 nec
1788 1763 1919 1800 virtus
1936 1762 2041 1799 satis

218 1824 432 1865 explorata
449 1825 530 1870 est,
561 1831 637 1858 nec
654 1821 835 1858 affinitas
851 1821 1055 1857 naturalis
1071 1820 1267 1857 stabilita.

608 1957 782 2004 ordo
816 1955 1148 2005 CCLXXV.
1205 1956 1656 2015 Amygdaleae.
1697 1984 1699 1986 -

362 2061 587 2108 Frutices
618 2077 661 2107 v.
695 2060 923 2118 arbores,
973 2059 1178 2106 inermes
1210 2068 1288 2107 aut
1326 2059 1514 2106 ramulis
1553 2056 1929 2122 spinescentibus
1966 2073 2048 2104 ar-

222 2139 392 2178 matae.
472 2132 614 2178 Folia
660 2131 865 2187 alterna,
920 2131 1149 2193 simplicia
1194 2131 1404 2192 integra,
1461 2139 1666 2187 serrata,
1719 2129 2042 2193 penninervia,

219 2203 399 2267 petiolo
443 2217 544 2267 cum
587 2201 758 2248 lamina
796 2201 1043 2257 continu0,
1092 2200 1368 2263 saepissime
1407 2199 1508 2246 basi
1547 2209 1627 2246 aut
1657 2202 1792 2263 apice
1824 2197 2046 2262 glandula

224 2273 452 2336 depressa
483 2274 731 2319 instructo.
796 2272 1020 2333 Stz'pulae
1051 2271 1256 2329 liberae,
1291 2270 1516 2319 caducae.
1578 2270 1752 2318 Flores
1781 2269 2044 2333 regulares,

220 2344 425 2409 perfecti
457 2359 497 2390 v.
533 2343 683 2389 rarius
716 2342 882 2388 abortu
915 2342 1207 2404 imperfecti,
1254 2356 1517 2404 praecoces
1549 2357 1631 2388 seu
1670 2340 1863 2388 floribus
1903 2356 2046 2388 coae-

222 2417 374 2472 tanei,
423 2415 468 2460 in
509 2429 750 2470 racemos,
799 2413 1050 2476 corymbos
1088 2429 1129 2460 v.
1163 2413 1389 2460 umbellas
1429 2411 1666 2476 dispositi,
1713 2413 1864 2459 rarius
1896 2411 2044 2474 gemi-

224 2487 322 2532 nati
355 2502 396 2532 v.
432 2485 654 2542 solitarii,
689 2482 938 2547 pedicellis
969 2483 1243 2530 bracteatis.
1323 2485 1480 2546 Calyoe
1511 2482 1652 2541 liber,
1697 2480 2040 2547 quinquelidus,

226 2555 480 2616 deciduus,
528 2555 712 2603 laciniis
751 2555 1061 2602 aestivatione
1102 2555 1378 2601 imbricatis.
1459 2555 1685 2601 Corollae
1724 2554 1878 2617 petala
1911 2553 2044 2617 quin-

229 2643 341 2692 que,
389 2626 559 2675 annulo
602 2642 825 2683 carn050,
874 2626 1052 2689 calycis
1084 2626 1240 2672 tubum
1273 2626 1516 2682 vestienti,
1563 2623 1795 2671 interdum
1829 2624 2046 2671 obsoleto

226 2700 427 2756 inserta,
476 2696 603 2744 limbi
644 2697 824 2743 laciniis
863 2696 1067 2753 alterna,
1119 2696 1327 2743 breviter
1363 2696 1688 2758 unguiculata,
1737 2695 2046 2742 aestivatione

229 2769 543 2817 convolutiva.
627 2769 847 2815 Stamina
892 2784 993 2814 cum
1039 2767 1209 2830 petalis
1254 2768 1455 2823 inserta,
1503 2766 1744 2828 multiplici
1791 2763 2045 2812 eorundem

228 2856 422 2891 numero
464 2837 772 2896 suhdefinita,
824 2838 1059 2902 aequalia,
1109 2839 1263 2884 omnia
1300 2837 1494 2884 fertilia.
1571 2838 1844 2884 Fz'lamcnta
1880 2833 2046 2882 filifor-

229 2913 342 2968 mia,
389 2910 554 2956 libera.
628 2911 885 2957 Antlzcrae
916 2910 1172 2966 introrsae,
1218 2908 1527 2965 biloculares,
1575 2916 1741 2954 ovatae
1773 2924 1819 2953 v.
1855 2906 2049 2970 subglo-

230 2982 400 3040 bosae,
431 2978 839 3043 longitudinaliter
870 2978 1189 3027 dehiscentes,
1263 2981 1463 3026 Germen
1496 2979 1703 3034 unicum,
1739 2977 2048 3034 uniloculare,

232 3053 474 3099 rarissime
514 3051 729 3114 plurima,
778 3049 944 3096 libera.
1025 3050 1295 3097 Gemmnlae
1333 3049 1494 3108 binae,
1543 3064 1603 3096 ex
1648 3049 1783 3111 apice
1831 3047 2048 3095 cavitatis

236 3122 577 3169 collateraliter
613 3120 870 3185 pendulae,
917 3127 1188 3182 anatropae.
1263 3121 1428 3182 Stylus
1470 3120 1730 3166 terminalis
1776 3127 1855 3166 aut
1899 3118 2050 3166 rarius

235 3192 555 3249 sublateralis‚
590 3192 810 3256 simplex3
851 3193 1029 3254 ste'gma
1062 3192 1330 3254 capitatum.
1403 3192 1577 3253 Dretpa.
1608 3190 1912 3254 sarcocarpio
1945 3204 2050 3236 car·
2103 3240 2128 3244 ἢ

236 3281 353 3311 noso
405 3281 450 3312 v.
498 3262 962 3319 coriacco-fibroso,
1022 3262 1257 3326 putamine
1304 3278 1444 3309 osseo
1500 3278 1541 3307 v.
1590 3260 1796 3324 lignoso,
1856 3259 2047 3317 bivalvi,

236 3335 406 3382 abortu
458 3335 732 3398 saepissime
787 3349 1128 3397 monosperma.
1217 3334 1388 3380 Semen
1434 3332 1642 3378 funiculo
1674 3345 1715 3378 ¹e
1761 3331 1862 3378 basi
1907 3329 2050 3377 loculi

238 3403 547 3453 adscendenti
585 3420 857 3469 appensum,
905 3405 1227 3466 integumento
1258 3403 1618 3451 membranaceo
1650 3419 1691 3450 v.
1723 3399 2050 3449 subcoriaceO.

238 3475 526 3539 Embryom's
556 3472 918 3533 exalbuminosi‚
959 3475 1224 3539 orthotropi
1256 3475 1566 3538 cotyledones
1598 3488 1850 3540 carnosae,
1889 3470 2052 3537 planof-
