<?xml version="1.0" encoding="UTF-8"?>
<!DOCTYPE html PUBLIC "-//W3C//DTD XHTML 1.0 Transitional//EN"
    "http://www.w3.org/TR/xhtml1/DTD/xhtml1-transitional.dtd">
<html xmlns="http://www.w3.org/1999/xhtml" xml:lang="en" lang="en">
 <head>
  <title>
</title>
<meta http-equiv="Content-Type" content="text/html;charset=utf-8" />
  <meta name='ocr-system' content='tesseract 3.04.00' />
  <meta name='ocr-capabilities' content='ocr_page ocr_carea ocr_par ocr_line ocrx_word'/>
</head>
<body>
  <div class='ocr_page' id='page_1' title='image "./enchiridionbotan00endl/enchiridionbotan00endl_0337.png"; bbox 0 0 2147 3756; ppageno 0'>
   <div class='ocr_carea' id='block_1_1' title="bbox 955 102 1066 152">
    <p class='ocr_par' dir='ltr' id='par_1_1' title="bbox 955 102 1066 152">
     <span class='ocr_line' id='line_1_1' title="bbox 955 102 1066 152; baseline 0.018 -2"><span class='ocrx_word' id='word_1_1' title='bbox 955 102 1066 152; x_wconf 76' lang='lat'>&#39;519</span> 
     </span>
    </p>
   </div>
   <div class='ocr_carea' id='block_1_2' title="bbox 926 181 1121 187">
    <p class='ocr_par' dir='ltr' id='par_1_2' title="bbox 926 181 1121 187">
     <span class='ocr_line' id='line_1_2' title="bbox 926 181 1121 187; baseline 0 0"><span class='ocrx_word' id='word_1_2' title='bbox 926 181 1121 187; x_wconf 95' lang='lat' dir='ltr'> </span> 
     </span>
    </p>
   </div>
   <div class='ocr_carea' id='block_1_3' title="bbox 209 266 1699 540">
    <p class='ocr_par' dir='ltr' id='par_1_3' title="bbox 269 266 1678 318">
     <span class='ocr_line' id='line_1_3' title="bbox 269 266 1678 318; baseline 0 -7"><span class='ocrx_word' id='word_1_3' title='bbox 269 268 302 302; x_wconf 81' lang='lat' dir='ltr'>h.</span> <span class='ocrx_word' id='word_1_4' title='bbox 328 266 540 302; x_wconf 83' lang='lat' dir='ltr'>sebestena</span> <span class='ocrx_word' id='word_1_5' title='bbox 560 267 699 301; x_wconf 77' lang='lat' dir='ltr'>Giirtn.</span> <span class='ocrx_word' id='word_1_6' title='bbox 1142 274 1266 310; x_wconf 77' lang='lat'><strong>3740.</strong></span> <span class='ocrx_word' id='word_1_7' title='bbox 1298 272 1532 318; x_wconf 76' lang='lat' dir='ltr'>Cordiopsis</span> <span class='ocrx_word' id='word_1_8' title='bbox 1547 270 1678 311; x_wconf 77' lang='lat' dir='ltr'>Desv.</span> 
     </span>
    </p>

    <p class='ocr_par' dir='ltr' id='par_1_4' title="bbox 270 318 1699 371">
     <span class='ocr_line' id='line_1_4' title="bbox 270 318 1699 371; baseline -0.003 -3"><span class='ocrx_word' id='word_1_9' title='bbox 270 329 302 351; x_wconf 81' lang='lat' dir='ltr'>c.</span> <span class='ocrx_word' id='word_1_10' title='bbox 327 319 444 359; x_wconf 61' lang='lat' dir='ltr'><strong>Myxa</strong></span> <span class='ocrx_word' id='word_1_11' title='bbox 459 318 573 352; x_wconf 80' lang='lat' dir='ltr'>Endl.</span> <span class='ocrx_word' id='word_1_12' title='bbox 1143 332 1268 368; x_wconf 82' lang='grc'><strong>3741.</strong></span> <span class='ocrx_word' id='word_1_13' title='bbox 1299 332 1560 371; x_wconf 67' lang='lat' dir='ltr'>Patagonula</span> <span class='ocrx_word' id='word_1_14' title='bbox 1577 328 1699 364; x_wconf 75' lang='lat' dir='ltr'><em>Le‘nn.</em></span> 
     </span>
    </p>

    <p class='ocr_par' dir='ltr' id='par_1_5' title="bbox 209 366 1698 540">
     <span class='ocr_line' id='line_1_5' title="bbox 267 366 1698 423; baseline -0.001 -23"><span class='ocrx_word' id='word_1_15' title='bbox 267 369 302 400; x_wconf 83' lang='lat' dir='ltr'>d.</span> <span class='ocrx_word' id='word_1_16' title='bbox 328 368 510 400; x_wconf 82' lang='lat' dir='ltr'>Diacoria</span> <span class='ocrx_word' id='word_1_17' title='bbox 525 366 640 401; x_wconf 77' lang='lat' dir='ltr'>Endl.</span> <span class='ocrx_word' id='word_1_18' title='bbox 1352 380 1589 423; x_wconf 58' lang='lat' dir='ltr'>patagnnica</span> <span class='ocrx_word' id='word_1_19' title='bbox 1607 378 1698 413; x_wconf 47' lang='lat' dir='ltr'><em>Dill-</em></span> 
     </span>
     <span class='ocr_line' id='line_1_6' title="bbox 211 420 1600 478; baseline -0.001 -10"><span class='ocrx_word' id='word_1_20' title='bbox 211 421 334 474; x_wconf 45' lang='lat'><strong>3732·</strong></span> <span class='ocrx_word' id='word_1_21' title='bbox 365 425 571 460; x_wconf 68' lang='lat' dir='ltr'>Vstl&#39;sOllia</span> <span class='ocrx_word' id='word_1_22' title='bbox 588 420 680 459; x_wconf 76' lang='lat' dir='ltr'>DC·</span> <span class='ocrx_word' id='word_1_23' title='bbox 1047 473 1053 478; x_wconf 26' lang='grc' dir='ltr'><strong><em>Δ</em></strong></span> <span class='ocrx_word' id='word_1_24' title='bbox 1143 430 1267 467; x_wconf 77' lang='grc'>3742.</span> <span class='ocrx_word' id='word_1_25' title='bbox 1298 431 1459 467; x_wconf 85' lang='lat' dir='ltr'>Menais</span> <span class='ocrx_word' id='word_1_26' title='bbox 1475 427 1600 466; x_wconf 63' lang='lat' dir='ltr'>Lina.</span> 
     </span>
     <span class='ocr_line' id='line_1_7' title="bbox 209 483 1608 540; baseline -0.001 -18"><span class='ocrx_word' id='word_1_27' title='bbox 209 489 334 524; x_wconf 80' lang='lat'><strong>3739.</strong></span> <span class='ocrx_word' id='word_1_28' title='bbox 366 489 590 524; x_wconf 78' lang='lat' dir='ltr'>Sacelliuni</span> <span class='ocrx_word' id='word_1_29' title='bbox 607 483 774 523; x_wconf 65' lang='lat' dir='ltr'>Kmetlae.</span> <span class='ocrx_word' id='word_1_30' title='bbox 1145 484 1267 540; x_wconf 60' lang='lat'>374}</span> <span class='ocrx_word' id='word_1_31' title='bbox 1299 487 1485 525; x_wconf 83' lang='lat' dir='ltr'>Cortesia</span> <span class='ocrx_word' id='word_1_32' title='bbox 1505 485 1608 521; x_wconf 80' lang='lat' dir='ltr'>Cav.</span> 
     </span>
    </p>
   </div>
   <div class='ocr_carea' id='block_1_4' title="bbox 91 580 1919 805">
    <p class='ocr_par' dir='ltr' id='par_1_6' title="bbox 91 580 1919 805">
     <span class='ocr_line' id='line_1_8' title="bbox 230 580 1919 630; baseline -0.001 -6"><span class='ocrx_word' id='word_1_33' title='bbox 230 580 552 626; x_wconf 75' lang='lat' dir='ltr'>AffinitaS·</span> <span class='ocrx_word' id='word_1_34' title='bbox 614 587 858 623; x_wconf 82' lang='lat' dir='ltr'>Cordiaceae</span> <span class='ocrx_word' id='word_1_35' title='bbox 882 595 907 622; x_wconf 86' lang='lat' dir='ltr'>a</span> <span class='ocrx_word' id='word_1_36' title='bbox 929 586 1268 630; x_wconf 77' lang='lat' dir='ltr'>praecedentibus</span> <span class='ocrx_word' id='word_1_37' title='bbox 1285 585 1496 622; x_wconf 82' lang='lat' dir='ltr'><strong>ordinibus</strong></span> <span class='ocrx_word' id='word_1_38' title='bbox 1513 587 1731 628; x_wconf 81' lang='lat' dir='ltr'>embryone</span> <span class='ocrx_word' id='word_1_39' title='bbox 1747 589 1919 623; x_wconf 81' lang='lat' dir='ltr'>exalbu-</span> 
     </span>
     <span class='ocr_line' id='line_1_9' title="bbox 92 644 1917 691; baseline -0.001 -9"><span class='ocrx_word' id='word_1_40' title='bbox 92 645 248 682; x_wconf 86' lang='lat' dir='ltr'>minoso</span> <span class='ocrx_word' id='word_1_41' title='bbox 280 645 487 691; x_wconf 76' lang='lat' dir='ltr'>diversae,</span> <span class='ocrx_word' id='word_1_42' title='bbox 520 645 826 687; x_wconf 72' lang='lat' dir='ltr'>cotyledonibus</span> <span class='ocrx_word' id='word_1_43' title='bbox 857 645 1023 687; x_wconf 87' lang='lat' dir='ltr'>plicatis</span> <span class='ocrx_word' id='word_1_44' title='bbox 1053 644 1159 679; x_wconf 88' lang='lat' dir='ltr'>inter</span> <span class='ocrx_word' id='word_1_45' title='bbox 1188 645 1353 686; x_wconf 76' lang='lat' dir='ltr'>plantas</span> <span class='ocrx_word' id='word_1_46' title='bbox 1383 645 1662 686; x_wconf 80' lang='lat' dir='ltr'>gamopetalas</span> <span class='ocrx_word' id='word_1_47' title='bbox 1686 645 1917 686; x_wconf 75' lang='lat' dir='ltr'>drupit‘eras</span> 
     </span>
     <span class='ocr_line' id='line_1_10' title="bbox 92 700 1916 749; baseline 0 -12"><span class='ocrx_word' id='word_1_48' title='bbox 92 701 452 746; x_wconf 84' lang='lat' dir='ltr'>distinctissimae,</span> <span class='ocrx_word' id='word_1_49' title='bbox 493 703 570 736; x_wconf 87' lang='lat' dir='ltr'>hac</span> <span class='ocrx_word' id='word_1_50' title='bbox 602 705 698 737; x_wconf 87' lang='lat' dir='ltr'>nota</span> <span class='ocrx_word' id='word_1_51' title='bbox 731 703 782 736; x_wconf 86' lang='lat' dir='ltr'>ad</span> <span class='ocrx_word' id='word_1_52' title='bbox 813 702 1168 737; x_wconf 79' lang='lat' dir='ltr'>convolvulaceas</span> <span class='ocrx_word' id='word_1_53' title='bbox 1199 700 1453 742; x_wconf 82' lang='lat' dir='ltr'>aliquomodo</span> <span class='ocrx_word' id='word_1_54' title='bbox 1485 700 1679 736; x_wconf 80' lang='lat' dir='ltr'>accedere</span> <span class='ocrx_word' id='word_1_55' title='bbox 1709 701 1916 749; x_wconf 76' lang='lat' dir='ltr'>videntur,</span> 
     </span>
     <span class='ocr_line' id='line_1_11' title="bbox 91 756 1917 805; baseline -0.001 -11"><span class='ocrx_word' id='word_1_56' title='bbox 91 760 238 802; x_wconf 85' lang='lat' dir='ltr'>quibus</span> <span class='ocrx_word' id='word_1_57' title='bbox 263 762 394 793; x_wconf 78' lang='lat' dir='ltr'>tamen</span> <span class='ocrx_word' id='word_1_58' title='bbox 419 758 492 792; x_wconf 68' lang='lat' dir='ltr'>vix</span> <span class='ocrx_word' id='word_1_59' title='bbox 513 767 657 793; x_wconf 81' lang='lat' dir='ltr'>revera</span> <span class='ocrx_word' id='word_1_60' title='bbox 680 758 823 793; x_wconf 85' lang='lat' dir='ltr'>affines</span> <span class='ocrx_word' id='word_1_61' title='bbox 840 761 954 803; x_wconf 85' lang='lat' dir='ltr'>sunt,</span> <span class='ocrx_word' id='word_1_62' title='bbox 988 760 1071 792; x_wconf 91' lang='lat' dir='ltr'>tum</span> <span class='ocrx_word' id='word_1_63' title='bbox 1090 756 1216 805; x_wconf 84' lang='lat' dir='ltr'>facie,</span> <span class='ocrx_word' id='word_1_64' title='bbox 1250 760 1333 792; x_wconf 88' lang='lat' dir='ltr'>tum</span> <span class='ocrx_word' id='word_1_65' title='bbox 1349 756 1576 793; x_wconf 77' lang='lat' dir='ltr'>semInibus</span> <span class='ocrx_word' id='word_1_66' title='bbox 1594 758 1917 795; x_wconf 82' lang='lat' dir='ltr'>exalbuminosis</span> 
     </span>
    </p>
   </div>
   <div class='ocr_carea' id='block_1_5' title="bbox 91 814 1110 857">
    <p class='ocr_par' dir='ltr' id='par_1_7' title="bbox 91 814 1110 857">
     <span class='ocr_line' id='line_1_12' title="bbox 91 814 1110 857; baseline -0.001 -7"><span class='ocrx_word' id='word_1_67' title='bbox 91 819 128 850; x_wconf 86' lang='lat' dir='ltr'>et</span> <span class='ocrx_word' id='word_1_68' title='bbox 146 815 326 851; x_wconf 73' lang='lat' dir='ltr'>inversis</span> <span class='ocrx_word' id='word_1_69' title='bbox 344 814 537 853; x_wconf 82' lang='lat' dir='ltr'>facillime</span> <span class='ocrx_word' id='word_1_70' title='bbox 555 817 603 849; x_wconf 88' lang='lat' dir='ltr'>ab</span> <span class='ocrx_word' id='word_1_71' title='bbox 623 815 767 852; x_wconf 87' lang='lat' dir='ltr'>iisdem</span> <span class='ocrx_word' id='word_1_72' title='bbox 785 814 1110 857; x_wconf 73' lang='lat' dir='ltr'>distinguendae.</span> 
     </span>
    </p>
   </div>
   <div class='ocr_carea' id='block_1_6' title="bbox 88 877 1917 984">
    <p class='ocr_par' dir='ltr' id='par_1_8' title="bbox 88 877 1917 984">
     <span class='ocr_line' id='line_1_13' title="bbox 235 877 1916 934; baseline -0.001 -11"><span class='ocrx_word' id='word_1_73' title='bbox 235 877 664 934; x_wconf 67' lang='lat' dir='ltr'>Geographia.</span> <span class='ocrx_word' id='word_1_74' title='bbox 729 885 956 926; x_wconf 83' lang='lat' dir='ltr'>Pleraeque</span> <span class='ocrx_word' id='word_1_75' title='bbox 986 883 1092 919; x_wconf 84' lang='lat' dir='ltr'>inter</span> <span class='ocrx_word' id='word_1_76' title='bbox 1121 882 1300 926; x_wconf 88' lang='lat' dir='ltr'>tropicos</span> <span class='ocrx_word' id='word_1_77' title='bbox 1330 882 1535 931; x_wconf 86' lang='lat' dir='ltr'>habitant,</span> <span class='ocrx_word' id='word_1_78' title='bbox 1575 884 1794 928; x_wconf 88' lang='lat' dir='ltr'>speciebus</span> <span class='ocrx_word' id='word_1_79' title='bbox 1824 884 1916 929; x_wconf 84' lang='lat' dir='ltr'>pari</span> 
     </span>
     <span class='ocr_line' id='line_1_14' title="bbox 88 939 1917 984; baseline 0.001 -6"><span class='ocrx_word' id='word_1_80' title='bbox 88 942 172 978; x_wconf 84' lang='lat' dir='ltr'>fere</span> <span class='ocrx_word' id='word_1_81' title='bbox 195 951 359 977; x_wconf 89' lang='lat' dir='ltr'>numero</span> <span class='ocrx_word' id='word_1_82' title='bbox 383 951 454 983; x_wconf 85' lang='lat' dir='ltr'>per</span> <span class='ocrx_word' id='word_1_83' title='bbox 474 950 622 976; x_wconf 83' lang='lat' dir='ltr'>novum</span> <span class='ocrx_word' id='word_1_84' title='bbox 647 943 685 977; x_wconf 88' lang='lat' dir='ltr'>et</span> <span class='ocrx_word' id='word_1_85' title='bbox 701 944 879 976; x_wconf 82' lang='lat' dir='ltr'>veterem</span> <span class='ocrx_word' id='word_1_86' title='bbox 896 943 1031 976; x_wconf 89' lang='lat' dir='ltr'>orbem</span> <span class='ocrx_word' id='word_1_87' title='bbox 1048 939 1262 984; x_wconf 81' lang='lat' dir='ltr'>dispersis.</span> <span class='ocrx_word' id='word_1_88' title='bbox 1320 940 1486 976; x_wconf 83' lang='lat' dir='ltr'>Paucae</span> <span class='ocrx_word' id='word_1_89' title='bbox 1502 941 1735 978; x_wconf 86' lang='lat' dir='ltr'>Americam</span> <span class='ocrx_word' id='word_1_90' title='bbox 1752 947 1917 979; x_wconf 84' lang='lat' dir='ltr'>austra-</span> 
     </span>
    </p>
   </div>
   <div class='ocr_carea' id='block_1_7' title="bbox 85 997 670 1040">
    <p class='ocr_par' dir='ltr' id='par_1_9' title="bbox 85 997 670 1040">
     <span class='ocr_line' id='line_1_15' title="bbox 85 997 670 1040; baseline -0.005 -4"><span class='ocrx_word' id='word_1_91' title='bbox 85 1001 168 1036; x_wconf 88' lang='lat' dir='ltr'>lem</span> <span class='ocrx_word' id='word_1_92' title='bbox 184 997 459 1040; x_wconf 80' lang='lat' dir='ltr'>subtrepicam</span> <span class='ocrx_word' id='word_1_93' title='bbox 475 997 670 1033; x_wconf 89' lang='lat' dir='ltr'>incolunt.</span> 
     </span>
    </p>
   </div>
   <div class='ocr_carea' id='block_1_8' title="bbox 60 1062 1916 1680">
    <p class='ocr_par' dir='ltr' id='par_1_10' title="bbox 60 1062 1916 1572">
     <span class='ocr_line' id='line_1_16' title="bbox 230 1062 1916 1116; baseline 0.001 -10"><span class='ocrx_word' id='word_1_94' title='bbox 230 1062 591 1115; x_wconf 50' lang='lat' dir='ltr'>&amp;ualitates</span> <span class='ocrx_word' id='word_1_95' title='bbox 611 1070 649 1105; x_wconf 78' lang='lat' dir='ltr'>et</span> <span class='ocrx_word' id='word_1_96' title='bbox 663 1073 834 1108; x_wconf 81' lang='lat' dir='ltr'>usus·</span> <span class='ocrx_word' id='word_1_97' title='bbox 893 1068 1119 1111; x_wconf 85' lang='lat' dir='ltr'>Druparum</span> <span class='ocrx_word' id='word_1_98' title='bbox 1140 1075 1234 1103; x_wconf 87' lang='lat' dir='ltr'>caro</span> <span class='ocrx_word' id='word_1_99' title='bbox 1250 1065 1635 1116; x_wconf 85' lang='lat' dir='ltr'>mucoso-viscida,</span> <span class='ocrx_word' id='word_1_100' title='bbox 1666 1078 1757 1105; x_wconf 86' lang='lat' dir='ltr'>cum</span> <span class='ocrx_word' id='word_1_101' title='bbox 1773 1069 1916 1113; x_wconf 86' lang='lat' dir='ltr'>aliqua</span> 
     </span>
     <span class='ocr_line' id='line_1_17' title="bbox 88 1124 1915 1171; baseline 0 -8"><span class='ocrx_word' id='word_1_102' title='bbox 88 1127 303 1163; x_wconf 85' lang='lat' dir='ltr'>dulcedine</span> <span class='ocrx_word' id='word_1_103' title='bbox 321 1127 601 1171; x_wconf 70' lang='lat' dir='ltr'>adstringens,</span> <span class='ocrx_word' id='word_1_104' title='bbox 636 1126 677 1161; x_wconf 90' lang='lat' dir='ltr'>in</span> <span class='ocrx_word' id='word_1_105' title='bbox 695 1126 839 1169; x_wconf 80' lang='lat' dir='ltr'>paucis</span> <span class='ocrx_word' id='word_1_106' title='bbox 857 1124 1039 1171; x_wconf 84' lang='lat' dir='ltr'>acidula,</span> <span class='ocrx_word' id='word_1_107' title='bbox 1062 1126 1322 1167; x_wconf 82' lang='lat' dir='ltr'>cotyledones</span> <span class='ocrx_word' id='word_1_108' title='bbox 1340 1133 1540 1160; x_wconf 82' lang='lat' dir='ltr'>carnosae</span> <span class='ocrx_word' id='word_1_109' title='bbox 1556 1128 1644 1161; x_wconf 86' lang='lat' dir='ltr'>oleo</span> <span class='ocrx_word' id='word_1_110' title='bbox 1661 1127 1770 1162; x_wconf 89' lang='lat' dir='ltr'>dulci</span> <span class='ocrx_word' id='word_1_111' title='bbox 1786 1127 1915 1164; x_wconf 78' lang='lat' dir='ltr'>refer-</span> 
     </span>
     <span class='ocr_line' id='line_1_18' title="bbox 88 1180 1915 1228; baseline 0.001 -9"><span class='ocrx_word' id='word_1_112' title='bbox 88 1188 166 1219; x_wconf 85' lang='lat' dir='ltr'>tae.</span> <span class='ocrx_word' id='word_1_113' title='bbox 210 1180 390 1216; x_wconf 64' lang='lat' dir='ltr'>Cordiae</span> <span class='ocrx_word' id='word_1_114' title='bbox 407 1180 547 1228; x_wconf 53' lang='lat' dir='ltr'>Myra</span> <span class='ocrx_word' id='word_1_115' title='bbox 562 1183 701 1228; x_wconf 88' lang='lat' dir='ltr'>Linn.,·</span> <span class='ocrx_word' id='word_1_116' title='bbox 722 1181 880 1218; x_wconf 87' lang='lat' dir='ltr'>arboris</span> <span class='ocrx_word' id='word_1_117' title='bbox 898 1181 940 1216; x_wconf 85' lang='lat' dir='ltr'>in</span> <span class='ocrx_word' id='word_1_118' title='bbox 957 1182 1065 1217; x_wconf 89' lang='lat' dir='ltr'>Asia</span> <span class='ocrx_word' id='word_1_119' title='bbox 1082 1181 1236 1223; x_wconf 83' lang='lat' dir='ltr'>tropica</span> <span class='ocrx_word' id='word_1_120' title='bbox 1250 1181 1487 1228; x_wconf 77' lang='lat' dir='ltr'>indigenae,</span> <span class='ocrx_word' id='word_1_121' title='bbox 1506 1181 1548 1217; x_wconf 88' lang='lat' dir='ltr'>in</span> <span class='ocrx_word' id='word_1_122' title='bbox 1564 1183 1752 1227; x_wconf 84' lang='lat' dir='ltr'>Aegypto</span> <span class='ocrx_word' id='word_1_123' title='bbox 1770 1186 1819 1219; x_wconf 86' lang='lat' dir='ltr'>ab</span> <span class='ocrx_word' id='word_1_124' title='bbox 1838 1193 1915 1220; x_wconf 91' lang='lat' dir='ltr'>an-</span> 
     </span>
     <span class='ocr_line' id='line_1_19' title="bbox 88 1235 1914 1283; baseline 0.001 -8"><span class='ocrx_word' id='word_1_125' title='bbox 88 1239 334 1283; x_wconf 82' lang='lat' dir='ltr'>tiquissimis</span> <span class='ocrx_word' id='word_1_126' title='bbox 351 1239 599 1282; x_wconf 74' lang='lat' dir='ltr'>temporibus</span> <span class='ocrx_word' id='word_1_127' title='bbox 617 1242 766 1283; x_wconf 85' lang='lat' dir='ltr'>cultae,</span> <span class='ocrx_word' id='word_1_128' title='bbox 792 1240 944 1281; x_wconf 83' lang='lat' dir='ltr'>drupae</span> <span class='ocrx_word' id='word_1_129' title='bbox 963 1240 1104 1274; x_wconf 88' lang='lat' dir='ltr'>dulces</span> <span class='ocrx_word' id='word_1_130' title='bbox 1124 1236 1395 1281; x_wconf 80' lang='lat' dir='ltr'>(Sebeseenae</span> <span class='ocrx_word' id='word_1_131' title='bbox 1412 1248 1446 1274; x_wconf 89' lang='lat' dir='ltr'>s.</span> <span class='ocrx_word' id='word_1_132' title='bbox 1463 1235 1646 1283; x_wconf 65' lang='lat' dir='ltr'>Mymae)</span> <span class='ocrx_word' id='word_1_133' title='bbox 1666 1248 1690 1275; x_wconf 89' lang='lat' dir='ltr'>a</span> <span class='ocrx_word' id='word_1_134' title='bbox 1707 1240 1914 1277; x_wconf 84' lang='lat' dir='ltr'>veteribus</span> 
     </span>
     <span class='ocr_line' id='line_1_20' title="bbox 85 1294 1914 1340; baseline 0.001 -8"><span class='ocrx_word' id='word_1_135' title='bbox 85 1300 134 1332; x_wconf 88' lang='lat' dir='ltr'>ob</span> <span class='ocrx_word' id='word_1_136' title='bbox 159 1296 349 1332; x_wconf 78' lang='lat' dir='ltr'>virtutem</span> <span class='ocrx_word' id='word_1_137' title='bbox 372 1296 589 1331; x_wconf 85' lang='lat' dir='ltr'>lenientem</span> <span class='ocrx_word' id='word_1_138' title='bbox 615 1299 651 1331; x_wconf 84' lang='lat' dir='ltr'>et</span> <span class='ocrx_word' id='word_1_139' title='bbox 675 1298 920 1338; x_wconf 79' lang='lat' dir='ltr'>solventem,</span> <span class='ocrx_word' id='word_1_140' title='bbox 953 1296 1152 1331; x_wconf 78' lang='lat' dir='ltr'>adversus</span> <span class='ocrx_word' id='word_1_141' title='bbox 1177 1294 1323 1330; x_wconf 88' lang='lat' dir='ltr'>tussim</span> <span class='ocrx_word' id='word_1_142' title='bbox 1348 1298 1386 1330; x_wconf 86' lang='lat' dir='ltr'>et</span> <span class='ocrx_word' id='word_1_143' title='bbox 1409 1294 1452 1330; x_wconf 92' lang='lat' dir='ltr'>in</span> <span class='ocrx_word' id='word_1_144' title='bbox 1475 1294 1572 1331; x_wconf 83' lang='lat' dir='ltr'>aliis</span> <span class='ocrx_word' id='word_1_145' title='bbox 1589 1304 1831 1340; x_wconf 83' lang='lat' dir='ltr'>organorum</span> <span class='ocrx_word' id='word_1_146' title='bbox 1848 1308 1914 1334; x_wconf 88' lang='lat' dir='ltr'>re·-</span> 
     </span>
     <span class='ocr_line' id='line_1_21' title="bbox 85 1351 1912 1398; baseline -0.001 -8"><span class='ocrx_word' id='word_1_147' title='bbox 85 1352 326 1395; x_wconf 83' lang='lat' dir='ltr'>spirationis</span> <span class='ocrx_word' id='word_1_148' title='bbox 363 1353 629 1395; x_wconf 77' lang='lat' dir='ltr'>passionibus</span> <span class='ocrx_word' id='word_1_149' title='bbox 668 1353 956 1398; x_wconf 72' lang='lat' dir='ltr'>administrae,</span> <span class='ocrx_word' id='word_1_150' title='bbox 995 1351 1206 1388; x_wconf 78' lang='lat' dir='ltr'>rarissime</span> <span class='ocrx_word' id='word_1_151' title='bbox 1235 1351 1354 1387; x_wconf 87' lang='lat' dir='ltr'>hodie</span> <span class='ocrx_word' id='word_1_152' title='bbox 1383 1351 1426 1386; x_wconf 93' lang='lat' dir='ltr'>in</span> <span class='ocrx_word' id='word_1_153' title='bbox 1456 1353 1624 1396; x_wconf 82' lang='lat' dir='ltr'>Europa</span> <span class='ocrx_word' id='word_1_154' title='bbox 1653 1352 1912 1389; x_wconf 77' lang='lat' dir='ltr'>adhibentur.</span> 
     </span>
     <span class='ocr_line' id='line_1_22' title="bbox 83 1406 1914 1456; baseline 0.002 -12"><span class='ocrx_word' id='word_1_155' title='bbox 83 1410 305 1445; x_wconf 77' lang='lat' dir='ltr'>Fructuum</span> <span class='ocrx_word' id='word_1_156' title='bbox 326 1407 506 1443; x_wconf 76' lang='lat' dir='ltr'>Cordc&#39;ae</span> <span class='ocrx_word' id='word_1_157' title='bbox 525 1406 774 1443; x_wconf 68' lang='lat' dir='ltr'>Sebastenae</span> <span class='ocrx_word' id='word_1_158' title='bbox 789 1409 924 1456; x_wconf 85' lang='lat' dir='ltr'>Linn.,</span> <span class='ocrx_word' id='word_1_159' title='bbox 950 1409 992 1445; x_wconf 89' lang='lat' dir='ltr'>in</span> <span class='ocrx_word' id='word_1_160' title='bbox 1009 1409 1182 1445; x_wconf 89' lang='lat' dir='ltr'>Antillis</span> <span class='ocrx_word' id='word_1_161' title='bbox 1201 1408 1437 1453; x_wconf 88' lang='lat' dir='ltr'>crescentis,</span> <span class='ocrx_word' id='word_1_162' title='bbox 1462 1408 1612 1444; x_wconf 89' lang='lat' dir='ltr'>similis</span> <span class='ocrx_word' id='word_1_163' title='bbox 1627 1409 1775 1446; x_wconf 86' lang='lat' dir='ltr'>virtus.</span> <span class='ocrx_word' id='word_1_164' title='bbox 1802 1412 1914 1447; x_wconf 84' lang='lat' dir='ltr'>Non-</span> 
     </span>
     <span class='ocr_line' id='line_1_23' title="bbox 82 1462 1912 1514; baseline 0.002 -13"><span class='ocrx_word' id='word_1_165' title='bbox 82 1468 287 1501; x_wconf 80' lang='lat' dir='ltr'>nullarum</span> <span class='ocrx_word' id='word_1_166' title='bbox 316 1466 471 1509; x_wconf 79' lang='lat' dir='ltr'>lignum</span> <span class='ocrx_word' id='word_1_167' title='bbox 496 1469 533 1502; x_wconf 86' lang='lat' dir='ltr'>et</span> <span class='ocrx_word' id='word_1_168' title='bbox 558 1465 658 1501; x_wconf 88' lang='lat' dir='ltr'>folia</span> <span class='ocrx_word' id='word_1_169' title='bbox 675 1465 1138 1504; x_wconf 56' lang='lat' dir='ltr'>resinoso-aromatica„</span> <span class='ocrx_word' id='word_1_170' title='bbox 1195 1463 1376 1499; x_wconf 72' lang='lat' dir='ltr'>cordiae</span> <span class='ocrx_word' id='word_1_171' title='bbox 1395 1462 1738 1511; x_wconf 72' lang='lat' dir='ltr'>Rumplu&#39;t’Blum.</span> <span class='ocrx_word' id='word_1_172' title='bbox 1755 1467 1912 1514; x_wconf 82' lang='lat' dir='ltr'>lignum</span> 
     </span>
     <span class='ocr_line' id='line_1_24' title="bbox 60 1522 1913 1572; baseline 0.001 -13"><span class='ocrx_word' id='word_1_173' title='bbox 60 1522 342 1572; x_wconf 34' lang='lat' dir='ltr'>,spadiceum</span> <span class='ocrx_word' id='word_1_174' title='bbox 375 1522 493 1558; x_wconf 73' lang='lat' dir='ltr'>venis</span> <span class='ocrx_word' id='word_1_175' title='bbox 524 1523 825 1566; x_wconf 82' lang='lat' dir='ltr'>nigricantibus</span> <span class='ocrx_word' id='word_1_176' title='bbox 857 1526 1065 1567; x_wconf 79' lang='lat' dir='ltr'>eleganter</span> <span class='ocrx_word' id='word_1_177' title='bbox 1092 1522 1243 1566; x_wconf 84' lang='lat' dir='ltr'>pictum</span> <span class='ocrx_word' id='word_1_178' title='bbox 1272 1524 1483 1559; x_wconf 87' lang='lat' dir='ltr'>moschum</span> <span class='ocrx_word' id='word_1_179' title='bbox 1514 1524 1679 1559; x_wconf 86' lang='lat' dir='ltr'>redolet.</span> <span class='ocrx_word' id='word_1_180' title='bbox 1737 1524 1913 1561; x_wconf 79' lang='lat' dir='ltr'>corticis</span> 
     </span>
    </p>

    <p class='ocr_par' dir='ltr' id='par_1_11' title="bbox 81 1576 1912 1680">
     <span class='ocr_line' id='line_1_25' title="bbox 87 1576 1912 1625; baseline 0.003 -13"><span class='ocrx_word' id='word_1_181' title='bbox 87 1576 270 1613; x_wconf 64' lang='lat' dir='ltr'>Cor-diae</span> <span class='ocrx_word' id='word_1_182' title='bbox 300 1576 439 1624; x_wconf 56' lang='lat' dir='ltr'>Massa</span> <span class='ocrx_word' id='word_1_183' title='bbox 469 1581 515 1615; x_wconf 86' lang='lat' dir='ltr'>L.</span> <span class='ocrx_word' id='word_1_184' title='bbox 550 1579 741 1622; x_wconf 77' lang='lat' dir='ltr'>frequens</span> <span class='ocrx_word' id='word_1_185' title='bbox 772 1581 881 1623; x_wconf 87' lang='lat' dir='ltr'>apud</span> <span class='ocrx_word' id='word_1_186' title='bbox 908 1581 1033 1617; x_wconf 88' lang='lat' dir='ltr'>Indos</span> <span class='ocrx_word' id='word_1_187' title='bbox 1062 1578 1106 1616; x_wconf 92' lang='lat' dir='ltr'>in</span> <span class='ocrx_word' id='word_1_188' title='bbox 1128 1579 1396 1625; x_wconf 84' lang='lat' dir='ltr'>gargarismis</span> <span class='ocrx_word' id='word_1_189' title='bbox 1420 1579 1771 1625; x_wconf 84' lang='lat' dir='ltr'>adstringentibus</span> <span class='ocrx_word' id='word_1_190' title='bbox 1796 1591 1912 1618; x_wconf 87' lang='lat' dir='ltr'>usus.</span> 
     </span>
     <span class='ocr_line' id='line_1_26' title="bbox 81 1635 766 1680; baseline 0.003 -8"><span class='ocrx_word' id='word_1_191' title='bbox 81 1635 276 1672; x_wconf 86' lang='lat' dir='ltr'>Radicem</span> <span class='ocrx_word' id='word_1_192' title='bbox 293 1638 432 1673; x_wconf 86' lang='lat' dir='ltr'>alvum</span> <span class='ocrx_word' id='word_1_193' title='bbox 447 1638 592 1672; x_wconf 81' lang='lat' dir='ltr'>laxare</span> <span class='ocrx_word' id='word_1_194' title='bbox 607 1639 766 1680; x_wconf 84' lang='lat' dir='ltr'>putant.</span> 
     </span>
    </p>
   </div>
   <div class='ocr_carea' id='block_1_9' title="bbox 490 1783 1501 1842">
    <p class='ocr_par' dir='ltr' id='par_1_12' title="bbox 490 1783 1501 1842">
     <span class='ocr_line' id='line_1_27' title="bbox 490 1783 1501 1842; baseline 0.001 -13"><span class='ocrx_word' id='word_1_195' title='bbox 490 1783 662 1830; x_wconf 77' lang='lat' dir='ltr'>ordo</span> <span class='ocrx_word' id='word_1_196' title='bbox 694 1783 977 1830; x_wconf 70' lang='lat' dir='ltr'>CXLIII.</span> <span class='ocrx_word' id='word_1_197' title='bbox 1042 1783 1501 1842; x_wconf 76' lang='lat' dir='ltr'>Asperifoliae.</span> 
     </span>
    </p>
   </div>
   <div class='ocr_carea' id='block_1_10' title="bbox 74 1884 1910 3510">
    <p class='ocr_par' dir='ltr' id='par_1_13' title="bbox 74 1884 1910 3510">
     <span class='ocr_line' id='line_1_28' title="bbox 220 1884 1906 1952; baseline 0.003 -17"><span class='ocrx_word' id='word_1_198' title='bbox 220 1885 443 1944; x_wconf 58' lang='lat' dir='ltr'>Hediae,</span> <span class='ocrx_word' id='word_1_199' title='bbox 465 1884 683 1949; x_wconf 73' lang='lat' dir='ltr'>frutices</span> <span class='ocrx_word' id='word_1_200' title='bbox 709 1904 750 1935; x_wconf 86' lang='lat' dir='ltr'>v.</span> <span class='ocrx_word' id='word_1_201' title='bbox 779 1888 1003 1947; x_wconf 79' lang='lat' dir='ltr'>arbores,</span> <span class='ocrx_word' id='word_1_202' title='bbox 1038 1888 1310 1952; x_wconf 88' lang='lat' dir='ltr'>plerumque</span> <span class='ocrx_word' id='word_1_203' title='bbox 1342 1887 1445 1952; x_wconf 89' lang='lat' dir='ltr'>plus</span> <span class='ocrx_word' id='word_1_204' title='bbox 1476 1887 1625 1935; x_wconf 90' lang='lat' dir='ltr'>minus</span> <span class='ocrx_word' id='word_1_205' title='bbox 1647 1897 1835 1939; x_wconf 85' lang='lat' dir='ltr'>setosae</span> <span class='ocrx_word' id='word_1_206' title='bbox 1860 1908 1906 1940; x_wconf 87' lang='lat' dir='ltr'>v.</span> 
     </span>
     <span class='ocr_line' id='line_1_29' title="bbox 80 1957 1909 2026; baseline 0.003 -22"><span class='ocrx_word' id='word_1_207' title='bbox 80 1957 186 2022; x_wconf 90' lang='lat' dir='ltr'>pilis</span> <span class='ocrx_word' id='word_1_208' title='bbox 225 1957 512 2021; x_wconf 86' lang='lat' dir='ltr'>simplicibus</span> <span class='ocrx_word' id='word_1_209' title='bbox 557 1967 636 2005; x_wconf 87' lang='lat' dir='ltr'>aut</span> <span class='ocrx_word' id='word_1_210' title='bbox 681 1957 913 2006; x_wconf 86' lang='lat' dir='ltr'>interdum</span> <span class='ocrx_word' id='word_1_211' title='bbox 960 1960 1157 2006; x_wconf 86' lang='lat' dir='ltr'>stellatis</span> <span class='ocrx_word' id='word_1_212' title='bbox 1203 1959 1444 2023; x_wconf 82' lang='lat' dir='ltr'>hispidae,</span> <span class='ocrx_word' id='word_1_213' title='bbox 1493 1959 1627 2007; x_wconf 86' lang='lat' dir='ltr'>caule</span> <span class='ocrx_word' id='word_1_214' title='bbox 1673 1962 1909 2026; x_wconf 85' lang='lat' dir='ltr'>ramisque</span> 
     </span>
     <span class='ocr_line' id='line_1_30' title="bbox 82 2029 1910 2094; baseline 0.003 -18"><span class='ocrx_word' id='word_1_215' title='bbox 82 2029 310 2076; x_wconf 80' lang='lat' dir='ltr'>teretibus</span> <span class='ocrx_word' id='word_1_216' title='bbox 340 2046 384 2076; x_wconf 80' lang='lat' dir='ltr'>v.</span> <span class='ocrx_word' id='word_1_217' title='bbox 415 2029 669 2092; x_wconf 86' lang='lat' dir='ltr'>angulatis.</span> <span class='ocrx_word' id='word_1_218' title='bbox 745 2031 888 2078; x_wconf 72' lang='lat' dir='ltr'>Folia</span> <span class='ocrx_word' id='word_1_219' title='bbox 919 2030 1102 2077; x_wconf 86' lang='lat' dir='ltr'>alterna</span> <span class='ocrx_word' id='word_1_220' title='bbox 1131 2047 1177 2077; x_wconf 90' lang='lat' dir='ltr'>v.</span> <span class='ocrx_word' id='word_1_221' title='bbox 1213 2029 1447 2078; x_wconf 82' lang='lat' dir='ltr'>interdum</span> <span class='ocrx_word' id='word_1_222' title='bbox 1486 2030 1791 2094; x_wconf 87' lang='lat' dir='ltr'>subopposita</span> <span class='ocrx_word' id='word_1_223' title='bbox 1829 2042 1910 2081; x_wconf 82' lang='lat' dir='ltr'>aut</span> 
     </span>
     <span class='ocr_line' id='line_1_31' title="bbox 81 2101 1905 2166; baseline 0.003 -20"><span class='ocrx_word' id='word_1_224' title='bbox 81 2116 407 2164; x_wconf 90' lang='lat' dir='ltr'>nonnunquam</span> <span class='ocrx_word' id='word_1_225' title='bbox 457 2109 669 2159; x_wconf 84' lang='lat' dir='ltr'>ternata,</span> <span class='ocrx_word' id='word_1_226' title='bbox 738 2101 994 2165; x_wconf 85' lang='lat' dir='ltr'>simplicia,</span> <span class='ocrx_word' id='word_1_227' title='bbox 1058 2103 1271 2164; x_wconf 83' lang='lat' dir='ltr'>integra,</span> <span class='ocrx_word' id='word_1_228' title='bbox 1335 2102 1525 2165; x_wconf 88' lang='lat' dir='ltr'>saepius</span> <span class='ocrx_word' id='word_1_229' title='bbox 1577 2103 1905 2166; x_wconf 76' lang='lat' dir='ltr'>integerrima,</span> 
     </span>
     <span class='ocr_line' id='line_1_32' title="bbox 81 2171 1908 2235; baseline 0.003 -17"><span class='ocrx_word' id='word_1_230' title='bbox 81 2187 279 2229; x_wconf 85' lang='lat' dir='ltr'>venosa,</span> <span class='ocrx_word' id='word_1_231' title='bbox 326 2171 625 2235; x_wconf 85' lang='lat' dir='ltr'>exstipulata.</span> <span class='ocrx_word' id='word_1_232' title='bbox 698 2173 872 2221; x_wconf 76' lang='lat' dir='ltr'>Flores</span> <span class='ocrx_word' id='word_1_233' title='bbox 900 2172 1104 2235; x_wconf 86' lang='lat' dir='ltr'>perfecti</span> <span class='ocrx_word' id='word_1_234' title='bbox 1135 2190 1178 2220; x_wconf 87' lang='lat' dir='ltr'>v.</span> <span class='ocrx_word' id='word_1_235' title='bbox 1210 2171 1444 2220; x_wconf 89' lang='lat' dir='ltr'>interdum</span> <span class='ocrx_word' id='word_1_236' title='bbox 1476 2172 1687 2220; x_wconf 85' lang='lat' dir='ltr'>antberis</span> <span class='ocrx_word' id='word_1_237' title='bbox 1720 2175 1908 2223; x_wconf 83' lang='lat' dir='ltr'>effoetis</span> 
     </span>
     <span class='ocr_line' id='line_1_33' title="bbox 80 2242 1910 2308; baseline 0.003 -20"><span class='ocrx_word' id='word_1_238' title='bbox 80 2243 371 2306; x_wconf 83' lang='lat' dir='ltr'>imperfecti,</span> <span class='ocrx_word' id='word_1_239' title='bbox 404 2242 649 2306; x_wconf 84' lang='lat' dir='ltr'>regulares</span> <span class='ocrx_word' id='word_1_240' title='bbox 679 2259 722 2291; x_wconf 90' lang='lat' dir='ltr'>v.</span> <span class='ocrx_word' id='word_1_241' title='bbox 756 2251 1084 2308; x_wconf 81' lang='lat' dir='ltr'>nonnunquam</span> <span class='ocrx_word' id='word_1_242' title='bbox 1117 2243 1516 2307; x_wconf 82' lang='lat' dir='ltr'>subirregnlares,</span> <span class='ocrx_word' id='word_1_243' title='bbox 1557 2261 1679 2292; x_wconf 92' lang='lat' dir='ltr'>nunc</span> <span class='ocrx_word' id='word_1_244' title='bbox 1712 2246 1758 2292; x_wconf 91' lang='lat' dir='ltr'>in</span> <span class='ocrx_word' id='word_1_245' title='bbox 1790 2247 1910 2293; x_wconf 80' lang='lat' dir='ltr'>axil-</span> 
     </span>
     <span class='ocr_line' id='line_1_34' title="bbox 82 2313 1907 2380; baseline 0.003 -21"><span class='ocrx_word' id='word_1_246' title='bbox 82 2314 137 2361; x_wconf 90' lang='lat' dir='ltr'>lis</span> <span class='ocrx_word' id='word_1_247' title='bbox 175 2313 396 2361; x_wconf 87' lang='lat' dir='ltr'>foliorum</span> <span class='ocrx_word' id='word_1_248' title='bbox 436 2313 662 2372; x_wconf 87' lang='lat' dir='ltr'>solitarii,</span> <span class='ocrx_word' id='word_1_249' title='bbox 708 2330 832 2362; x_wconf 91' lang='lat' dir='ltr'>nunc</span> <span class='ocrx_word' id='word_1_250' title='bbox 871 2315 1128 2379; x_wconf 86' lang='lat' dir='ltr'>paniculati</span> <span class='ocrx_word' id='word_1_251' title='bbox 1165 2331 1209 2362; x_wconf 88' lang='lat' dir='ltr'>v.</span> <span class='ocrx_word' id='word_1_252' title='bbox 1244 2314 1516 2379; x_wconf 86' lang='lat' dir='ltr'>corymbosi</span> <span class='ocrx_word' id='word_1_253' title='bbox 1554 2317 1826 2380; x_wconf 88' lang='lat' dir='ltr'>saepissime</span> <span class='ocrx_word' id='word_1_254' title='bbox 1858 2318 1907 2364; x_wconf 90' lang='lat' dir='ltr'>in</span> 
     </span>
     <span class='ocr_line' id='line_1_35' title="bbox 79 2385 1905 2450; baseline 0.003 -20"><span class='ocrx_word' id='word_1_255' title='bbox 79 2385 232 2449; x_wconf 89' lang='lat' dir='ltr'>spicas</span> <span class='ocrx_word' id='word_1_256' title='bbox 268 2401 312 2432; x_wconf 84' lang='lat' dir='ltr'>v.</span> <span class='ocrx_word' id='word_1_257' title='bbox 351 2400 569 2432; x_wconf 85' lang='lat' dir='ltr'>racemos</span> <span class='ocrx_word' id='word_1_258' title='bbox 615 2386 911 2444; x_wconf 82' lang='lat' dir='ltr'>terminales,</span> <span class='ocrx_word' id='word_1_259' title='bbox 957 2386 1231 2450; x_wconf 89' lang='lat' dir='ltr'>plerumque</span> <span class='ocrx_word' id='word_1_260' title='bbox 1278 2386 1603 2444; x_wconf 82' lang='lat' dir='ltr'>ebracteatOS,</span> <span class='ocrx_word' id='word_1_261' title='bbox 1652 2387 1905 2447; x_wconf 89' lang='lat' dir='ltr'>secundos,</span> 
     </span>
     <span class='ocr_line' id='line_1_36' title="bbox 78 2455 1905 2521; baseline 0.003 -19"><span class='ocrx_word' id='word_1_262' title='bbox 78 2456 213 2518; x_wconf 86' lang='lat' dir='ltr'>apice</span> <span class='ocrx_word' id='word_1_263' title='bbox 259 2464 366 2502; x_wconf 86' lang='lat' dir='ltr'>ante</span> <span class='ocrx_word' id='word_1_264' title='bbox 412 2455 640 2503; x_wconf 88' lang='lat' dir='ltr'>anthesim</span> <span class='ocrx_word' id='word_1_265' title='bbox 687 2457 930 2520; x_wconf 84' lang='lat' dir='ltr'>spiraliter</span> <span class='ocrx_word' id='word_1_266' title='bbox 973 2457 1215 2504; x_wconf 85' lang='lat' dir='ltr'>revolutos</span> <span class='ocrx_word' id='word_1_267' title='bbox 1261 2456 1494 2521; x_wconf 70' lang='lat' dir='ltr'>dispositi.</span> <span class='ocrx_word' id='word_1_268' title='bbox 1573 2459 1730 2521; x_wconf 72' lang='lat' dir='ltr'>Calyoe</span> <span class='ocrx_word' id='word_1_269' title='bbox 1768 2459 1905 2518; x_wconf 86' lang='lat' dir='ltr'>liber,</span> 
     </span>
     <span class='ocr_line' id='line_1_37' title="bbox 77 2526 1907 2593; baseline 0.004 -22"><span class='ocrx_word' id='word_1_270' title='bbox 77 2526 362 2589; x_wconf 86' lang='lat' dir='ltr'>persistens,</span> <span class='ocrx_word' id='word_1_271' title='bbox 411 2526 631 2574; x_wconf 82' lang='lat' dir='ltr'>fructifer</span> <span class='ocrx_word' id='word_1_272' title='bbox 661 2544 804 2591; x_wconf 87' lang='lat' dir='ltr'>saepe</span> <span class='ocrx_word' id='word_1_273' title='bbox 836 2526 1023 2586; x_wconf 84' lang='lat' dir='ltr'>auctus,</span> <span class='ocrx_word' id='word_1_274' title='bbox 1072 2527 1427 2592; x_wconf 85' lang='lat' dir='ltr'>gamopbyllus‚</span> <span class='ocrx_word' id='word_1_275' title='bbox 1471 2526 1907 2593; x_wconf 86' lang='lat' dir='ltr'>quadri-quinque-</span> 
     </span>
     <span class='ocr_line' id='line_1_38' title="bbox 77 2596 1907 2664; baseline 0.004 -22"><span class='ocrx_word' id='word_1_276' title='bbox 77 2597 300 2660; x_wconf 81' lang='lat' dir='ltr'>partitus,</span> <span class='ocrx_word' id='word_1_277' title='bbox 347 2597 500 2644; x_wconf 86' lang='lat' dir='ltr'>rarius</span> <span class='ocrx_word' id='word_1_278' title='bbox 531 2596 840 2660; x_wconf 87' lang='lat' dir='ltr'>quadrifidus,</span> <span class='ocrx_word' id='word_1_279' title='bbox 882 2597 1144 2646; x_wconf 87' lang='lat' dir='ltr'>herbaceus</span> <span class='ocrx_word' id='word_1_280' title='bbox 1174 2616 1220 2650; x_wconf 70' lang='lat' dir='ltr'>v,</span> <span class='ocrx_word' id='word_1_281' title='bbox 1251 2614 1580 2664; x_wconf 85' lang='lat' dir='ltr'>nonnunquam</span> <span class='ocrx_word' id='word_1_282' title='bbox 1611 2599 1907 2663; x_wconf 87' lang='lat' dir='ltr'>petaloideo·</span> 
     </span>
     <span class='ocr_line' id='line_1_39' title="bbox 79 2667 1904 2733; baseline 0.003 -20"><span class='ocrx_word' id='word_1_283' title='bbox 79 2667 336 2714; x_wconf 79' lang='lat' dir='ltr'>coloratus·</span> <span class='ocrx_word' id='word_1_284' title='bbox 428 2669 629 2714; x_wconf 80' lang='lat' dir='ltr'>Corolla</span> <span class='ocrx_word' id='word_1_285' title='bbox 673 2668 978 2732; x_wconf 89' lang='lat' dir='ltr'>receptaculo</span> <span class='ocrx_word' id='word_1_286' title='bbox 1034 2670 1239 2727; x_wconf 67' lang='lat' dir='ltr'>inserta3</span> <span class='ocrx_word' id='word_1_287' title='bbox 1299 2668 1622 2733; x_wconf 80' lang='lat' dir='ltr'>gamopetala‚</span> <span class='ocrx_word' id='word_1_288' title='bbox 1686 2668 1904 2730; x_wconf 81' lang='lat' dir='ltr'>decidua,</span> 
     </span>
     <span class='ocr_line' id='line_1_40' title="bbox 77 2737 1904 2805; baseline 0.002 -20"><span class='ocrx_word' id='word_1_289' title='bbox 77 2737 780 2797; x_wconf 82' lang='lat' dir='ltr'>infundibuliformi-tubulosa,</span> <span class='ocrx_word' id='word_1_290' title='bbox 828 2738 1238 2802; x_wconf 86' lang='lat' dir='ltr'>subcampanulata</span> <span class='ocrx_word' id='word_1_291' title='bbox 1282 2757 1327 2787; x_wconf 88' lang='lat' dir='ltr'>v.</span> <span class='ocrx_word' id='word_1_292' title='bbox 1365 2749 1542 2798; x_wconf 85' lang='lat' dir='ltr'>rotata,</span> <span class='ocrx_word' id='word_1_293' title='bbox 1589 2739 1731 2787; x_wconf 87' lang='lat' dir='ltr'>limbo</span> <span class='ocrx_word' id='word_1_294' title='bbox 1770 2743 1904 2805; x_wconf 90' lang='lat' dir='ltr'>quin-</span> 
     </span>
     <span class='ocr_line' id='line_1_41' title="bbox 80 2807 1900 2874; baseline 0.003 -19"><span class='ocrx_word' id='word_1_295' title='bbox 80 2807 264 2873; x_wconf 88' lang='lat' dir='ltr'>quefido</span> <span class='ocrx_word' id='word_1_296' title='bbox 309 2809 522 2872; x_wconf 84' lang='lat' dir='ltr'>regulari</span> <span class='ocrx_word' id='word_1_297' title='bbox 566 2826 610 2856; x_wconf 90' lang='lat' dir='ltr'>v.</span> <span class='ocrx_word' id='word_1_298' title='bbox 649 2809 881 2858; x_wconf 87' lang='lat' dir='ltr'>interdum</span> <span class='ocrx_word' id='word_1_299' title='bbox 928 2810 1296 2874; x_wconf 60' lang='lat' dir='ltr'>subirreguknri,</span> <span class='ocrx_word' id='word_1_300' title='bbox 1357 2811 1543 2858; x_wconf 81' lang='lat' dir='ltr'>laciniis</span> <span class='ocrx_word' id='word_1_301' title='bbox 1587 2812 1900 2860; x_wconf 57' lang='lat' dir='ltr'>aestimatione</span> 
     </span>
     <span class='ocr_line' id='line_1_42' title="bbox 78 2880 1903 2946; baseline 0.003 -20"><span class='ocrx_word' id='word_1_302' title='bbox 78 2880 358 2938; x_wconf 84' lang='lat' dir='ltr'>imbricatis,</span> <span class='ocrx_word' id='word_1_303' title='bbox 405 2880 543 2928; x_wconf 84' lang='lat' dir='ltr'>fauce</span> <span class='ocrx_word' id='word_1_304' title='bbox 588 2880 712 2928; x_wconf 85' lang='lat' dir='ltr'>nuda</span> <span class='ocrx_word' id='word_1_305' title='bbox 755 2899 798 2930; x_wconf 85' lang='lat' dir='ltr'>v.</span> <span class='ocrx_word' id='word_1_306' title='bbox 838 2881 1015 2945; x_wconf 82' lang='lat' dir='ltr'>pilosa,</span> <span class='ocrx_word' id='word_1_307' title='bbox 1065 2881 1188 2929; x_wconf 88' lang='lat' dir='ltr'>laevi</span> <span class='ocrx_word' id='word_1_308' title='bbox 1224 2898 1267 2928; x_wconf 89' lang='lat' dir='ltr'>v.</span> <span class='ocrx_word' id='word_1_309' title='bbox 1309 2881 1732 2946; x_wconf 76' lang='lat' dir='ltr'>plicato-intrusa,</span> <span class='ocrx_word' id='word_1_310' title='bbox 1779 2900 1903 2933; x_wconf 88' lang='lat' dir='ltr'>nunc</span> 
     </span>
     <span class='ocr_line' id='line_1_43' title="bbox 77 2951 1900 3016; baseline 0.002 -19"><span class='ocrx_word' id='word_1_311' title='bbox 77 2951 318 2997; x_wconf 81' lang='lat' dir='ltr'>fasciculis</span> <span class='ocrx_word' id='word_1_312' title='bbox 356 2951 580 3014; x_wconf 88' lang='lat' dir='ltr'>pilorum,</span> <span class='ocrx_word' id='word_1_313' title='bbox 628 2968 751 2999; x_wconf 89' lang='lat' dir='ltr'>nunc</span> <span class='ocrx_word' id='word_1_314' title='bbox 789 2954 992 3016; x_wconf 86' lang='lat' dir='ltr'>squamis</span> <span class='ocrx_word' id='word_1_315' title='bbox 1028 2968 1074 3000; x_wconf 92' lang='lat' dir='ltr'>v.</span> <span class='ocrx_word' id='word_1_316' title='bbox 1110 2952 1372 3000; x_wconf 86' lang='lat' dir='ltr'>fornicibus</span> <span class='ocrx_word' id='word_1_317' title='bbox 1403 2953 1603 3016; x_wconf 87' lang='lat' dir='ltr'>integris</span> <span class='ocrx_word' id='word_1_318' title='bbox 1634 2970 1679 3001; x_wconf 90' lang='lat' dir='ltr'>v.</span> <span class='ocrx_word' id='word_1_319' title='bbox 1709 2953 1900 3014; x_wconf 87' lang='lat' dir='ltr'>hilobis,</span> 
     </span>
     <span class='ocr_line' id='line_1_44' title="bbox 80 3021 1902 3086; baseline 0.003 -19"><span class='ocrx_word' id='word_1_320' title='bbox 80 3021 209 3067; x_wconf 90' lang='lat' dir='ltr'>limbi</span> <span class='ocrx_word' id='word_1_321' title='bbox 247 3021 432 3068; x_wconf 83' lang='lat' dir='ltr'>laciniis</span> <span class='ocrx_word' id='word_1_322' title='bbox 472 3023 702 3086; x_wconf 85' lang='lat' dir='ltr'>oppositis</span> <span class='ocrx_word' id='word_1_323' title='bbox 739 3040 784 3071; x_wconf 76' lang='lat' dir='ltr'>v,</span> <span class='ocrx_word' id='word_1_324' title='bbox 822 3023 1056 3071; x_wconf 86' lang='lat' dir='ltr'>interdum</span> <span class='ocrx_word' id='word_1_325' title='bbox 1097 3040 1200 3071; x_wconf 92' lang='lat' dir='ltr'>cum</span> <span class='ocrx_word' id='word_1_326' title='bbox 1240 3022 1406 3072; x_wconf 86' lang='lat' dir='ltr'>iisdem</span> <span class='ocrx_word' id='word_1_327' title='bbox 1447 3023 1788 3073; x_wconf 87' lang='lat' dir='ltr'>alternantibus</span> <span class='ocrx_word' id='word_1_328' title='bbox 1826 3027 1902 3073; x_wconf 92' lang='lat' dir='ltr'>in-</span> 
     </span>
     <span class='ocr_line' id='line_1_45' title="bbox 76 3094 1900 3156; baseline 0.004 -19"><span class='ocrx_word' id='word_1_329' title='bbox 76 3100 257 3138; x_wconf 85' lang='lat' dir='ltr'>structa</span> <span class='ocrx_word' id='word_1_330' title='bbox 295 3100 344 3138; x_wconf 90' lang='lat' dir='ltr'>et</span> <span class='ocrx_word' id='word_1_331' title='bbox 380 3094 656 3156; x_wconf 84' lang='lat' dir='ltr'>saepissime</span> <span class='ocrx_word' id='word_1_332' title='bbox 697 3095 872 3143; x_wconf 88' lang='lat' dir='ltr'>clausa.</span> <span class='ocrx_word' id='word_1_333' title='bbox 946 3095 1168 3143; x_wconf 76' lang='lat' dir='ltr'>Stamina</span> <span class='ocrx_word' id='word_1_334' title='bbox 1198 3099 1256 3154; x_wconf 85' lang='lat'>5,</span> <span class='ocrx_word' id='word_1_335' title='bbox 1306 3095 1515 3142; x_wconf 87' lang='lat' dir='ltr'>corollae</span> <span class='ocrx_word' id='word_1_336' title='bbox 1553 3095 1666 3142; x_wconf 91' lang='lat' dir='ltr'>tubo</span> <span class='ocrx_word' id='word_1_337' title='bbox 1696 3112 1739 3142; x_wconf 89' lang='lat' dir='ltr'>v.</span> <span class='ocrx_word' id='word_1_338' title='bbox 1772 3096 1900 3144; x_wconf 84' lang='lat' dir='ltr'>fauci</span> 
     </span>
     <span class='ocr_line' id='line_1_46' title="bbox 76 3161 1901 3230; baseline 0.003 -21"><span class='ocrx_word' id='word_1_339' title='bbox 76 3163 275 3220; x_wconf 85' lang='lat' dir='ltr'>inserta,</span> <span class='ocrx_word' id='word_1_340' title='bbox 322 3161 532 3224; x_wconf 87' lang='lat' dir='ltr'>ejusdcm</span> <span class='ocrx_word' id='word_1_341' title='bbox 565 3164 749 3213; x_wconf 86' lang='lat' dir='ltr'>laciniis</span> <span class='ocrx_word' id='word_1_342' title='bbox 780 3166 986 3224; x_wconf 83' lang='lat' dir='ltr'>alterna,</span> <span class='ocrx_word' id='word_1_343' title='bbox 1034 3175 1223 3214; x_wconf 83' lang='lat' dir='ltr'>exserta</span> <span class='ocrx_word' id='word_1_344' title='bbox 1254 3183 1298 3214; x_wconf 85' lang='lat' dir='ltr'>v.</span> <span class='ocrx_word' id='word_1_345' title='bbox 1331 3166 1534 3224; x_wconf 81' lang='lat' dir='ltr'>inclusa,</span> <span class='ocrx_word' id='word_1_346' title='bbox 1581 3166 1730 3213; x_wconf 80' lang='lat' dir='ltr'>faucis</span> <span class='ocrx_word' id='word_1_347' title='bbox 1761 3184 1901 3230; x_wconf 87' lang='lat' dir='ltr'>squa-</span> 
     </span>
     <span class='ocr_line' id='line_1_47' title="bbox 74 3231 1900 3300; baseline 0.003 -20"><span class='ocrx_word' id='word_1_348' title='bbox 74 3235 161 3280; x_wconf 90' lang='lat' dir='ltr'>mis</span> <span class='ocrx_word' id='word_1_349' title='bbox 193 3232 299 3280; x_wconf 88' lang='lat' dir='ltr'>dum</span> <span class='ocrx_word' id='word_1_350' title='bbox 330 3231 498 3280; x_wconf 83' lang='lat' dir='ltr'>adsunt</span> <span class='ocrx_word' id='word_1_351' title='bbox 527 3235 781 3298; x_wconf 73' lang='lat' dir='ltr'>interJecta</span> <span class='ocrx_word' id='word_1_352' title='bbox 809 3253 853 3284; x_wconf 83' lang='lat' dir='ltr'>v.</span> <span class='ocrx_word' id='word_1_353' title='bbox 886 3237 1149 3284; x_wconf 86' lang='lat' dir='ltr'>alternatim</span> <span class='ocrx_word' id='word_1_354' title='bbox 1183 3237 1419 3300; x_wconf 87' lang='lat' dir='ltr'>subjecta,</span> <span class='ocrx_word' id='word_1_355' title='bbox 1460 3238 1697 3284; x_wconf 86' lang='lat' dir='ltr'>rarissime</span> <span class='ocrx_word' id='word_1_356' title='bbox 1730 3253 1900 3286; x_wconf 84' lang='lat' dir='ltr'>earun-</span> 
     </span>
     <span class='ocr_line' id='line_1_48' title="bbox 77 3303 1899 3372; baseline 0.004 -22"><span class='ocrx_word' id='word_1_357' title='bbox 77 3303 182 3352; x_wconf 85' lang='lat' dir='ltr'>dem</span> <span class='ocrx_word' id='word_1_358' title='bbox 228 3303 369 3351; x_wconf 87' lang='lat' dir='ltr'>dorso</span> <span class='ocrx_word' id='word_1_359' title='bbox 414 3305 646 3369; x_wconf 86' lang='lat' dir='ltr'>imposita.</span> <span class='ocrx_word' id='word_1_360' title='bbox 719 3307 993 3368; x_wconf 72' lang='lat' dir='ltr'>Fz&#39;lamenta</span> <span class='ocrx_word' id='word_1_361' title='bbox 1038 3308 1275 3355; x_wconf 85' lang='lat' dir='ltr'>filiformia</span> <span class='ocrx_word' id='word_1_362' title='bbox 1318 3325 1362 3358; x_wconf 89' lang='lat' dir='ltr'>v.</span> <span class='ocrx_word' id='word_1_363' title='bbox 1402 3308 1635 3365; x_wconf 80' lang='lat' dir='ltr'>subulata,</span> <span class='ocrx_word' id='word_1_364' title='bbox 1682 3309 1899 3372; x_wconf 85' lang='lat' dir='ltr'>aequalia</span> 
     </span>
     <span class='ocr_line' id='line_1_49' title="bbox 78 3374 1896 3442; baseline 0.003 -20"><span class='ocrx_word' id='word_1_365' title='bbox 78 3391 119 3422; x_wconf 89' lang='lat' dir='ltr'>v.</span> <span class='ocrx_word' id='word_1_366' title='bbox 152 3374 510 3439; x_wconf 84' lang='lat' dir='ltr'>inaequilonga,</span> <span class='ocrx_word' id='word_1_367' title='bbox 557 3377 788 3442; x_wconf 86' lang='lat' dir='ltr'>simplicia</span> <span class='ocrx_word' id='word_1_368' title='bbox 819 3386 899 3425; x_wconf 85' lang='lat' dir='ltr'>aut</span> <span class='ocrx_word' id='word_1_369' title='bbox 927 3379 1169 3426; x_wconf 88' lang='lat' dir='ltr'>rarissime</span> <span class='ocrx_word' id='word_1_370' title='bbox 1203 3378 1344 3426; x_wconf 88' lang='lat' dir='ltr'>dorso</span> <span class='ocrx_word' id='word_1_371' title='bbox 1375 3379 1478 3425; x_wconf 87' lang='lat' dir='ltr'>basi</span> <span class='ocrx_word' id='word_1_372' title='bbox 1517 3378 1896 3441; x_wconf 73' lang='lat' dir='ltr'>appendiculam.</span> 
     </span>
     <span class='ocr_line' id='line_1_50' title="bbox 75 3447 1894 3510; baseline 0.003 -16"><span class='ocrx_word' id='word_1_373' title='bbox 75 3447 335 3495; x_wconf 73' lang='lat' dir='ltr'>Anthcrae</span> <span class='ocrx_word' id='word_1_374' title='bbox 366 3447 625 3508; x_wconf 65' lang='lat' dir='ltr'>intromae,</span> <span class='ocrx_word' id='word_1_375' title='bbox 669 3447 981 3510; x_wconf 82' lang='lat' dir='ltr'>biloculareS‚</span> <span class='ocrx_word' id='word_1_376' title='bbox 1021 3458 1216 3500; x_wconf 85' lang='lat' dir='ltr'>erectae</span> <span class='ocrx_word' id='word_1_377' title='bbox 1247 3467 1294 3499; x_wconf 89' lang='lat' dir='ltr'>v.</span> <span class='ocrx_word' id='word_1_378' title='bbox 1329 3448 1676 3508; x_wconf 83' lang='lat' dir='ltr'>incumbenteS‚</span> <span class='ocrx_word' id='word_1_379' title='bbox 1715 3449 1894 3500; x_wconf 83' lang='lat' dir='ltr'>liberae</span> 
     </span>
    </p>
   </div>
  </div>
 </body>
</html>
