2147 3756
959 140 1079 191 457
1395 138 1488 158 “²⁴

848 221 934 230 unm-..-

112 315 272 362 comita
292 319 486 371 Neogr),
519 315 816 356 Rammcuzum
846 313 1058 353 hirsutum
1079 312 1188 363 Ain,
1214 309 1510 349 Rannnculum
1535 311 1789 348 muria-atum
1810 311 1933 350 Linn.

112 386 149 419 et
177 376 470 415 Rumam-ulum
494 378 724 413 asiaticum
747 376 867 413 Linn.
892 383 973 410 non
997 370 1257 416 improbabili
1279 371 1513 414 conjectura
1542 369 1785 407 referuntur.
1844 367 1937 404 Ra-

113 435 319 473 mmculzcs
343 435 554 470 asiaticus
578 433 695 470 Linn.
719 427 1036 483 (ἀγριοσὲλινον
1057 426 1228 472 Neogr.]
1258 435 1527 470 congerierum
1549 426 1866 472 pulcherrimus,
1898 429 1938 461 et

113 494 279 531 floribus
298 491 421 528 facile
438 491 573 536 plenis
588 490 831 526 multicolor.
877 489 995 523 Hunc
1012 497 1033 522 e
1049 484 1253 530 grumosis
1269 483 1477 520 radicibus
1492 481 1808 524 multiplicatum
1823 490 1937 526 mag-

114 559 194 587 nae
223 549 409 593 patribus
433 549 538 584 inter
560 549 770 583 hortenses
793 553 916 582 curae
940 543 1072 579 fuisse
1099 542 1271 577 constat.
1330 539 1461 574 Hodie
1485 548 1537 575 ex
1560 536 1852 582 elegantiorum
1874 537 1939 573 vi-

115 606 279 642 ridariis
301 607 446 649 pulsus
459 632 469 652 ,
492 605 534 640 in
553 605 841 639 Monachorum
858 599 1031 637 hortulis
1048 599 1246 634 adversus
1263 595 1536 632 inconstantis
1552 594 1676 630 moris
1692 593 1939 629 mutationes

116 665 227 698 tutus
249 665 332 708 est,
365 666 404 697 et
427 666 520 705 apte
537 670 608 705 per
625 662 767 703 tophos
784 657 1028 701 disposituS,
1061 654 1242 691 animum
1255 679 1265 699 ,
1297 663 1319 688 e
1337 651 1574 688 coelestium
1591 659 1723 686 rerum
1739 652 1777 685 et
1795 651 1940 685 huma-

115 728 259 756 narum
275 718 608 755 vicissitudinum
623 713 960 759 contemplatione
977 720 1162 756 aegrum,
1180 709 1514 745 innocentissimo
1530 706 1680 752 gaudio
1698 707 1911 742 demulcet.

255 785 507 835 Anemones,
538 785 698 832 generis
715 780 997 829 pulcherrimi,
1021 780 1180 824 species
1196 781 1416 822 pleraeque
1430 779 1766 814 Ranunculorum
1781 774 1942 811 acredi-

114 856 207 882 nem
238 848 508 882 aemulantur.
580 839 811 877 Anemones
841 845 1088 874 nemorosae
1117 836 1238 872 Linn.
1268 834 1528 884 (Ranuricttli
1558 834 1643 870 albi
1673 843 1707 870 s.
1737 830 1943 868 nemorosi

115 902 254 947 offic.)
279 901 510 936 tutissimus
525 899 631 935 inter
645 900 793 934 herbas
810 895 1045 932 vesicantcs
1061 902 1161 928 usus
1179 894 1253 928 est.
1309 885 1568 927 Anemonem
1585 885 1943 938 helleborzjfoliam

114 959 197 995 Dc.
228 958 333 1000 apud
355 958 565 992 Peruanos
596 953 879 990 cantharidum
907 953 996 987 loco
1027 949 1241 996 adhibent,
1287 949 1459 984 eundem
1485 957 1604 984 usum
1627 943 1944 992 Knowltonme,

115 1013 277 1058 generis
300 1012 513 1059 canensis,
546 1010 707 1055 species
731 1009 962 1046 admittunt.
1020 1006 1121 1043 Cum
1143 1001 1353 1039 Artemone
1376 1003 1588 1050 apennina
1609 1003 1730 1039 Linn.
1752 1003 1796 1038 in
1818 1001 1945 1038 Italia

115 1078 224 1112 aqua
239 1069 498 1106 tabefaciens
514 1070 702 1114 paratur,
727 1075 808 1110 qua
822 1064 1091 1101 mulierculae
1108 1063 1158 1098 ad
1176 1061 1379 1098 fucandas
1395 1069 1522 1104 genas
1538 1063 1720 1096 utuntur.
1763 1054 1944 1092 Anemo-

114 1134 188 1161 nes
217 1123 538 1160 ranunculoz'dis
560 1123 627 1171 L.,
659 1125 825 1166 plantae
854 1120 1056 1158 latissime
1086 1128 1157 1163 per
1179 1117 1504 1161 hemisphaeram
1525 1118 1732 1154 borealem
1755 1115 1942 1159 diffusae,

116 1191 286 1219 succum
307 1191 442 1218 acrem
458 1191 484 1218 a
499 1179 834 1218 Kamtschadalis
852 1179 902 1214 ad
919 1176 1192 1220 inquinandos
1210 1174 1403 1211 deleterio
1419 1183 1577 1210 veneno
1595 1173 1837 1217 sagittarum
1853 1180 1945 1207 mu·-

116 1248 260 1275 crones
292 1238 502 1285 usurpari,
534 1240 709 1274 relatum
737 1238 812 1273 est.
871 1232 1091 1280 Hepatz'ca
1114 1230 1265 1266 nobilis
1288 1233 1449 1267 Mtinch.
1481 1229 1708 1274 (Hepatica
1727 1227 1879 1264 nobilis
1903 1237 1944 1264 v.

117 1295 331 1331 Trifolium
353 1303 521 1330 aureum
543 1293 703 1340 Offic.],
735 1290 970 1328 arctissime
993 1290 1059 1326 his
1084 1288 1240 1334 affinis,
1271 1287 1384 1324 veris
1408 1286 1526 1322 nobis
1548 1284 1695 1323 nuntia
1711 1288 1792 1332 est,
1822 1292 1947 1328 prae·

115 1352 352 1388 valentibus
369 1350 613 1387 substantiis
630 1347 978 1391 adstringentibus
995 1345 1201 1382 acredinis
1218 1344 1302 1381 fere
1318 1352 1479 1388 expers.

254 1418 513 1456 Pulsaeillae
540 1418 728 1463 vulgaris
751 1417 922 1454 notitiae
944 1420 1062 1463 sunt,
1093 1415 1136 1451 in
1154 1414 1330 1451 collibus
1351 1413 1506 1456 apricis
1529 1415 1570 1450 et
1592 1410 1723 1456 pratis
1740 1410 1947 1448 montanis

117 1477 285 1524 obviae,
317 1478 423 1514 inter
437 1477 618 1512 remedia
635 1475 781 1511 fortius
798 1474 914 1510 acria
928 1483 1009 1509 non
1024 1472 1151 1509 infimi
1167 1472 1276 1515 apud
1291 1470 1471 1507 medicos
1486 1469 1677 1506 nominis.
1735 1465 1948 1502 Pulsutz‘l-

118 1533 186 1569 lae
203 1533 422 1580 pratensis
446 1534 551 1570 Mill.
575 1531 834 1575 [Anemones
850 1530 1098 1567 Pulsatillae
1113 1528 1257 1575 Linn.,
1281 1527 1532 1563 Pulsatillae
1554 1524 1799 1570 nigricantis
1817 1534 1850 1561 s.
1868 1523 1949 1559 mi-

116 1591 229 1627 noris
252 1590 390 1635 offic.)
420 1594 458 1626 et
480 1586 741 1624 Pulsatillae
763 1585 957 1633 vulgaris
979 1586 1086 1622 Mill.
1119 1582 1380 1628 [Anemones
1402 1583 1650 1619 Pulsatillae
1672 1579 1813 1627 Linn.‚
1845 1581 1950 1616 Pul-

117 1648 285 1684 satillae
312 1646 500 1691 vulgaris
532 1657 568 1683 s.
602 1647 837 1691 caeruleae,
868 1645 1030 1680 Herbae
1057 1641 1170 1678 venti
1199 1651 1233 1678 s.
1256 1642 1384 1676 Nolae
1405 1639 1635 1675 culinariae
1658 1636 1795 1681 Offic.)
1820 1639 1949 1672 herba

118 1714 262 1740 recens
286 1703 448 1746 saporis
472 1704 643 1746 primum
667 1700 835 1746 debilis,
867 1697 1013 1735 deinde
1034 1698 1194 1734 intense
1218 1697 1329 1733 acris
1351 1700 1388 1732 et
1412 1695 1637 1741 mordacis,
1670 1694 1755 1730 fere
1778 1693 1950 1729 inodora

118 1764 202 1806 est,
228 1761 323 1796 trita
340 1763 474 1796 tamen
492 1758 718 1795 acrimonia
733 1756 896 1793 volatili
912 1758 1075 1802 oculos,
1099 1763 1222 1790 nares
1238 1756 1276 1789 et
1293 1752 1436 1789 fauces
1451 1755 1635 1796 potenter
1649 1750 1803 1797 irritat,
1827 1757 1950 1792 prae-

120 1822 181 1853 ter
209 1816 372 1853 acidum
403 1815 592 1862 volatile,
623 1812 792 1850 materie
820 1812 1064 1857 crystallina
1090 1808 1402 1854 [Anemonina]
1434 1818 1486 1846 ex
1515 1817 1624 1852 aqua
1645 1806 1860 1844 stillaticia
1881 1815 1950 1842 se-

120 1874 308 1919 cedente,
340 1874 380 1908 et
402 1871 544 1915 aliqua
566 1871 647 1908 olei
669 1870 851 1908 aetherei
866 1869 1046 1913 portione
1062 1867 1184 1906 foeta.
1241 1866 1396 1905 Virtuti
1411 1866 1573 1911 egregie
1588 1863 1818 1903 stimulanti
1834 1865 1951 1900 salu-

121 1930 223 1966 taris
252 1931 421 1967 debetur
450 1930 617 1965 effectus
647 1928 691 1964 in
713 1927 1011 1964 adfectionibus
1035 1924 1302 1972 paralyticis,
1333 1922 1534 1968 imprimis
1557 1921 1675 1971 nervi
1698 1919 1842 1968 optici,
1874 1928 1950 1956 nec

120 1995 202 2023 non
224 1985 268 2023 in
291 1985 388 2022 aliis
412 1988 621 2022 oculorum
642 1984 815 2032 morbis3
845 1985 887 2021 in
912 1982 1120 2020 doloribus
1137 1980 1401 2019 rheumaticis
1416 1982 1649 2027 praeterea,
1680 1977 1724 2014 in
1740 1975 1950 2014 ulceribus

120 2046 161 2080 et
175 2042 481 2087 impetiginibus
497 2042 719 2080 rebellibus
735 2051 816 2078 non
832 2041 923 2079 sine
939 2040 1074 2077 fructu
1094 2039 1321 2076 adhibetur.
1380 2037 1502 2073 Sicca
1516 2035 1653 2073 minus
1668 2036 1796 2070 valet.

260 2099 468 2136 Plurimae
496 2099 777 2136 vehementius
808 2101 950 2135 alvum
978 2099 1141 2133 movent
1170 2098 1208 2132 et
1229 2094 1376 2132 urinae
1398 2092 1552 2130 fluxum
1577 2090 1818 2137 expediunt,
1849 2098 1952 2126 non-

120 2157 263 2193 nullae
279 2157 400 2192 etiam
417 2157 583 2193 remedii
600 2155 867 2199 diaphoretici
881 2155 1006 2192 laude
1022 2154 1220 2198 gaudent,
1252 2151 1497 2195 quibusdam
1511 2158 1677 2186 amarae
1693 2145 1953 2184 substantiae

121 2216 410 2257 praevalentes
431 2213 624 2250 virtutem
644 2212 820 2249 tonicam
842 2211 1087 2256 largiuntur.
1148 2205 1395 2243 Clematidz’s
1419 2203 1633 2242 chimensis
1655 2207 1770 2241 Retz.
1789 2203 1953 2247 stipites

121 2274 159 2306 et
185 2270 311 2306 radix
326 2273 509 2307 ventrem
523 2273 668 2306 laxare
680 2297 690 2316 ,
719 2270 882 2306 urinam
896 2277 1080 2312 movere,
1112 2267 1301 2303 sudorem
1316 2264 1510 2308 expedire
1525 2266 1565 2300 et
1579 2262 1718 2299 laticis
1734 2260 1777 2296 in
1791 2262 1955 2296 lactan-

124 2327 235 2363 tibus
257 2327 524 2364 secretionem
548 2336 698 2371 augere
715 2327 946 2362 creduntur.
1004 2326 1038 2361 E
1059 2319 1307 2358 Clematidis
1323 2319 1487 2355 de‘m'cae
1502 2320 1625 2356 Linn.
1648 2317 1786 2355 radice
1803 2327 1843 2353 v.
1861 2325 1957 2353 cum

125 2392 234 2427 aqua
255 2393 294 2419 v,
316 2392 409 2420 cum
430 2384 526 2420 vino
551 2387 667 2419 cocta
690 2385 728 2418 et
753 2391 861 2426 aqua
883 2380 1011 2419 maris
1033 2382 1258 2424 temperata
1278 2377 1524 2415 medicinam
1547 2377 1590 2413 in
1612 2374 1788 2412 Antillis
1808 2376 1956 2417 parant

124 2442 388 2485 purgantem,
403 2439 608 2476 maximae
623 2439 666 2474 in
682 2440 863 2482 hydrope
879 2438 1030 2475 laudis.
1059 2436 1230 2473 Radicis
1253 2429 1727 2480 Thalz·ctr2·flam·1;inn.
1745 2430 1956 2475 (Pseudo-

124 2496 384 2532 Rhabarbari
405 2506 444 2532 v.
462 2495 720 2532 Rhabarbari
742 2492 990 2538 pauperum)
1015 2502 1137 2536 sapor
1157 2492 1332 2536 primum
1356 2491 1511 2536 dulcis,
1525 2511 1529 2514 «
1543 2490 1688 2526 deinde
1705 2497 1796 2523 cum
1813 2486 1956 2529 aliqua

126 2551 320 2588 acredine
341 2561 528 2599 amaruS,
558 2553 692 2588 virtus
715 2560 897 2595 purgans
921 2554 961 2586 et
983 2550 1205 2596 diuretica,
1237 2557 1339 2584 usus
1361 2547 1405 2582 in
1426 2547 1552 2583 ictero
1573 2549 1614 2582 et
1629 2545 1812 2582 febribus
1827 2544 1956 2579 inter-

127 2607 379 2645 mittentibus
405 2608 500 2644 olim
528 2619 608 2644 non
623 2608 874 2651 infrequens.
939 2603 1208 2641 Thalictrum
1227 2603 1410 2638 Cornuti
1423 2604 1545 2639 Linn.
1561 2611 1588 2639 a
1602 2599 1958 2638 Borean-ameri-

127 2665 244 2701 canis
259 2665 415 2708 plantis
430 2664 776 2708 alexipharmacis
792 2658 1095 2701 adnumeratur.
1133 2658 1343 2696 Artemone
1359 2659 1592 2695 coronaria
1607 2657 1743 2705 Linn.,
1767 2659 1956 2700 Europae

134 2722 331 2758 australis
355 2725 389 2756 et
408 2721 583 2758 Orientis
605 2721 763 2769 incola,
794 2720 964 2756 rarioris
986 2720 1093 2755 inter
1116 2718 1299 2754 drastica
1318 2726 1435 2752 usus.
1492 2712 1715 2761 Delphina·
1730 2709 1958 2751 consolida

127 2776 535 2824 Lina-[consolidae
551 2778 705 2822 regalis
720 2787 758 2814 v.
779 2776 1037 2818 calcitrapae
1053 2773 1213 2819 offic),
1237 2776 1365 2810 herba
1379 2772 1538 2816 passim
1554 2772 1659 2808 inter
1680 2766 1841 2815 segetes
1867 2777 1956 2805 crev

129 2844 272 2881 scens,
303 2834 603 2882 aperientibus,
635 2834 845 2870 diureticis
871 2836 908 2868 et
932 2830 1281 2869 anthelminthicis
1313 2832 1574 2875 accensetu13
1602 2829 1731 2870 major
1758 2826 1802 2862 in
1832 2826 1957 2863 semi-

127 2891 251 2927 nibus
273 2890 338 2927 vis
362 2894 436 2927 est.
495 2891 606 2928 Mira
630 2892 679 2926 dc
703 2890 968 2936 consolidae,
994 2889 1037 2924 in
1060 2888 1334 2926 studiosorum
1358 2886 1475 2922 cellis
1499 2892 1748 2931 suspensae,
1793 2883 1837 2919 in
1860 2891 1956 2918 con-

128 2948 334 2983 servanda
362 2950 571 2983 oculorum
599 2947 689 2984 acie
720 2947 929 2983 effectibus
951 2954 976 2982 a
1001 2945 1207 2981 veteribus
1230 2944 1457 2979 traduntur.
1515 2937 1737 2988 Delphina·
1757 2935 1956 2984 staphis-

132 3002 260 3049 agro'a
281 3002 400 3040 Linn.
418 2999 616 3049 [ez-amic
643 2997 797 3054 ἀγρία,
841 3002 960 3039 hodie
989 2994 1338 3053 ἀγριοσταφίδα)
1369 2999 1625 3042 aliarumque
1655 2996 1883 3042 specierum
1913 2994 1959 3031 in

131 3060 300 3103 Europa
322 3061 496 3096 australi
517 3065 557 3097 et
577 3061 685 3098 Asia
705 3061 839 3097 media
861 3059 1151 3106 crescentium,
1180 3056 1312 3094 veluti
1332 3054 1389 3093 D.
1406 3054 1519 3102 picti
1538 3055 1686 3090 Willd.
1709 3057 1750 3090 et
1769 3050 1826 3088 D.
1849 3050 1962 3086 elati

131 3115 253 3152 Linn.
277 3117 530 3160 aliarumque
557 3118 718 3154 semina
749 3114 940 3160 (Semina
972 3113 1301 3162 Staphiwgroe’ae
1331 3124 1364 3151 s.
1390 3109 1609 3158 Staphidis
1631 3109 1803 3158 agrale,
1831 3111 1957 3153 vulgo

134 3174 506 3220 Stephansko'rner,
539 3174 859 3219 Lauseko'rner]
890 3173 1082 3209 virtutem
1109 3171 1392 3209 venementius
1415 3169 1651 3215 drasticam‚
1684 3166 1896 3204 emeticam
1918 3168 1960 3202 et

134 3228 511 3265 anthelminthicam
542 3231 745 3274 principio
775 3230 1008 3266 alkaloideo
1040 3226 1510 3278 (delphz’nz'nojdebent,
1542 3226 1646 3270 quod
1670 3224 1786 3260 acido
1808 3221 1956 3260 malico

134 3288 325 3331 nuptum,
366 3295 456 3321 cum
486 3288 574 3322 oleo
603 3287 766 3333 pingui,
805 3286 978 3333 gummi,
1017 3284 1251 3323 substantia
1279 3283 1539 3321 albuminosa
1568 3285 1607 3318 et
1636 3282 1771 3324 amylo
1798 3283 1959 3325 gerunt.

136 3338 327 3388 Nv'gellae
343 3341 512 3377 sativae
527 3343 648 3379 Linn.
666 3338 950 3390 (μελάνθιον,
976 3340 1101 3390 Gitlz,
1123 3336 1478 3392 μαβροκυκαὸεις,
1501 3331 1767 3388 μαβροκόκο,
1790 3329 1958 3388 aegidii-

132 3397 339 3449 χορτον),
362 3401 527 3442 plantae
543 3402 593 3436 ab
612 3399 913 3442 antiquissimis
929 3399 1178 3444 temporibus
1202 3401 1361 3444 cultae,
1384 3395 1612 3434 subdubiae
1634 3393 1827 3444 originis,
1850 3394 1960 3431 alia-

135 3463 304 3497 rumque
327 3455 559 3499 specierum
582 3464 853 3501 congerierum
873 3456 1033 3493 semina
1054 3452 1503 3493 aromatico-subacria
1520 3451 1702 3496 (semina
1716 3447 1908 3498 Nigellae
1922 3460 1957 3488 s.

135 3507 369 3548 Melanthii
388 3521 429 3551 v.
447 3509 614 3549 cumini
633 3512 764 3562 nigro
776 3536 789 3560 ‚
821 3511 905 3551 rari
927 3512 1045 3552 hodie
1061 3512 1105 3551 in
1120 3511 1323 3552 medicina
1337 3519 1461 3560 usus,
1491 3509 1534 3547 in
1549 3510 1714 3556 Europa
1729 3507 1904 3547 australi
1920 3511 1960 3544 et
