2147 3756
963 146 1084 196 455

224 326 348 362 4787.
379 322 560 362 Trollius
577 319 702 360 Lirm.
1166 319 1292 355 4793.
1323 317 1533 354 Garldella
1554 315 1760 366 Tozcrnef.
1782 334 1785 337 ·

439 372 623 406 Geisenia
639 369 741 417 Raf-
1165 376 1294 413 4794.
1323 374 1488 417 Nigella
1510 371 1713 422 Tem-nef.

227 425 348 464 4788.
377 423 574 462 Eranthis
592 419 744 457 salisb.
1224 436 1263 459 α.
1285 422 1566 464 Nigellastrum
1581 420 1741 456 M'o'nch.

434 470 602 506 Koellea
619 469 746 504 Biria.
1221 472 1258 510 b.
1281 471 1500 514 Nigellaria
1515 471 1596 507 DC.

433 513 620 547 Robertia
637 513 785 545 Merme.
1226 534 1261 558 c·
1283 521 1469 557 Erobffiog
1490 520 1563 554 ης,

360 564 363 566 ·
435 555 667 605 Helleborus
685 552 843 587 Miinch.
1377 563 1536 606 Nigefla
1550 560 1710 596 stso'nch,

433 597 731 632 Helleboronles
747 597 897 633 Adam.
1165 616 1291 653 4795·
1320 613 1546 658 Aquilegia
1566 606 1773 660 Tournffl

381 645 889 731 ”Ar
1323 671 1588 714 nmium
1608 667 1814 718 roms·

224 749 347 786 4790.
377 750 591 792 Isopyrum
607 744 730 781 Lae'nn.
893 719 903 729 ·
1224 732 1264 757 α’
1289 717 1632 806 ροηῗὲῗὶῖήιζῑοῶῃ
1649 755 1799 804 spach-

280 810 319 833 α’
344 797 698 873 mfa'fl‘ilallqc‘firella
711 838 759 886 ᾼ.
776 834 893 871 Rscla-
1224 846 1261 882 h,
1286 800 1765 891 De1p¹³g1221÷1t3111131183a⁶h

434 880 547 924 Isopy
556 891 633 912 rum
652 877 856 929 Rpecleenb.
1380 889 1625 924 Phledinium
1643 886 1794 930 spada·

278 923 314 958 b·
339 920 831 1008 L²Pt1⁰s¹z³gfy¹2¹31fflfifftzi·.
1225 942 1259 1009 51·
1285 930 1701 1008 gf¹pt¹in³5t-¹·u¹1¹55’0·

221 1017 347 1053 4⁷91·
376 1016 574 1053 Εῐὶθῐῦὶθῐῑ
591 1011 701 1062 Raf·
1167 1000 1291 1062 4797.
1322 984 1767 1076 ᾸξὲἕιςίῗῧῖξιᾶΤοὰνηεῇ

223 1074 350 1110 4792.
382 1071 521 1115 Coplis
540 1067 692 1106 Scllz'sb.
1223 1085 1260 1107 a.
1287 1073 1459 1107 Anthora
1476 1072 1551 1107 DC.

276 1135 315 1156 α.
341 1121 489 1163 Chrysa
504 1118 606 1164 Rus.
1222 1116 1257 1151 b.
1282 1116 1541 1159 Lycoctonum
1558 1114 1637 1152 DC.

281 1165 316 1199 ὂ.
343 1162 620 1206 Chrysocoptis
638 1160 752 1208 Nyct,
1224 1170 1257 1193 c.
1285 1160 1519 1192 Gemmarum
1536 1158 1617 1195 DC.

278 1218 310 1242 c.
335 1205 630 1250 Pterophyllum
646 1205 760 1238 fluct.
1123 1252 1128 1257 ,
1225 1204 1261 1237 d.
1285 1201 1477 1246 Napellus
1493 1200 1573 1236 DC.

254 1310 481 1349 TRIBUS
508 1307 557 1345 V.
604 1305 964 1346 PAEONIEAE.
1025 1306 1170 1355 Calyae·
1184 1303 1454 1359 saepissime
1473 1301 1752 1354 corollinuS,
1783 1300 1940 1343 rarius

110 1366 612 1415 coriaceo-foliaceus‚
643 1363 954 1404 aestivatione
978 1362 1262 1403 inibricatus.
1324 1363 1501 1400 Corolla
1524 1359 1657 1401 nulla
1677 1373 1719 1400 v.
1737 1359 1940 1412 plani-pe-

109 1425 226 1476 tala,
256 1423 492 1464 rarissime
518 1421 684 1475 petalis
718 1418 1027 1461 nectariferis.
1088 1421 1296 1458 Germinoe
1320 1416 1669 1468 multiovulata,
1704 1416 1941 1456 rarissime

108 1481 399 1522 uniovulata.
459 1481 671 1529 capsulae
700 1475 995 1517 dehiscentes
1026 1490 1068 1518 v.
1089 1480 1331 1528 baccatae,
1361 1475 1549 1530 saepius
1580 1473 1755 1515 abortu
1779 1484 1941 1514 mono-

108 1550 337 1591 spermae.
366 1560 424 1568 —-
459 1535 644 1577 Herbae
667 1547 710 1575 v.
736 1533 1018 1575 suffrutices,
1588 1547 1591 1549 ·

877 1639 1169 1676 GENERA.

219 1725 344 1763 4798.
375 1718 995 1769 TrautvetteriaF2·sch.etMey.
1164 1721 1291 1757 4802.
1322 1718 1572 1765 Cimicifuga
1587 1715 1712 1755 Le‘nn.

219 1785 344 1820 4799.
373 1783 535 1827 Actaea
551 1779 676 1816 Lv'nn.
1164 1778 1290 1814 4803.
1321 1777 1624 1814 Xanthorrhiza
1642 1771 1809 1811 Marsh.

434 1828 778 1873 christophor-iana
798 1826 992 1872 Toni-nes.
1377 1824 1636 1859 Zanthorhiza
1651 1824 1779 1860 Heric.

217 1882 343 1918 4800.
372 1881 588 1923 Botrophis
604 1877 714 1927 Ragf.
1165 1878 1289 1914 4804.
1320 1877 1505 1913 Paeonia
1527 1874 1733 1926 Tournef.

428 1929 624 1971 MflCfOtyS
640 1927 744 1971 R‘If·
1220 1945 1257 1967 a.
1282 1934 1414 1966 Paeon
1430 1932 1507 1966 DC.

217 1981 345 2016 4801.
373 1980 649 2024 Actinospora
670 1978 825 2015 Turcz.
1220 1982 1256 2017 b.
1280 1982 1439 2017 Moutan
1454 1981 1535 2017 DC.

247 2072 570 2119 AffinitaS·
629 2079 734 2114 Ordo
764 2075 1048 2124 multiformis,
1077 2084 1236 2113 summe
1265 2079 1401 2112 tamen
1430 2074 1656 2123 naturalis,
1686 2073 1783 2112 hinc
1805 2072 1939 2111 Dille-

105 2135 266 2175 niaceis
283 2141 322 2172 et
338 2135 596 2173 Ber'uerideis
612 2135 815 2172 mediante
831 2136 1084 2178 Podophyllo
1101 2136 1213 2168 arcte
1235 2132 1530 2179 conterminus,
1554 2132 1673 2168 illinc
1695 2132 1940 2175 quibusdam
1956 2146 1961 2147 ⁷

107 2194 217 2231 notis
240 2196 350 2230 ultra
371 2192 737 2236 Polycarpicarum
759 2191 913 2228 limites
940 2192 992 2226 ad
1006 2192 1325 2234 Papaveraceas
1347 2193 1388 2226 et
1401 2191 1741 2233 Nymphaeaceas
1762 2188 1937 2232 accedit,

104 2250 185 2287 imo
203 2250 382 2294 aliquam
398 2259 489 2285 cum
505 2248 786 2284 Umbelliferis
801 2251 840 2283 et
854 2247 1104 2284 Alismaceis
1120 2244 1359 2282 affinitatem
1375 2246 1580 2282 mentitur.
1623 2245 1939 2282 Distinctionem

106 2315 132 2343 a
161 2307 331 2350 reliquis
355 2305 640 2350 Polycarpicis
663 2305 830 2341 habitus
855 2304 1055 2348 imprimis
1078 2305 1266 2349 praebet,
1298 2305 1338 2339 et
1356 2305 1558 2340 herbacea
1580 2302 1851 2347 plurimarum
1871 2302 1938 2338 in-

106 2364 240 2411 doles,
272 2363 462 2401 foliorum
485 2362 660 2406 petiolus
677 2361 766 2397 basi
782 2361 825 2397 in
840 2362 1018 2406 vaginae
1033 2360 1214 2403 speciem
1230 2359 1428 2396 dilatatus
1445 2363 1484 2396 et
1498 2359 1656 2396 lamina
1670 2359 1714 2394 in
1730 2359 1939 2404 plerisque

107 2419 308 2468 dissecta,
339 2419 487 2462 quihus
517 2418 626 2455 notis
655 2417 857 2454 fluctuans
879 2417 1246 2462 integumentorum
1268 2416 1470 2453 floralium
1491 2416 1535 2452 in
1557 2416 1765 2460 plerisque
1787 2419 1937 2452 natura

106 2477 268 2520 pondus
292 2476 417 2512 addit.
476 2477 576 2511 Nam
593 2474 636 2510 in
653 2474 749 2510 aliis
766 2476 892 2518 calyx
907 2477 945 2509 et
961 2475 1116 2509 corolla
1129 2472 1311 2517 legitime
1328 2472 1500 2509 alternis
1516 2472 1734 2509 verticillis
1752 2482 1845 2508 sese
1862 2482 1935 2508 ex-

108 2532 286 2579 cipiunt,
317 2534 520 2569 herbacea
537 2535 574 2567 et
590 2530 700 2578 rudi,
733 2539 781 2566 ac
797 2530 1029 2573 petaloidea
1047 2529 1316 2573 teneriorique
1332 2538 1526 2574 compage
1543 2529 1746 2577 distincti,
1781 2530 1874 2566 dum
1892 2529 1934 2565 in

106 2588 296 2632 plurimis
318 2591 444 2631 calyx
466 2590 674 2624 coloratus
697 2589 891 2624 corollam
913 2586 1127 2634 mentitur,
1159 2588 1199 2621 et
1213 2588 1354 2630 petala.
1367 2587 1437 2623 vel
1453 2585 1645 2622 deficiunt
1660 2595 1698 2622 v.
1715 2585 1830 2625 vario
1849 2585 1933 2621 for-

106 2654 264 2681 marum
285 2647 383 2681 lusu
405 2653 430 2680 a
451 2643 616 2689 vulgari
637 2645 814 2680 corollae
837 2643 968 2680 forma
990 2642 1226 2690 deflectunt3
1256 2642 1336 2679 imo
1358 2642 1402 2680 in
1419 2642 1663 2686 quibusdam
1677 2642 1933 2679 involucrum

105 2701 341 2750 foliaceum,
366 2701 502 2745 calyci
517 2700 713 2736 corollino
730 2700 956 2747 admotum,
985 2701 1200 2737 naturales
1215 2698 1460 2735 evolationis
1475 2699 1627 2744 gradus
1642 2700 1931 2743 quodammodo

104 2758 315 2801 pervertit.
357 2760 590 2794 Petalorum
607 2759 743 2793 autem
757 2756 835 2792 illa
850 2761 912 2793 est
926 2755 1084 2793 indoles
1097 2784 1107 2804 ,
1130 2759 1173 2792 ut
1191 2755 1359 2800 singula
1371 2757 1611 2800 plerumque
1631 2757 1723 2793 basi
1740 2757 1931 2792 tubulosa

105 2815 286 2851 sterilem
316 2815 425 2851 floris
456 2813 670 2858 compositi
697 2813 914 2850 flosculum
942 2812 1092 2849 referre
1120 2812 1351 2849 videantur.
1407 2813 1610 2848 Numerus
1640 2811 1866 2856 germinum
1888 2811 1931 2847 in

104 2871 313 2914 plerisque
336 2870 572 2908 indefinitus
603 2873 641 2906 et
670 2873 833 2913 embryo
863 2870 972 2905 intra
993 2872 1186 2906 albumen
1207 2868 1418 2912 copiosum
1437 2867 1634 2906 minimus
1657 2869 1706 2905 de
1730 2868 1930 2906 affinitate

70 2974 77 2977 ν
104 2935 197 2963 cum
211 2927 383 2971 reliquis
397 2926 761 2971 Polycarpicarum
776 2927 986 2964 ordinibus
1003 2926 1188 2963 dubitare
1201 2929 1357 2962 vetant.

248 3005 680 3064 Geographia·
723 3013 1092 3058 Ranunculaceae,
1116 3020 1358 3055 peromnem
1374 3013 1572 3047 terrarum
1587 3011 1721 3046 orbem
1739 3009 1928 3056 diffusae,

105 3067 149 3106 in
170 3070 482 3114 hemisphaerae
501 3070 683 3107 borealis
696 3064 931 3113 regionibus
948 3068 1183 3111 temperatis
1199 3071 1236 3104 et
1252 3068 1415 3112 frigidis
1429 3067 1607 3104 maximo
1622 3076 1788 3102 numero
1805 3076 1929 3111 gene-

104 3130 262 3163 rantur.
319 3127 666 3170 Frequentissime
686 3125 729 3162 in
745 3129 910 3170 Europa
929 3126 1136 3172 habitant,
1168 3128 1219 3162 ab
1243 3133 1316 3162 ora
1336 3124 1634 3161 mediterranea
1656 3124 1707 3160 ad
1723 3128 1929 3160 extremas

105 3182 234 3219 arctoi
255 3182 431 3219 climatis
451 3183 638 3232 insulas,
669 3185 709 3219 et
731 3192 757 3220 a
779 3183 907 3223 maris
929 3182 1065 3219 littore
1089 3184 1142 3219 ad
1163 3174 1274 3220 niuis
1296 3182 1464 3226 alpinae
1485 3180 1677 3217 terminos
1700 3180 1927 3224 dispersae.

105 3239 240 3276 Minor
254 3242 395 3282 paullo
410 3244 471 3276 est
486 3241 715 3283 specierum
730 3240 774 3276 in
783 3240 978 3276 America
991 3239 1149 3276 boreali
1163 3249 1371 3286 numerus,
1389 3239 1432 3275 in
1442 3237 1547 3275 Asia
1562 3240 1786 3281 temperata
1800 3239 1929 3272 multo

105 3296 282 3332 rariores
310 3300 551 3332 nascuntur.
608 3299 718 3332 Inter
746 3297 921 3340 tropicos
951 3299 1065 3333 solae
1087 3296 1333 3333 clematides
1360 3296 1525 3342 vivunt,
1556 3293 1699 3330 habitu
1729 3293 1925 3330 fruticoso

106 3356 358 3389 sarmentoso
394 3355 652 3400 aberrantes,
688 3353 890 3397 paucique
918 3352 1157 3390 Ranunculi
1192 3353 1249 3388 im
1284 3351 1454 3390 summis
1483 3351 1685 3386 montibus
1715 3351 1926 3396 regionum

105 3409 463 3452 aequinoctialium
488 3409 649 3453 reperti.
707 3411 840 3446 Trans
861 3408 1143 3454 capricornum
1165 3412 1306 3453 plures
1329 3411 1535 3455 crescunt,
1567 3412 1767 3450 capenses
1783 3410 1823 3444 et
1836 3417 1928 3444 ma-

106 3466 339 3510 gellanicae
360 3468 583 3502 nonnullae
611 3464 678 3502 sui
700 3467 883 3514 generis,
915 3466 1236 3514 australasicae‚
1268 3468 1456 3509 quotquot
1472 3463 1588 3512 novi,
1620 3465 1672 3500 ad
1688 3465 1924 3501 Ranunculi

106 3523 389 3560 etclematidis
405 3532 535 3567 genus
551 3521 801 3561 referendae.
832 3523 1081 3572 Ranunculi,
1098 3523 1269 3561 Caltlrae
1285 3526 1320 3558 et
1331 3521 1570 3559 Clematidis
1585 3521 1704 3558 sedes
1719 3521 1925 3560 latissime

1467 3585 1576 3641 28*
