2147 3756
979 102 1092 152 257

116 278 269 314 dendas
295 280 456 322 praeter
483 277 735 321 singularem
766 276 1002 314 affinitatem
1032 277 1258 312 naturalem
1282 274 1404 311 etiam
1429 274 1609 310 rationes
1631 276 1937 320 physiologicas

114 337 322 370 luculento
346 337 531 377 exemplo
549 335 835 371 demonstrant.
892 336 994 370 Nam
1010 333 1051 368 in
1070 333 1277 368 radicibus
1295 335 1328 366 et
1347 331 1534 367 caulibus
1550 333 1775 375 hypogaeis
1793 334 1938 368 Cicho-

113 400 326 426 racearum
349 391 605 426 substantiae
627 400 792 427 amarae
815 401 886 434 per
906 390 1140 426 universam
1166 392 1345 432 plantam
1369 387 1513 424 deinde
1535 389 1744 423 vehendae
1767 393 1802 424 et
1829 392 1936 424 ulte-

113 447 201 482 rius
225 449 498 482 elaborandae
523 449 672 482 crudae
696 448 816 490 quasi
840 447 1037 490 resident,
1069 446 1111 481 in
1135 445 1346 481 nonnullis
1362 443 1626 488 mucilaginis
1644 445 1776 479 dulcis
1793 444 1938 488 majori

113 512 153 538 v.
176 503 323 538 minori
345 504 463 546 copia
487 508 753 548 temperatae,
787 513 856 546 pro
881 504 998 539 varia
1020 504 1118 539 anni
1142 505 1400 547 tempestate,
1433 504 1547 543 prout
1572 500 1872 536 frondescentia
1898 504 1937 536 et

111 559 251 595 florum
282 560 459 595 evolutio
489 560 634 603 incipit
663 570 701 596 v.
727 561 935 605 peragitur
956 563 1025 595 aut
1048 562 1237 594 absoluta
1261 562 1340 604 est,
1373 558 1538 594 diversa
1561 557 1683 592 etiam
1706 558 1873 600 energia
1893 557 1937 592 in

112 616 388 660 organismum
410 620 632 652 humanum
656 622 844 662 agentes,
878 618 970 651 dum
995 616 1133 658 purior
1154 615 1291 650 laticis
1309 615 1439 650 virtus
1456 614 1497 649 in
1514 613 1601 648 illis
1620 613 1819 656 imprimis
1837 613 1937 649 emi-

110 676 199 717 cat,
232 682 403 714 quarum
431 676 599 717 lympha
630 683 700 715 per
722 673 899 714 elongati
922 671 1106 707 vatidicis
1130 680 1263 706 ramos
1287 676 1406 706 vecta
1430 675 1465 707 et
1489 672 1615 705 multo
1637 669 1825 705 foliorum
1850 669 1939 713 spi-

111 730 289 765 rantium
313 734 513 773 apparatu
537 733 710 775 mutata,
744 733 833 771 post
858 732 1049 764 navatam
1074 728 1371 769 reproductioni
1386 735 1549 770 operam
1566 726 1798 770 organismo
1817 736 1939 769 vege-

114 786 232 820 tabili
268 786 440 821 ulterius
470 786 648 830 inutilis,
697 790 779 820 tum
810 785 925 827 copia
957 788 1039 819 tum
1068 784 1226 819 viribus
1257 785 1411 819 medico
1442 785 1757 819 commendatur.
1829 784 1938 818 Inter

111 841 381 877 Cichoraceas
404 841 669 877 medicinales
686 842 883 884 quaedam
902 841 1097 886 eminent,
1130 840 1172 875 in
1189 848 1359 882 quarum
1376 840 1582 876 radicibus
1597 850 1636 876 v.
1654 844 1794 875 trunco
1809 841 1938 882 hypo-

110 906 211 941 gaeo
241 898 431 933 materies
462 905 603 933 amara
635 906 725 932 cum
746 897 969 941 gummosis
991 900 1028 931 et
1052 896 1251 932 resinosis
1276 897 1539 943 substantiis,
1587 896 1738 932 additis
1761 896 1936 934 salibus.
1973 907 1977 911 ’

109 953 186 988 tali
211 957 523 997 temperamento
552 962 577 989 a
599 958 747 988 natura
769 953 898 989 mixta
920 957 1002 998 est,
1034 957 1078 988 ut
1093 952 1224 989 virtus
1242 953 1335 988 inde
1351 953 1506 988 oriatur
1520 953 1647 988 vitam
1664 953 1881 996 plasticam
1898 957 1937 988 et

110 1011 198 1052 ejus
222 1019 376 1053 organa
396 1009 601 1053 singulari
624 1011 740 1045 modo
762 1009 967 1056 afficiens,
999 1019 1103 1052 quae
1127 1010 1218 1045 dum
1241 1018 1344 1045 vasa
1367 1011 1617 1045 resorbentia
1639 1014 1675 1045 et
1700 1009 1938 1044 revehentia

108 1074 201 1101 cum
231 1067 540 1102 secernentibus
571 1066 695 1102 simul
717 1066 800 1102 leni
824 1066 988 1101 stimulo
1012 1066 1230 1112 sollicitat,
1263 1066 1432 1101 nimium
1455 1065 1498 1100 in
1523 1067 1704 1101 materiis
1729 1066 1936 1109 organicis

106 1121 243 1158 nisum
260 1123 480 1166 pias-ticum
496 1124 737 1158 moderatur.
796 1119 1075 1157 Tarm-nemu
1093 1119 1211 1157 Dens
1230 1119 1382 1156 Leonis
1398 1122 1512 1158 Desf.
1531 1121 1788 1165 [Leontodon
1805 1124 1936 1158 Tara-

106 1187 257 1214 xacum
274 1180 408 1227 Linn.,
434 1182 559 1224 vulgo
575 1182 853 1225 Lowenzahn,
878 1179 1130 1226 Dandelion,
1155 1180 1373 1225 Pissenlit,
1399 1171 1749 1230 ciypvopcoepoz'rho'c
1764 1178 1934 1223 Neogr.)

106 1233 214 1271 inter
241 1238 318 1272 has
348 1245 500 1281 magna
529 1237 637 1280 apud
662 1236 839 1272 medicos
862 1238 986 1272 laude
1010 1238 1258 1282 celebratur,
1290 1234 1477 1279 vulgaris
1502 1235 1671 1271 notitiae
1694 1238 1857 1281 planta,
1891 1236 1934 1271 in

105 1292 236 1335 pratis
259 1296 297 1328 et
321 1293 489 1335 pascuis
514 1297 550 1328 et
577 1302 698 1328 secus
718 1292 812 1328 vias
836 1303 908 1336 per
931 1302 1087 1329 omnem
1103 1294 1328 1337 Europam,
1360 1301 1434 1327 nec
1457 1299 1538 1327 non
1561 1302 1632 1335 per
1648 1286 1792 1328 Asiam
1810 1292 1935 1328 finiti-

105 1357 234 1396 mam,
267 1353 306 1384 et
323 1349 510 1385 Africam
527 1352 732 1385 borealem
749 1350 890 1395 obvia,
923 1359 948 1385 a
963 1350 1088 1385 maris
1103 1350 1238 1385 littore
1255 1349 1507 1385 editissimas
1525 1351 1640 1392 alpes
1658 1350 1935 1394 adscendens3

104 1415 230 1448 scapo
252 1406 455 1452 fistuloso,
486 1409 805 1454 monocepha10,
836 1407 942 1442 inter
964 1407 1062 1442 folia
1085 1406 1359 1449 inaequaliter
1382 1410 1418 1440 et
1436 1409 1553 1441 acute
1570 1406 1775 1441 ruminata
1790 1415 1935 1442 assur-

103 1465 244 1509 gente,
278 1463 459 1506 capitulo
483 1466 652 1505 pulchre
674 1462 800 1508 flavo,
834 1463 1036 1499 fructibus
1059 1464 1183 1506 pappi
1202 1463 1320 1506 pilosi
1339 1462 1544 1498 albissimi
1561 1473 1635 1505 ope
1653 1462 1933 1510 avolantibus,

104 1528 229 1554 succo
259 1520 431 1562 denique
460 1521 610 1566 lacteo,
643 1522 775 1555 colore
803 1520 1003 1563 pertinaci
1026 1520 1233 1563 carpentis
1258 1520 1427 1564 digitum
1449 1519 1710 1566 inquinante,
1741 1518 1934 1563 insignis.

105 1573 348 1610 cichorimn
364 1574 544 1621 Intybns
560 1577 680 1612 Linn.
705 1571 838 1627 (σέρις
854 1570 1180 1621 πλατυφύλλος;
1203 1571 1361 1625 perdiu,
1386 1570 1621 1626 πικρολίὸι,
1646 1576 1754 1612 alias
1779 1585 1935 1611 παπα-

102 1625 256 1668 &ommi
279 1632 450 1677 Neogr.)
476 1633 642 1668 floribus
665 1641 832 1669 amoene
855 1634 1057 1668 caeruleis
1074 1633 1180 1668 inter
1194 1625 1400 1669 nostrates
1418 1633 1672 1674 compositas
1689 1632 1932 1679 singttlariS‚

101 1690 247 1732 planta
268 1691 482 1725 Taraxaco
508 1690 581 1725 vix
603 1689 756 1736 rarior,
787 1699 863 1725 nec
886 1690 1047 1725 viribus
1070 1689 1214 1732 impar.
1272 1691 1402 1725 Ferae
1424 1689 1546 1724 radix
1568 1689 1611 1724 in
1634 1691 1831 1724 medelam
1847 1692 1933 1724 col-

100 1745 263 1793 ligitur,
297 1749 409 1781 culta
438 1746 724 1782 amaritudinis
754 1745 839 1781 fere
869 1755 1016 1788 expers
1038 1745 1295 1781 notissimum
1317 1749 1435 1788 potus
1460 1745 1615 1780 arabici
1637 1747 1934 1782 succedaneum

101 1804 278 1844 praebet.
291 1836 309 1840 ,,
325 1804 460 1837 Herba
471 1803 610 1844 junior
625 1802 780 1849 edulis,
800 1803 871 1837 sed
887 1804 1016 1845 major
1031 1805 1093 1838 est⁴
1109 1802 1151 1837 in
1168 1802 1361 1838 acetariis
1381 1798 1573 1836 Cz'clcorae‘z'
1588 1799 1794 1836 Eadm-iae
1808 1803 1932 1838 Linn.

101 1858 254 1904 gratia,
286 1861 435 1894 herbae
464 1860 808 1906 mediterraneae,
839 1859 977 1895 minus
1007 1868 1172 1895 amarae
1203 1862 1242 1894 et
1270 1858 1427 1902 passim
1460 1868 1551 1894 cum
1578 1860 1758 1895 oleribus
1783 1862 1932 1895 cultae.

103 1912 262 1948 Soncln'
288 1915 517 1958 specierum
547 1915 790 1951 nostratium
821 1918 859 1950 et
888 1913 1237 1962 Tragopogonum
1268 1915 1428 1951 radices
1452 1916 1659 1951 Taraxaci
1689 1919 1726 1952 et
1757 1916 1934 1952 Cichorii

100 1974 302 2008 aemulae.
361 1972 496 2007 Minor
513 1976 571 2008 est
588 1973 631 2008 in
650 1969 940 2006 Scorzonerae
957 1973 1251 2018 (Haberwurz,
1275 1971 1466 2015 Salsifix]
1483 1973 1690 2008 radicibus
1707 1973 1932 2019 amarities,

103 2021 219 2064 suffici
241 2028 366 2064 lactei
388 2029 637 2074 mucilagine
660 2029 771 2064 dulci
788 2033 1023 2072 temperata.
1083 2026 1349 2063 Scorzonera
1370 2026 1596 2075 hispanica
1611 2030 1732 2065 Linn.
1750 2034 1787 2064 et
1806 2027 1933 2063 Scor-

100 2092 260 2118 zonera
272 2083 520 2134 glus-tafalia
535 2086 682 2121 Willd.
701 2088 748 2121 ob
767 2086 946 2122 radicem
960 2087 1119 2122 edulem
1136 2086 1177 2121 in
1194 2086 1319 2122 hortis
1337 2086 1552 2122 culinariis
1569 2091 1771 2123 seruntur.
1804 2084 1931 2121 Seor-

99 2151 283 2176 zonercze
306 2139 534 2176 deliciosae
556 2144 676 2178 Guss.
702 2143 821 2178 radix
848 2145 1045 2179 saccharo
1068 2143 1253 2178 confecta
1275 2143 1415 2186 gustui
1437 2143 1676 2188 gratissima
1700 2147 1738 2179 et
1762 2152 1932 2179 amoene

98 2197 370 2246 refrigerans,
388 2200 497 2242 apud
512 2199 824 2235 Panormitanos
840 2208 986 2243 magno
1007 2199 1050 2235 in
1065 2209 1145 2235 usu
1161 2203 1235 2236 est.
1274 2197 1565 2234 Scorzonerae
1585 2199 1807 2234 tuberosae
1820 2202 1930 2236 Pali.

99 2255 279 2291 radicem
307 2256 591 2300 gummiferam
622 2256 810 2292 Calmuci
839 2258 1066 2292 comedunt.
1124 2256 1262 2292 Etiam
1284 2253 1469 2303 Myse-oli
1487 2253 1703 2301 hispanici
1724 2255 1929 2300 (Scolymi

99 2311 308 2355 hispanici
322 2311 469 2356 Linn.)
494 2313 613 2348 radix
624 2312 764 2355 junior
778 2313 884 2348 inter
898 2316 1111 2349 esculenta
1125 2315 1319 2360 habetur,
1349 2313 1510 2349 viribus
1527 2313 1740 2350 diui-etica.
1800 2311 1929 2348 δεον-

97 2377 282 2422 κοηςι·αε
297 2365 545 2414 hispanicae
559 2369 751 2405 virtutem
767 2369 876 2405 alexi
883 2372 1145 2412 pharmacam
1159 2372 1319 2406 veteres
1336 2370 1536 2415 tribuunt,
1568 2371 1837 2407 recentiorum
1855 2381 1928 2406 ex-

97 2425 334 2467 perimentis
370 2427 480 2461 haud
510 2427 796 2462 confirmatam.
869 2423 1132 2461 Prenanth2·s
1169 2426 1399 2469 specierum
1432 2421 1562 2469 major
1598 2428 1705 2470 apud
1745 2428 1930 2463 Boreali-

98 2481 350 2517 americanos
366 2481 478 2518 fama
493 2486 574 2528 es't;
604 2479 866 2517 Premzntln's
884 2480 1081 2526 [Nabali)
1099 2482 1394 2528 serpentariae
1408 2484 1578 2530 Pursh.,
1610 2487 1649 2518 et
1663 2480 1930 2518 Prenantln's

98 2534 296 2580 [Nabali]
313 2536 436 2572 albae
451 2541 532 2575 ΕΠ.
549 2539 666 2575 radix
682 2548 806 2575 succo
827 2541 959 2575 lacteo
982 2539 1188 2583 glutinosa
1213 2539 1472 2575 amarissimo
1493 2544 1678 2587 scatens,
1708 2544 1927 2584 praestans

98 2595 297 2629 adversus
322 2594 474 2630 Crotali
503 2604 663 2631 morsus
693 2595 924 2638 specificum
953 2599 1130 2639 putatur.
1195 2597 1350 2632 Eadem
1372 2592 1809 2642 Illiclgediifloridam'
1827 2598 1926 2645 Dc„

96 2652 263 2692 plantae
287 2653 334 2686 ob
359 2651 612 2695 singularem
634 2651 788 2688 radicis
813 2652 1042 2688 amaritiem
1061 2653 1484 2698 Anglo—americanis
1508 2650 1613 2688 Gall
1633 2653 1689 2703 ⁰f
1706 2651 1775 2688 tlte
1798 2651 1924 2688 earth

95 2705 247 2756 dictaej,
278 2709 373 2743 laus
392 2712 467 2745 est.

238 2789 532 2828 Lactuearum
555 2803 704 2831 succus
734 2803 920 2843 amarus,
958 2793 1090 2842 acris,
1129 2794 1264 2832 odoris
1292 2793 1506 2841 rimemini,
1540 2794 1741 2843 resinam,
1773 2804 1923 2844 ceram,

97 2847 274 2885 resinam
297 2850 534 2898 clasticam,
567 2852 816 2888 albuminam
841 2856 877 2887 et
903 2852 1177 2887 substantiam
1200 2852 1468 2888 extractivam
1491 2862 1672 2889 amaram
1696 2863 1786 2888 cum
1808 2853 1924 2897 prin-

95 2905 202 2948 cipio
219 2906 359 2949 aliquo
375 2908 535 2943 volatili
551 2908 776 2951 peculiaris
792 2909 944 2944 indolis
960 2908 1090 2955 vehit,
1123 2909 1270 2951 quibus
1285 2909 1477 2944 virtutem
1501 2911 1617 2945 debet.
1633 2910 1725 2953 Opii
1747 2920 1768 2945 e
1785 2911 1922 2954 Papa-

95 2970 191 2997 vere
205 2963 348 2999 virtuti
363 2964 726 3012 aequiparandam,
743 2970 795 3010 et,
820 2965 1062 3007 ubicumque
1077 2965 1246 3001 irritans
1262 2968 1328 3001 vel
1344 2965 1512 3010 gravius
1529 2968 1764 3002 narcoticus
1782 2970 1923 3002 tantae

96 3017 320 3055 medicinae
341 3021 509 3057 effectus
533 3021 716 3068 timetur,
748 3022 1069 3065 praeferendam.
1128 3019 1350 3056 Lactucae
1375 3019 1597 3057 Scare‘olae
1625 3024 1747 3058 Linn.
1770 3026 1922 3060 herbae

95 3075 312 3123 nostratiS,
342 3075 386 3111 in
401 3077 603 3113 ruderatis
619 3078 768 3120 ubique
785 3079 947 3126 obviae,
982 3079 1118 3114 rarius
1136 3076 1357 3114 Lactucae
1372 3077 1542 3114 virosae
1557 3080 1676 3116 Linn.
1694 3080 1735 3116 in
1755 3082 1922 3123 Europa

94 3131 339 3167 australiore
354 3134 580 3169 crescentis
595 3138 778 3170 extracto
791 3135 939 3170 medici
954 3135 1059 3170 inter
1075 3136 1253 3171 remedia
1267 3136 1475 3172 narcotica
1489 3136 1668 3171 utuntur.
1714 3137 1921 3179 Frequen-

95 3186 179 3221 tius
201 3188 319 3223 hodie
342 3198 493 3225 succus
514 3191 787 3227 Lactucarum
810 3191 1044 3238 adhibetur,
1091 3192 1160 3234 qui
1190 3203 1212 3228 e
1235 3189 1455 3226 Lactucae
1478 3192 1647 3227 sams-ae
1666 3193 1787 3228 Linn.
1812 3183 1921 3229 alia-

95 3252 263 3286 rumque
284 3245 514 3288 specierum
535 3247 725 3284 caulibus
747 3250 822 3284 sub
844 3247 1050 3284 fructuum
1072 3248 1390 3293 grossitie-atione
1412 3249 1560 3285 incisis
1583 3248 1755 3284 effluens
1771 3253 1809 3285 et
1825 3251 1920 3286 aere

96 3300 313 3348 densatus,
344 3303 413 3338 vel
435 3303 558 3338 etiam
583 3313 805 3347 expressus
829 3307 867 3340 et
890 3305 975 3340 leni
996 3305 1091 3349 igne
1106 3305 1348 3353 spissatuss
1364 3302 1622 3340 Laecae-am·
1634 3315 1673 3342 v.
1696 3302 1921 3342 Tltridacii

91 3359 293 3407 vocabulo
323 3356 368 3394 in
396 3357 573 3395 officinis
595 3363 796 3396 servatur.
855 3361 1038 3398 Junioris
1059 3363 1333 3398 Lactucarum
1361 3365 1530 3408 herbae,
1561 3361 1676 3397 succi
1696 3363 1820 3399 lactei
1843 3373 1918 3399 ex-

94 3412 238 3457 pertis,
268 3423 370 3449 usus
386 3413 492 3451 inter
504 3417 670 3458 plantas
684 3418 894 3453 oleraceas
910 3417 1222 3461 antiquissimus
1240 3420 1314 3455 est.
1364 3420 1399 3453 N
1404 3427 1613 3455 nmerosae
1628 3420 1915 3465 Lactucarum,

92 3476 196 3510 quae
210 3469 255 3507 in
269 3469 399 3508 hortis
414 3471 629 3510 culinariis
643 3475 848 3525 seruntur,
863 3473 1017 3512 formae
1028 3471 1245 3519 (λιιι-τασαν
1253 3472 1541 3520 waramum,
1554 3474 1702 3513 Laitue
1713 3476 1916 3524 romaine3

1496 3540 1565 3593 17
