2147 3756
1004 110 1121 160 586

296 276 591 317 Anesormzae
615 281 806 328 cerpense's
830 281 967 319 Oltam.
993 285 1031 319 et
1057 284 1165 319 Scbl.
1199 281 1346 328 [vulgo
1370 285 1661 331 Anyswortel]
1694 291 1731 323 et
1756 284 1976 324 Poenicum

158 337 351 384 carpensis
373 340 456 376 Dc.
481 337 630 383 (vulgo
651 340 1001 385 Fenclrelwortel)
1026 340 1185 377 radices
1209 341 1458 377 aromaticae
1488 344 1642 379 colonis
1665 345 1974 388 capensibusin

154 395 315 432 deliciis
331 399 439 432 sunt.

253 506 255 508 ,
295 463 491 512 Premgos
515 463 749 511 pabularia
770 464 907 501 Lindl.
937 463 980 501 in
1003 465 1146 502 Indiae
1173 464 1279 503 iocis
1310 463 1391 503 situ
1415 467 1521 504 elato
1545 469 1778 512 temperatis
1801 471 1972 518 habitat,

155 523 391 559 innumeras
420 522 699 558 velliferarum
730 531 871 565 greges
904 521 1015 557 foliis
1046 522 1134 558 suis
1164 526 1415 559 sustentans.
1487 526 1624 561 Herba
1653 527 1827 562 Ferulae
1857 530 1977 563 odore

156 579 316 624 gravis,
338 579 593 616 ·liominibus
624 578 828 622 indigenis
857 577 1023 628 sapida,
1069 579 1269 622 silphium
1300 580 1470 616 Arriani
1507 582 1702 631 creditur,
1746 583 1974 620 Alexandri

160 636 398 672 Macedonis
415 633 612 670 exercitui
629 634 806 685 obvium.

294 707 524 742 Nonnullas
547 704 717 740 venenis
740 704 961 740 narcoticis
985 705 1367 742 vehementissimae
1390 705 1556 743 virtutis
1573 709 1851 745 accensendas
1869 708 1975 745 dixi-

154 772 260 799 mus.
322 761 493 796 Com'um
524 758 783 795 maculatum
813 761 932 797 Linn.
964 756 1176 805 (κώνειον,
1209 764 1327 798 hodie
1348 756 1670 814 βρομόχορτον,
1703 765 1973 810 Sclrierlillg],

152 820 256 863 quod
280 818 484 861 plerisque
514 816 666 851 Cicuta
697 818 863 864 dicitur,
909 818 1014 853 inter
1042 822 1116 855 has
1147 820 1333 863 vulgaris
1366 823 1424 855 est
1457 821 1652 867 notitiae,
1696 823 1838 864 planta
1868 822 1975 858 facie

152 879 289 921 torva,
329 874 505 910 maculis
534 873 667 909 rubris
696 873 1092 918 flavescentibusque
1122 874 1259 923 foeda,
1307 878 1427 912 odore
1456 876 1601 913 urinae
1631 876 1770 928 felium
1799 878 1974 925 ingrata,

153 934 196 968 in
212 931 354 976 pingui
372 933 479 976 solo,
510 930 744 973 locisjuxta
766 931 971 967 hominum
997 932 1203 967 domicilia
1225 933 1449 979 squalidis,
1482 933 1523 968 iu
1547 933 1745 978 neglectis
1767 936 1973 971 hortorum

153 989 284 1034 areis,
319 987 647 1030 frequentissime
672 988 791 1022 etiam
810 987 850 1022 in
869 988 1118 1024 coemeteriis
1137 999 1207 1031 per
1222 998 1376 1025 omnem
1393 992 1597 1032 Europam
1614 994 1651 1026 et
1666 990 1813 1026 Asiam
1829 983 1974 1026 borea—

151 1048 232 1081 lem
262 1044 401 1091 obvia,
433 1044 475 1078 in
499 1044 729 1080 Americam
760 1043 986 1088 transfuga.
1044 1045 1180 1081 Radix
1201 1046 1444 1082 Petroselini
1475 1046 1606 1082 radici
1636 1047 1807 1093 similis,
1835 1047 1975 1089 junior

151 1111 273 1138 succo
291 1101 427 1143 spisse
441 1102 572 1136 lacteo
590 1100 781 1147 gravida,
814 1100 974 1143 saporis
992 1101 1164 1143 primum
1180 1102 1667 1150 aromatico-subdulcis,
1694 1103 1836 1139 deinde
1852 1103 1975 1149 acris,

151 1167 279 1195 verno
295 1156 495 1201 imprimis
513 1160 689 1200 tempore
706 1161 922 1192 venenata.
967 1159 1137 1193 Praeter
1153 1159 1427 1194 substantiam
1444 1158 1713 1194 alcaloideam
1732 1157 1975 1206 (Coniz‘nam

153 1225 188 1252 s.
210 1212 466 1257 Cicutinam)
479 1237 490 1258 ,
523 1222 625 1257 quae
642 1213 809 1249 facilius
826 1223 877 1248 ex
892 1216 1019 1249 herba
1033 1214 1206 1261 elicitur,
1238 1216 1369 1249 oleum
1387 1217 1617 1250 aethereum
1634 1223 1748 1261 acre,
1781 1215 1974 1259 resinam,

154 1273 265 1309 sales
289 1274 329 1306 et
350 1271 513 1306 acidum
534 1269 757 1312 peculiaris
781 1269 934 1305 indolis
951 1270 1140 1306 continet.
1199 1271 1335 1307 Herba
1351 1271 1462 1307 sicca
1481 1274 1519 1306 et
1536 1280 1678 1315 recens
1695 1271 1800 1307 inter
1815 1272 1977 1307 auxilia

150 1327 310 1364 medica
340 1330 420 1373 est,
452 1334 556 1362 vasa
585 1326 783 1370 imprimis
811 1327 1081 1372 lymphatica,
1120 1328 1339 1372 glandulas
1371 1331 1408 1363 et
1436 1327 1598 1363 viscera
1628 1328 1780 1370 potenti
1810 1328 1975 1365 stimulo

153 1384 357 1429 afficiens,
390 1383 657 1429 secretiones,
690 1382 979 1425 resorptionem
1002 1388 1038 1418 et
1062 1386 1272 1419 humorum
1303 1393 1372 1426 per
1400 1393 1504 1420 vasa
1535 1384 1754 1427 capillaria
1784 1389 1823 1420 et
1852 1386 1975 1421 redu-

153 1441 289 1477 centia
319 1443 471 1476 motum
498 1438 727 1482 impellens.
786 1440 978 1474 Recentis
1010 1443 1047 1474 et
1076 1439 1241 1475 incaute
1265 1449 1451 1477 comesae
1473 1440 1636 1476 laticem
1660 1441 1901 1491 sanguinem
1924 1441 1977 1476 li-

153 1506 298 1543 quare,
331 1500 369 1532 et
397 1496 457 1531 ita
483 1505 630 1531 versus
655 1498 864 1539 pulmones
889 1504 1132 1532 coacervare
1157 1500 1334 1542 constat,
1366 1500 1409 1531 ut
1432 1504 1574 1532 everso
1598 1497 1713 1532 brevi
1736 1498 1841 1532 inter
1863 1497 1976 1533 vilae

150 1553 384 1590 functiones
415 1552 673 1598 aequilibrio,
712 1553 929 1595 largiorem
958 1555 1149 1600 haustum
1177 1562 1286 1589 mors
1315 1555 1529 1599 sequatur,
1568 1556 1713 1588 canale
1743 1553 1977 1589 alimentari

154 1610 242 1646 fere
258 1610 418 1645 illaeso.
464 1609 639 1643 Plantae
657 1607 823 1643 infamis
840 1617 1022 1653 succum,
1046 1609 1297 1652 papaverino
1313 1609 1403 1652 opio
1420 1608 1706 1644 verosimiliter
1720 1609 1976 1655 medicatum,

151 1668 396 1703 Graecorum
412 1664 888 1707 sapientissimojudices
904 1665 1236 1707 propinaverunt.
1267 1665 1546 1701 Substantiam
1563 1665 1830 1701 alcaloideam
1847 1665 1977 1701 conii-

151 1732 268 1769 nam,
301 1722 338 1759 si
362 1721 600 1758 animalium
623 1721 817 1765 sanguini
841 1730 911 1763 per
931 1723 1084 1758 vulnus
1107 1723 1348 1768 misceatur,
1380 1721 1735 1758 vehementissimo
1757 1722 1908 1767 impetu
1935 1722 1989 1765 in,

152 1783 336 1823 systema
357 1787 590 1823 nervorum,
624 1776 822 1820 imprimis
844 1779 1047 1814 medullae
1071 1779 1247 1822 spinalis
1270 1787 1412 1825 agere,
1443 1778 1659 1815 universos
1682 1781 1890 1815 musculos
1917 1778 1976 1814 fe-

153 1836 233 1873 rire
249 1840 287 1872 et
303 1834 554 1878 repentinam
571 1834 655 1870 fere
672 1837 836 1869 mortem
853 1834 1044 1870 inducere
1055 1862 1065 1882 ,
1097 1835 1386 1879 experimentis
1402 1837 1701 1878 comprobatum
1718 1838 1792 1871 est.

295 1905 449 1940 Cicuta
478 1905 623 1939 virosa
646 1904 767 1940 Linn.
792 1904 1240 1949 [Wasserschierling]
1271 1906 1314 1941 in
1344 1906 1586 1952 paludibus,
1617 1905 1742 1942 fossis
1765 1905 1976 1942 inundatis

153 1968 191 2000 et
222 1962 436 2000 fluviorum
466 1962 567 2005 ripis
598 1961 788 1996 demissis
818 1970 891 2004 per
918 1963 1122 2004 Europam
1152 1966 1189 1998 et
1217 1962 1366 1999 Asiam
1394 1964 1599 1998 borealem
1627 1962 1833 2009 nascitur,
1871 1962 1976 1998 inter

151 2023 319 2064 plantas
355 2022 558 2055 nostrates
596 2018 721 2053 facile
755 2018 1091 2055 venenatissima.
1165 2019 1351 2055 Maxima
1388 2019 1625 2054 rhizomatis
1666 2018 1818 2066 crassi,
1864 2018 1977 2054 intus

154 2077 315 2122 inanis,
348 2086 369 2111 e
385 2077 565 2111 medulla
581 2074 746 2110 residua
762 2074 804 2109 in
821 2077 980 2110 loculos
996 2078 1135 2117 plures
1151 2076 1428 2119 superpositos
1452 2075 1597 2122 divisi,
1627 2075 1694 2111 vis
1718 2078 1792 2111 est.
1850 2074 1976 2111 Virus

152 2134 198 2170 in
220 2132 384 2169 corticis
409 2141 532 2168 succo
554 2134 705 2178 lacteo,
738 2131 891 2174 pallide
913 2131 1036 2178 flavo,
1068 2133 1118 2167 ad
1142 2135 1276 2167 aerem
1299 2132 1341 2167 in
1366 2134 1539 2167 colorem
1563 2141 1745 2168 croceum
1767 2135 1974 2179 vergente,

155 2190 317 2233 saporis
334 2188 528 2235 caustici,
562 2187 693 2224 odoris
710 2189 923 2223 admodum
938 2188 1134 2224 nauseosi
1158 2188 1327 2236 residet,
1359 2198 1381 2223 e
1406 2188 1640 2224 substantia
1662 2188 1850 2225 resinosa
1873 2198 1976 2232 pen-

156 2249 277 2294 dens,
308 2245 487 2281 admixto
518 2247 606 2282 oleo
637 2247 846 2290 aethereo,
878 2246 991 2291 calc-e
1021 2244 1293 2288 phosphorica
1323 2248 1361 2281 et
1390 2254 1471 2280 non
1496 2244 1645 2287 exigua
1669 2244 1857 2280 sacchari
1883 2253 1976 2287 por.-

154 2304 278 2340 tione.
316 2302 507 2338 Radicem
526 2310 551 2337 a
566 2301 703 2337 fluviis
720 2302 931 2336 advectam
946 2303 1014 2336 vel
1029 2303 1080 2336 ab
1096 2301 1254 2345 ignaris
1272 2302 1479 2347 effossam,
1512 2304 1549 2336 et
1567 2310 1636 2344 pro
1653 2301 1749 2344 Apii
1765 2301 1973 2337 radicibus

155 2368 358 2396 comesam
380 2358 570 2395 incautos
593 2357 839 2400 saepissime
862 2366 1034 2393 necasse
1056 2360 1234 2404 constat3
1263 2366 1356 2393 nam
1380 2357 1608 2401 ventriculo
1632 2360 1770 2393 oblata
1792 2359 1974 2393 ardorem

152 2418 450 2462 vehementem,
483 2417 659 2461 dolores,
692 2414 801 2451 sitim
826 2413 1133 2459 inexplebilem,
1164 2415 1320 2450 ventris
1342 2414 1718 2460 inflammationem,
1751 2414 1974 2460 singultus,

154 2481 363 2519 spasmos,
394 2471 690 2516 temulentiam,
722 2469 980 2517 vertiginem,
1013 2470 1302 2507 convulsiones
1319 2474 1357 2506 et
1372 2474 1536 2506 mortem
1551 2470 1718 2506 inducit.
1762 2469 1976 2506 cadavera

152 2533 317 2573 praeter
339 2529 535 2564 abdomen
559 2527 602 2562 in
624 2528 827 2572 ingentem
851 2529 997 2562 molem
1022 2529 1201 2575 tumens,
1230 2527 1504 2562 ventriculum
1528 2530 1566 2562 et
1593 2526 1788 2561 intestina
1817 2526 1976 2561 inflam-

156 2589 283 2634 mata,
320 2586 512 2628 sphacelo
542 2587 746 2628 correpta,
778 2583 872 2624 iiiuc
899 2583 994 2618 inde
1024 2591 1208 2630 corrosa,
1238 2591 1343 2619 vasa
1374 2582 1530 2619 cerebri
1562 2582 1722 2626 turgida
1745 2583 1978 2618 ostendunt.

156 2643 319 2678 Herbae
335 2650 454 2677 rarus
471 2640 578 2684 apud
594 2640 771 2676 medicos
788 2638 830 2674 in
846 2639 1141 2681 modum‘Conii
1158 2639 1351 2691 maculati
1377 2648 1492 2675 usus.
1550 2638 1976 2675 Boreali-americani

159 2696 352 2733 Cicutam
369 2695 630 2731 maculatam
645 2696 764 2732 Liuu.
782 2698 951 2743 habent,
984 2696 1098 2732 conii
1112 2698 1200 2732 loco
1217 2696 1261 2732 in
1276 2695 1461 2732 officinas
1476 2699 1692 2738 rec-eptam.

303 2765 522 2803 oenanthe
539 2769 717 2801 crocata
725 2766 860 2810 Linn.,
878 2767 919 2801 in
934 2766 1148 2809 paludosis
1158 2768 1345 2809 Europae
1360 2765 1619 2802 australioris
1635 2773 1838 2811 crescens,
1855 2764 1976 2801 Cicu-

158 2829 225 2862 tae
241 2825 282 2861 in
298 2825 459 2861 modum
473 2825 612 2860 virosa
627 2827 701 2859 est.
748 2819 1182 2867 Oenamlaefistulosa
1196 2823 1316 2859 Linn.
1331 2823 1374 2858 in
1391 2822 1596 2858 similibus
1612 2821 1715 2858 locis
1733 2831 1802 2864 per
1819 2830 1975 2858 omnem

157 2884 362 2924 Europam
379 2880 522 2926 obvia,
551 2880 688 2916 minus
703 2879 840 2914 noxia·
896 2879 1091 2915 Radicem
1116 2881 1302 2925 plantae,
1332 2879 1509 2922 pessimo
1533 2887 1665 2913 errore
1688 2886 1759 2920 pro
1785 2871 1973 2929 οἰνάνθῃ

157 2934 411 2975 Dioscoridis
440 2935 624 2983 habitae,
659 2939 793 2978 patres
822 2934 1061 2971 diureticam
1090 2938 1297 2977 putavere.
1356 2931 1471 2969 Simu
1501 2931 1734 2982 latzsfhlinm
1757 2934 1905 2984 Linn.²
1931 2933 1975 2970 in

158 2994 372 3039 paludosis
403 3001 483 3028 non
503 2991 761 3037 infrequens,
793 2992 913 3026 odore
937 2989 1179 3026 bituminoso
1201 2998 1346 3036 grave,
1377 2998 1524 3033 sapore
1549 2999 1640 3026 cum
1663 2990 1834 3026 notabili
1857 2999 1973 3026 acre-

159 3051 253 3087 dine
282 3056 485 3095 ama'rum,
515 3047 667 3084 veneni
695 3050 931 3090 suspectum
961 3050 1034 3082 est.
1082 3041 1317 3081 ›Aemuseae
1349 3044 1530 3092 Cynapz'z'
1556 3046 1697 3092 Linn.,
1729 3046 1974 3083 Petroselini

158 3110 327 3144 herbam
356 3103 609 3151 mentientis,
639 3112 841 3139 venenum
865 3103 1203 3139 narcotico-acre
1226 3111 1251 3138 a
1272 3103 1504 3139 substantia
1529 3103 1757 3139 alcaloidea
1777 3102 1976 3146 peculiari

163 3162 427 3210 (Cynapina)
446 3161 608 3204 quidam
631 3162 827 3203 repetunt.
885 3153 1150 3194 Ambracus
1167 3157 1386 3204 sylvestris
1403 3160 1543 3195 Hoffm.
1563 3163 1600 3195 et
1619 3156 1973 3204 Chaerophyllum

162 3218 432 3256 temulentum
455 3218 575 3253 Linn.
598 3217 739 3253 merito
768 3216 873 3251 inter
901 3220 1117 3258 suspectas
1147 3221 1422 3252 numerantur.
1484 3213 1789 3262 Chaerophyllz·
1815 3213 1978 3257 bulbosi

158 3275 564 3317 Linn.1adixj11nior
577 3273 668 3310 sine
682 3281 790 3309 noxa
805 3273 847 3307 in
863 3272 1055 3308 acetariis
1072 3273 1214 3309 editur.
1389 3293 1391 3295 ·

299 3335 333 3369 E
355 3328 711 3366 L'owclztenstemiae
728 3326 1063 3378 pyrethrtfolme
1081 3329 1217 3402 Cham.
1243 3333 1279 3366 et
1305 3331 1414 3365 Schl.
1432 3328 1482 3374 (v
1486 3331 1578 3374 ulgo
1597 3328 1686 3373 Gli]
1713 3327 1852 3364 radice
1874 3328 1973 3362 Ποι-

164 3389 320 3425 tentotti
337 3391 475 3432 potum
490 3387 757 3424 inebriantem
776 3388 932 3429 parant.
1976 3432 1987 3437 „

302 3448 428 3482 Inter
438 3443 701 3490 gummiferas
732 3440 885 3490 Si'lplm‘
912 3441 1128 3490 cyrenaica·
1156 3442 1443 3487 antiquissima
1478 3442 1587 3479 fama
1623 3444 1696 3478 est.
1769 3439 1893 3477 Nasci
1932 3439 1973 3475 in
