2147 3756
928 140 1040 189 (355

73 319 192 353 extus
218 318 513 352 atrorubentem
539 314 599 351 sic
616 314 850 362 induentes,
880 313 993 351 intus
1009 314 1143 350 rufum
1161 318 1388 352 servantes.
1448 314 1599 352 siccati
1616 325 1639 352 a
1658 315 1898 359 pedunculis

75 376 177 416 depu
186 377 327 408 rantur
343 376 378 407 et
398 373 508 408 lanei
526 373 798 416 imponuntur.
858 368 1241 418 Antkopleyllorum
1259 372 1407 408 messis
1424 375 1474 408 ab
1492 373 1651 408 Octobri
1669 373 1710 408 in
1726 375 1898 409 Decem-

74 432 183 466 brem
215 430 498 472 protrahitur.‹

216 486 579 528 Caryophyllorum
611 492 748 520 aroma
779 493 830 520 ex
861 486 950 520 oleo
974 487 1181 532 aethereo,
1213 483 1350 528 gravi,
1382 483 1604 527 peculiaris
1628 484 1798 530 indolis,
1831 484 1897 520 cui

75 542 333 580 substantiae
370 543 622 577 extractivae
659 545 698 577 et
735 535 1055 587 adstringentes,
1095 546 1132 577 et
1168 542 1410 577 subresinae
1441 541 1709 582 crystallinae
1740 542 1900 583 species

77 595 457 644 (Catyophyllv‘na)
483 600 701 642 accedunt,
735 599 892 641 pendet.
959 599 1062 633 Odor
1085 597 1366 644 gratissimus,
1395 597 1617 632 recentium
1642 597 1741 632 adeo
1767 602 1901 633 tamen

72 658 311 700 vehemens,
344 659 384 690 ut
406 655 706 690 obambulantis
725 654 764 689 in
783 655 947 689 florente
964 657 1085 697 sylva
1110 658 1232 697 caput
1257 658 1401 700 tentet,
1433 654 1541 690 sicut
1567 653 1687 688 etiam
1713 653 1797 697 illi,
1831 653 1901 695 qui

74 711 117 748 in
136 712 440 754 aromatopoliis
459 722 549 747 cum
565 715 641 747 hac
659 721 792 747 merce
809 711 1029 755 dormiunt,
1048 720 1214 756 gravem
1233 713 1468 754 cephaleam
1486 712 1739 745 contrahunt.
1771 711 1902 752 Sapor

74 768 232 804 fervide
262 768 530 814 aromaticus,
570 778 661 803 cum
691 767 773 803 levi
806 767 1008 802 amaritiei
1039 769 1231 802 mixtura.
1297 768 1439 803 Virtus
1470 768 1710 811 stimulans,
1750 765 1900 814 tonica,

75 825 291 868 sialagoga
308 829 343 859 et
363 833 669 867 emmenagoga.
704 826 858 859 Aroma
874 824 1083 866 singulare
1100 823 1141 858 in
1159 823 1345 859 omnibus
1364 824 1521 866 quidem
1539 823 1698 859 arboris
1715 822 1901 866 partibus

74 881 245 925 residet,
280 881 660 924 praestantissimae
692 884 825 915 tamen
848 884 1019 915 naturae
1046 884 1083 915 et
1108 880 1295 915 acerrimi
1320 880 1492 916 fervoris
1518 881 1559 915 in
1584 878 1806 915 alabastris
1831 879 1902 914 de-

75 938 357 984 prehenditur,
389 947 484 973 nam
508 937 777 980 Anthophylli
801 947 872 972 seu
900 937 1056 971 fructus
1079 938 1226 972 maturi
1244 940 1368 973 multo
1386 939 1520 973 minus
1537 933 1690 973 valent.
1736 935 1902 971 Pedun-

74 995 158 1029 culi
183 990 412 1035 (Festucae
432 991 835 1039 Canyophyllnrnm,
870 989 1015 1038 Fasti,
1049 990 1209 1039 Fz'ustz’,
1237 991 1424 1038 Baston)
1451 994 1587 1030 florum
1607 992 1902 1036 praestantiam

75 1050 302 1086 omnimode
319 1053 595 1096 aemulantur,
629 1050 735 1085 inter
749 1059 905 1086 merces
922 1054 1056 1086 tamen
1073 1051 1169 1086 rari.
1230 1051 1498 1094 Caryophylli
1516 1050 1793 1086 destillatione
1810 1058 1901 1084 cum

73 1115 182 1149 aqua
212 1109 344 1142 oleum
373 1107 595 1143 essentiale
624 1109 838 1151 praebent,
885 1106 1050 1143 diversa
1081 1107 1219 1153 copia,
1264 1112 1447 1143 recentes
1477 1110 1713 1151 plerumque
1743 1106 1902 1148 majori.

76 1165 218 1199 Oleum
250 1164 521 1209 destillatum,
555 1165 659 1207 quod
685 1173 736 1199 ex
757 1164 875 1199 India
898 1163 1102 1210 adfertur,
1135 1166 1371 1208 plerumque
1398 1165 1574 1200 admista
1597 1163 1798 1208 peregrini
1822 1161 1903 1198 olei

74 1220 241 1256 dimidia
266 1221 447 1262 portione
470 1222 743 1257 adulteratum
761 1225 834 1257 est.
893 1222 979 1256 Hoc
997 1224 1117 1257 tenue
1134 1225 1195 1256 est
1211 1225 1248 1257 et
1264 1232 1388 1264 saepe
1406 1221 1697 1266 sanguineum,
1731 1224 1767 1255 et
1783 1222 1903 1264 longe

74 1280 124 1313 ab
156 1277 228 1312 illo
258 1277 487 1326 diversum,
520 1279 622 1320 quod
653 1287 705 1314 ex
734 1280 825 1322 lege
849 1278 949 1314 artis
973 1279 1081 1320 apud
1106 1287 1180 1314 nos
1203 1288 1225 1314 e
1250 1278 1540 1322 Caryophyllis
1562 1281 1742 1320 paratur.
1800 1279 1902 1312 Nam

74 1334 294 1370 destillatio
321 1336 433 1370 rudis
461 1340 496 1370 et
520 1335 560 1369 in
580 1335 720 1371 aeneis
739 1335 952 1371 alembicis
970 1335 1063 1370 olim
1083 1336 1191 1378 apud
1209 1336 1328 1370 Indos
1346 1335 1534 1371 instituta
1552 1336 1684 1369 oleum
1702 1332 1904 1369 submini-

75 1392 220 1426 stravit
245 1393 434 1426 adustum
460 1395 496 1426 et
515 1393 615 1427 adeo
634 1401 748 1437 acre,
780 1396 821 1427 ut
841 1392 880 1427 in
900 1395 991 1427 cute
1009 1392 1366 1428 inflammationem
1385 1391 1647 1437 excitaverit,
1680 1391 1785 1426 unde
1802 1399 1904 1426 non-

73 1447 157 1482 nisi
182 1447 284 1482 oleis
309 1448 532 1490 pinguibus
558 1452 819 1490 temperatum
838 1449 1064 1483 adhibitum
1081 1449 1224 1493 fuerit,
1258 1451 1361 1491 quod
1378 1454 1511 1485 autem
1530 1448 1645 1483 hodie
1661 1448 1775 1483 trans
1792 1455 1904 1482 mare

76 1507 244 1547 paratur
274 1513 353 1539 non
386 1515 408 1539 e
432 1504 720 1547 Caryophyllis
744 1504 929 1551 optimis,
963 1506 1034 1540 sed
1059 1515 1110 1541 ex
1134 1505 1221 1541 illis
1246 1507 1444 1541 duntaxat
1471 1505 1654 1551 elicitur,
1687 1503 1756 1547 qui
1780 1504 1904 1540 situm

74 1561 251 1603 aliquem
269 1564 305 1596 et
323 1561 618 1603 corruptionem
636 1565 941 1606 contraxerunt,
969 1566 1007 1598 et
1024 1562 1203 1605 spissum
1223 1566 1336 1598 estet
1355 1566 1570 1605 bruneum,
1593 1561 1752 1604 saporis
1770 1564 1905 1596 autem

76 1617 276 1653 acerrimi.
308 1618 578 1661 Anthophylli
595 1617 802 1661 aptissimi
819 1621 1018 1654 habentur
1034 1621 1082 1654 ad
1101 1621 1233 1655 oleum
1251 1621 1502 1655 exurendum
1515 1647 1524 1664 ‚
1548 1619 1640 1654 licet
1659 1618 1740 1653 sint
1758 1621 1905 1660 suapte

74 1674 224 1710 virtute
254 1674 444 1710 minores.
510 1675 644 1710 Etiam
675 1678 873 1710 saccharo
905 1675 1174 1719 Caryophylli
1205 1678 1313 1718 apud
1344 1677 1465 1711 Indos
1497 1675 1762 1721 condiuntur,
1800 1674 1906 1710 inter

74 1731 324 1766 lectissimas
349 1731 545 1774 cupedias
562 1732 683 1767 etiam
702 1733 752 1767 ad
770 1741 845 1767 nos
862 1733 1163 1770 transvehendi.
1217 1734 1370 1770 Varius
1388 1737 1520 1768 autem
1539 1733 1906 1775 Caryophyllorum

74 1796 177 1823 usus
201 1792 282 1832 est,
315 1788 423 1823 alius
444 1788 486 1823 in
511 1789 649 1824 nativo
667 1789 862 1824 aromatis
880 1792 989 1834 solo,
1021 1790 1131 1825 alius
1149 1791 1256 1833 apud
1274 1800 1367 1836 nos,
1400 1790 1467 1832 qui
1487 1789 1709 1833 peregrinis
1727 1789 1907 1824 delecta·-

75 1853 165 1880 mur
186 1849 222 1880 et
236 1846 319 1887 jam
338 1845 581 1890 indigemus.
640 1845 730 1882 Indi
748 1846 1048 1890 Caryophyllos
1066 1848 1115 1882 ad
1134 1848 1375 1882 medicanda
1393 1850 1601 1890 unguenta
1618 1846 1816 1888 quaedam
1833 1845 1907 1880 ad-

75 1901 235 1947 hibent,
267 1901 415 1944 quibus
437 1911 605 1948 corpus,
638 1904 689 1938 ad
713 1903 1013 1939 conciliandum
1037 1903 1120 1939 cuti
1138 1906 1330 1952 calorem,
1366 1904 1512 1940 fricare
1531 1905 1681 1948 solent‘,
1714 1902 1807 1937 item
1825 1903 1907 1937 Ta-

76 1960 177 1993 baco
203 1967 270 2000 pro
295 1959 527 2001 suffumigio
550 1960 735 1994 miscent.
796 1961 892 1995 Oleo
916 1960 1301 2005 Caryophyllorum,
1334 1964 1548 2004 postquam
1573 1962 1660 1995 oleo
1684 1959 1906 2005 Calappae,

77 2015 277 2050 Rosarum
302 2019 337 2050 et
362 2015 506 2051 Olivae
530 2016 700 2051 dilutum
726 2020 762 2051 et
785 2017 1014 2062 mitigatum
1038 2021 1122 2059 est,
1155 2019 1204 2053 ad
1230 2018 1463 2062 inungenda
1481 2018 1658 2052 membra
1676 2015 1908 2059 paralytica

76 2075 258 2107 utuntur.
317 2072 470 2107 Rarius
496 2077 531 2108 et
557 2073 896 2116 circumspectius
919 2075 999 2109 olei
1022 2075 1123 2110 meri
1145 2077 1329 2118 guttulas
1354 2075 1508 2116 aliquot
1531 2075 1582 2109 ad
1608 2072 1909 2109 discutiendam

76 2127 247 2164 colicam
278 2127 529 2165 flatulentam
559 2130 766 2166 hauriunt.
825 2131 1195 2174 Anthophyllorum
1224 2141 1328 2167 usus
1358 2131 1542 2167 medicus
1574 2139 1599 2166 a.
1627 2129 1769 2165 multis
1801 2132 1906 2165 retro

78 2185 326 2228 temporibus
358 2187 466 2228 apud
489 2186 684 2229 Malaijos
716 2191 754 2223 et
775 2187 899 2223 Sinas
929 2188 1083 2234 viguit,
1116 2197 1192 2224 nec
1222 2188 1340 2224 hodie
1372 2192 1435 2224 est
1456 2187 1708 2230 infrequens.
1766 2187 1908 2222 oleum

77 2242 453 2285 Anthopuynorum
475 2242 518 2278 in
541 2245 652 2279 carie
677 2245 832 2280 ossium
855 2244 957 2280 utile
979 2244 1178 2292 creditur,
1211 2245 1321 2281 denti
1345 2244 1497 2280 dolenti
1520 2243 1712 2289 gossypio
1735 2243 1908 2282 inditum

79 2299 288 2334 cruciatus
307 2300 444 2346 sedat,
476 2303 642 2336 externe
660 2301 758 2337 aliis
778 2301 882 2337 oleis
900 2305 1165 2345 temperatum
1181 2301 1224 2337 in
1240 2302 1428 2346 paralysi
1446 2302 1680 2347 adhibetur,
1703 2299 1909 2336 abdomini

78 2356 289 2392 inunctum
314 2357 472 2393 colicae
495 2356 668 2393 tormina
689 2358 847 2402 mitigat
873 2362 911 2394 et
928 2359 1013 2394 alvi
1030 2359 1183 2395 fluxum
1200 2359 1324 2396 sistit.
1381 2359 1504 2402 Apud
1519 2367 1595 2395 nos
1611 2358 1910 2400 Caryophyllo-

78 2422 165 2448 rum
195 2412 441 2455 frequentior
469 2414 511 2450 in
536 2415 774 2450 condiendis
796 2415 1042 2451 lautioribus
1065 2416 1190 2461 cibis,
1208 2425 1343 2462 ‚quam
1365 2415 1471 2451 inter
1493 2415 1674 2451 remedia
1693 2417 1809 2450 locus
1833 2416 1909 2449 est.

78 2471 180 2506 Nam
205 2470 256 2504 ad
279 2470 528 2506 condiendas
551 2480 697 2506 carnes
723 2471 876 2507 ferinas
901 2472 1088 2508 transfixi
1111 2472 1356 2515 saepissime
1373 2471 1638 2518 adhibentur,
1667 2471 1763 2507 item
1779 2470 1911 2506 variis

79 2526 281 2562 fructibus
305 2527 484 2562 acetario
511 2527 727 2563 destinatis
751 2532 821 2563 aut
844 2531 1040 2565 saccharo
1062 2529 1236 2565 conditis
1260 2531 1482 2574 adduntur,
1515 2533 1555 2563 et
1570 2527 1821 2564 medicandis
1837 2536 1911 2571 po-

80 2586 201 2618 tubus
225 2583 483 2630 spirituosis,
515 2584 793 2626 acuendisque
816 2585 920 2621 cibis
945 2585 1190 2622 inserviunt.
1247 2586 1383 2622 Etiam
1405 2585 1619 2629 languenti
1641 2586 1848 2621 stomacho
1872 2587 1911 2619 et

80 2640 302 2675 nauseanti
331 2650 357 2677 a
387 2640 543 2676 medico
568 2641 795 2684 praescribi
818 2644 969 2690 solent,
1001 2647 1041 2679 et
1064 2642 1300 2686 compositis
1323 2641 1432 2680 addi.
1491 2638 1910 2678 Masticau'salivam

79 2696 314 2741 proliciunt.
372 2697 645 2741 Anthophylli
662 2700 770 2742 apud
786 2707 861 2735 nos
875 2699 950 2735 vix
965 2699 1144 2743 amplius
1161 2700 1416 2735 adhibentur.

223 2767 489 2810 Frequentior
512 2767 618 2804 inter
640 2768 820 2805 ciborum
846 2769 1103 2806 condimenta
1119 2773 1157 2806 et
1172 2770 1399 2807 medicinas
1414 2769 1675 2806 stimulantes
1696 2765 1912 2816 Engem'ae
1959 2767 1961 2770 ’

81 2821 280 2858 Pimenta
301 2824 407 2871 Dc.,
438 2824 597 2860 arboris
621 2826 870 2873 antillanae,
901 2829 1054 2863 baccae
1071 2827 1313 2863 immaturae
1337 2825 1771 2873 (Piperjamaicense‚
1802 2828 1914 2862 Neu-

82 2879 305 2927 gewt'irz),
344 2889 371 2917 a
400 2881 643 2924 quibusdam
674 2891 744 2926 pro
774 2883 943 2919 Amomo
973 2887 1155 2920 veterum
1186 2892 1397 2927 perperam
1428 2884 1613 2929 habitae,
1653 2883 1912 2929 adhibentur,

82 2938 219 2974 odoris
250 2942 290 2973 et
312 2937 475 2982 saporis
498 2938 730 2985 aromatici,
763 2940 890 2986 grati,
923 2940 1061 2983 qualis
1088 2940 1170 2977 fere
1195 2951 1217 2976 e
1240 2941 1527 2987 Cinnamomo,
1560 2939 1851 2983 Caryophyllis
1873 2942 1914 2976 et

81 2996 192 3031 Nuce
215 2998 428 3031 moschata
449 2994 603 3031 mixtus
626 3004 720 3031 esse
736 2999 854 3034 solet.
913 2998 1056 3033 Oleum
1073 3000 1326 3042 aethereum,
1360 2999 1465 3040 quod
1482 3008 1503 3033 e
1521 2997 1710 3032 Pimenta
1726 2996 1915 3032 destilla-

83 3051 191 3087 tione
207 3052 388 3098 elicitur,
411 3050 740 3098 Carpobalsami
752 3055 953 3089 vocabulo
970 3055 1076 3091 inter
1090 3064 1244 3091 merces
1262 3057 1445 3092 habetur.
1484 3052 1706 3088 Pimentae
1722 3053 1915 3097 majorem

82 3108 283 3154 speeiem,
321 3108 458 3145 minus
495 3112 631 3146 tamen
661 3110 924 3146 aromaticam
955 3109 1104 3155 (vulgo
1136 3108 1369 3158 englisches
1404 3109 1607 3155 Gewv‘irz‚
1647 3108 1834 3146 Pimenta
1865 3109 1916 3146 de

83 3160 296 3208 Tabascoj
313 3157 498 3210 e‘Myrto
521 3163 714 3201 Tabasco
730 3167 877 3204 Willd.
889 3195 899 3215 ,
923 3170 1066 3204 arbore
1083 3168 1346 3215 cumanensi,
1372 3167 1513 3215 colligi
1528 3166 1752 3212 perhibent.
1771 3175 1778 3188 ²
1805 3167 1918 3210 Quae

83 3219 307 3256 P2·mencae
336 3222 590 3257 mexicanae
618 3224 781 3260 nomine
811 3224 1116 3271 circumfertur,
1149 3225 1405 3268 aliquantum
1429 3223 1595 3269 vulgari
1618 3221 1832 3271 fervidior,
1864 3230 1917 3259 ex

85 3274 279 3324 Eugem‘a
309 3275 751 3326 Pseudocaryophyllo
781 3280 864 3317 Dc.
902 3281 946 3317 in
976 3281 1160 3318 Brasilia
1192 3279 1287 3324 (ubi
1320 3281 1536 3327 Craveiro,
1568 3279 1699 3317 Cravo
1731 3279 1780 3316 de
1808 3281 1918 3316 terra

85 3333 225 3378 audit)
241 3334 404 3379 legitur.
466 3333 797 3382 Calyptrantln's
814 3337 1120 3375 aromatiez'St.
1137 3338 1241 3381 Hil.,
1274 3338 1431 3375 arboris
1453 3335 1738 3384 brasiliensis,
1770 3338 1917 3380 alaba-

86 3394 174 3428 stra
188 3391 372 3436 proxime
389 3392 441 3428 ad
457 3392 822 3437 Caryophyllorum
839 3395 1134 3438 praestantiam
1151 3395 1363 3430 accedunt.

227 3462 437 3498 Plurimae
466 3465 683 3499 baccarum
715 3472 862 3508 sapore
885 3465 1108 3501 aromatico
1131 3466 1481 3511 commendantur,
1513 3463 1621 3500 inter
1641 3462 1752 3501 orbis
1774 3463 1919 3508 tropici

87 3517 262 3555 delicias
285 3528 366 3556 non
388 3518 550 3557 infimae
573 3520 725 3559 laudis.
783 3523 848 3559 Ex
873 3521 1046 3560 istarum
1067 3531 1232 3559 numero
1260 3519 1409 3558 Psae‘dae'a
1433 3519 1701 3577 (Guayax⁷o),
1736 3518 1917 3568 Campo·
