2147 3756
935 79 1052 128 553

89 252 230 309 milis,
272 250 492 313 simplex,
534 249 792 312 persistens
824 264 865 295 v.
897 245 1148 305 deciduus,
1189 247 1325 309 apice
1347 247 1627 312 piceumque
1658 250 1901 310 incurvusz,

84 325 260 383 stigma
295 320 577 382 *saepissime
624 335 862 380 magnum,
913 316 1388 380 capitato-bilobum,
1444 320 1595 365 rarius
1640 315 1901 382 indivisum,

86 391 420 439 subclavatum.
500 390 708 450 Capsula
738 388 1043 435 unilocularis
1074 404 1118 435 v.
1149 389 1301 434 rarius
1338 387 1633 446 bilocuh‘zris,
1681 392 1818 452 apice
1858 410 1899 439 v.

79 461 214 524 juxta
253 468 394 506 totam
437 457 773 521 longitudinem
812 458 1034 515 bivalvis,
1086 474 1207 505 nunc
1248 459 1392 504 valvis
1430 458 1531 504 basi
1572 467 1620 505 et
1650 461 1786 522 apice
1820 478 1902 508 co-

85 529 387 579 haerentibus
437 529 660 575 luteribus
706 538 891 592 aperta,
954 537 1087 592 septo
1134 545 1180 574 v.
1225 530 1437 575 columna
1477 530 1524 575 in
1565 528 1902 578 bilocularihus

84 601 261 658 libera,
305 600 450 645 valvis
489 601 535 645 in
574 601 649 645 axi
689 616 731 645 v.
758 599 896 662 juxta
933 600 1053 645 axin]
1095 598 1470 661 trophospcrmia
1501 599 1712 647 solitaria
1743 618 1788 647 v.
1821 618 1904 664 ge-

83 672 231 728 mina,
266 670 502 716 filiformia
527 671 625 716 sive
653 668 845 716 dilatata
871 668 1165 730 gerentibus.
1228 671 1422 716 Semina
1448 670 1665 732 plurima,
1701 673 1902 730 minima,

83 741 390 804 subglobosa,
431 741 705 803 pyriformia
738 756 780 786 v.
816 739 1043 801 oblonga,
1077 739 1398 800 integumento
1433 741 1768 803 crassiusculo,
1803 743 1906 788 fun-

84 829 225 875 goso,
268 827 410 873 saepe
444 808 615 866 nitido,
655 809 974 855 scrobiculato
1006 825 1052 854 v.
1090 808 1406 857 tuberculato.
1483 812 1693 874 Embryo
1725 814 1770 859 in
1802 812 1903 860 basi

84 882 330 929 albuminis
371 880 578 942 copiosi,
626 879 745 936 albi,
795 879 1135 943 transparentis
1172 895 1320 943 prope
1360 879 1628 928 umbilicum
1665 885 1901 931 excentri-

83 969 190 1009 cuS,
226 951 460 1007 minimus,
495 948 824 1012 subglobosus.

847 1067 1139 1103 GENERA.

190 1138 314 1175 4182.
343 1136 581 1180 Epiphegus
602 1132 720 1170 Nutt.
1133 1137 1256 1174 4188.
1286 1137 1492 1174 Laihraea
1507 1133 1630 1176 Lv'nn.

398 1185 662 1228 Leptamnium
681 1183 783 1230 Rus.
1346 1185 1569 1228 Squamaria
1586 1188 1691 1222 Han.

399 1233 602 1275 Mylanche
628 1232 767 1268 li'allr.
1131 1236 1254 1272 4189.
1283 1237 1571 1278 Anoplantlius
1590 1236 1712 1274 Endl.

190 1286 313 1321 4183.
343 1285 570 1327 Phelipaea
586 1282 711 1331 [less.
958 1296 964 1300 ·
1343 1285 1520 1328 Anaplon
1544 1285 1684 1321 Wallr.

248 1345 285 1368 a.
312 1332 575 1375 Trionychion
598 1332 738 1366 lt'allr.
1188 1339 1226 1360 (ι.
1251 1326 1477 1370 Euanoplon
1493 1327 1607 1361 Endl.

398 1382 549 1426 Kopsia
566 1381 744 1416 Damon·
1189 1381 1226 1402 α.
1253 1368 1456 1403 Anblatum
1478 1370 1669 1414 Tournef.

242 1431 276 1466 b.
303 1431 509 1465 Cistanche
527 1430 635 1465 Link.
1451 1429 1476 1454 *

398 1481 674 1513 Haemodorum
697 1479 836 1514 YVaHr.
1134 1488 1253 1526 4190·
1283 1490 1504 1534 Aeginelia
1519 1487 1643 1527 Lina·

186 1532 311 1566 4184.
342 1531 585 1573 Conopholis
608 1528 766 1565 Wa‘llr.
1448 1554 1472 1580 *

188 1587 312 1624 4185.
343 1588 580 1622 Orobanche
595 1583 716 1620 Lv'nn.

399 1634 611 1678 Osproleon
635 1634 774 1669 n’allr.

186 1685 310 1722 4186.
338 1684 680 1739 Βοεο1111131113β.
696 1682 745 1729 Α.
764 1683 874 1732 Mey.
1229 1710 1266 1750 G
1281 1723 1304 1749 e
1319 1724 1345 1750 n
1358 1723 1417 1750 us
1449 1710 1474 1751 d
1491 1711 1677 1752 ubl-um

398 1732 566 1766 Stellam
583 1733 709 1766 Fesch.
1679 1740 1691 1752 ·

184 1785 308 1821 4187.
341 1784 608 1820 Clandestina
631 1781 834 1833 Tournef.
1127 1782 1603 1829 41921Epirhizanthus
1617 1785 1759 1835 Βζῑιηι.

1129 1618 1253 1653 4191.
1285 1617 1537 1660 Hyobanche
1559 1615 1719 1654 Thunb.

211 1875 536 1922 AffinitaS·
596 1883 886 1919 orobanclieae
901 1882 1042 1919 habitu
1059 1884 1097 1919 et.
1112 1882 1221 1920 vitae
1245 1884 1402 1920 ratione
1425 1887 1653 1928 parasitica
1674 1888 1900 1926 distinctis—

72 1939 222 1986 simae,
257 1939 524 1976 Gesneraceis
541 1939 723 1982 proxime
740 1940 884 1976 affines
902 1944 1017 1986 sunt,
1050 1948 1074 1975 a
1090 1941 1237 1982 quibus
1261 1944 1594 1984 tropliospermiis
1617 1945 1899 1990 parietalibus,

72 1998 252 2035 anticum
270 2001 307 2032 et
324 1996 523 2039 posticum
548 1999 597 2032 ab
623 1996 694 2031 axi
715 1996 824 2032 floris
847 1999 958 2032 latus
981 1998 1296 2044 occupantibus,
1328 1999 1573 2041 saepissime
1598 2002 1828 2049 quaternis,
1862 2007 1896 2038 01

72 2057 291 2098 0111111ςο110
314 2053 356 2088 111
387 2053 479 2088 basi
510 2053 731 2088 albuminis
762 2053 919 2096 copiosi
947 2054 1114 2089 minimo
1145 2054 1354 2101 diversae,
1386 2055 1494 2091 facie
1524 2056 1721 2093 facillime
1752 2059 1920 2094 distin--

71 2114 267 2157 guuntur‚
299 2118 324 2145 a
341 2109 717 2155 Scropliularineis,
749 2118 917 2151 quarum
934 2118 1085 2152 genera
1099 2113 1300 2146 nonnulla
1315 2114 1591 2160 aemulantur,
1622 2114 1769 2150 iisdem
1790 2115 1899 2151 notis

69 2167 254 2213 alienae,
287 2169 325 2201 et
342 2165 749 2208 trophospermiorum
765 2167 846 2201 situ
863 2166 1055 2209 parietali
1072 2166 1275 2202 tutissime
1291 2168 1606 2211 dignoscendae.

213 2229 639 2286 Geographia.
696 2237 877 2272 Maximo
899 2246 1066 2272 numero
1083 2236 1123 2271 111
1141 2237 1451 2280 hemisphaerae
1467 2239 1643 2276 borealis
1659 2243 1782 2286 plaga
1798 2245 1899 2278 tem·

70 2296 215 2338 perata
232 2297 269 2329 et
286 2297 506 2336 temperate
521 2293 677 2339 calida,
709 2293 908 2336 imprimis
924 2293 967 2328 in
985 2293 1147 2336 regione
1162 2294 1460 2330 mediterranea
1482 2301 1721 2341 nascentes,
1755 2308 1829 2334 nec
1852 2299 1895 2335 in

66 2350 260 2387 America
283 2349 344 2384 cis
362 2358 555 2384 cancrum
570 2357 708 2395 rarae,
739 2349 780 2384 in
800 2350 941 2392 Capite
957 2352 1088 2385 bonae
1105 2350 1193 2392 spei
1211 2354 1248 2384 et
1264 2351 1371 2386 Asia
1387 2353 1541 2395 tropica
1557 2362 1678 2396 parce
1694 2356 1892 2399 habitant,

69 2415 92 2442 e
107 2407 224 2443 Nova
240 2406 482 2451 Hollandia,
513 2406 706 2442 America
721 2406 878 2448 tropica
894 2406 1142 2453 claustrali,
1173 2410 1216 2442 ut
1233 2407 1414 2454 videtur,
1447 2411 1605 2445 exules.

210 2468 574 2522 Qualitates
600 2478 639 2511 et
661 2481 830 2516 usus.
889 2477 1243 2512 orobanchearum
1261 2477 1441 2519 qualitas
1455 2471 1603 2516 leniter
1617 2480 1892 2529 adstringens,

67 2540 231 2578 amara,
263 2534 551 2568 nonnullarum
577 2532 687 2568 acris
709 2535 784 2569 est.
842 2534 1049 2576 Quaedam
1071 2532 1327 2568 substantias
1351 2537 1756 2584 aetliereo-oleosas,
1789 2539 1893 2574 resi-
1924 2544 1928 2549 “

66 2598 193 2626 nosas
211 2592 248 2624 et
264 2591 492 2624 colorantes
508 2591 733 2625 concelant.
791 2590 902 2625 Usus
917 2598 1038 2625 rarus
1055 2593 1113 2625 est
1127 2614 1144 2635 Τ
1168 2590 1287 2625 1101110
1301 2590 1343 2624 111
1361 2600 1402 2626 10
1419 2592 1577 2628 medica
1593 2593 1676 2629 fere
1692 2597 1890 2631 exoletus.

71 2642 343 2680 Orobanches
371 2641 640 2689 Epr‘thymum
669 2645 775 2692 DC„
812 2645 854 2680 in
885 2645 1095 2681 radicibus
1117 2646 1383 2681 Labiatarum
1413 2648 1602 2691 Europae
1631 2651 1891 2686 australioris

65 2701 298 2748 nascentis,
330 2701 540 2736 caudicem
559 2700 652 2736 basi
674 2700 947 2736 incrassatum
971 2700 1172 2745 (radicem
1195 2703 1453 2738 orobanches
1473 2704 1608 2748 effic.)
1628 2708 1675 2741 ob
1700 2699 1890 2742 virtutem

66 2757 419 2794 amaro-tonicam
440 2760 600 2792 veteres
623 2757 666 2792 in
692 2757 869 2793 diversis
896 2757 1179 2793 intestinorum
1208 2758 1470 2800 passionibus
1501 2762 1732 2807 propinare,
1766 2762 1889 2798 0113111

65 2815 172 2850 inter
201 2814 380 2850 remedia
406 2813 647 2849 vulneraria
675 2814 868 2849 adbibere
896 2816 1095 2850 solebant..
1154 2814 1342 2849 Floribus
1370 2814 1647 2859 fragrantibus
1671 2818 1714 2852 in
1736 2819 1887 2855 morbis

65 2871 261 2913 spasticis
277 2873 506 2905 utebantur.
552 2869 746 2906 Caudicis
762 2870 1017 2906 subterranei
1031 2866 1282 2903 Lathraeae
1299 2867 1583 2916 squamamve
1597 2874 1717 2908 Linn.
1735 2872 1888 2915 (Radi-

63 2927 124 2962 cis
156 2927 424 2970 Squamariae
453 2936 486 2962 s.
510 2926 732 2962 Dentariae
761 2926 919 2972 Ostia),
951 2927 1073 2962 etiam
1103 2928 1303 2962 adversus
1333 2927 1575 2971 epilepsiam
1607 2931 1885 2977 commendati,

63 2982 213 3019 similis
235 2992 349 3019 usus.
412 2980 713 3017 mandes-tinae
735 2983 777 3018 in
792 2983 956 3025 Europa
978 2983 1153 3018 australi
1174 2984 1398 3019 crescentis
1415 2986 1575 3020 caudex
1590 2995 1679 3021 cum
1696 2988 1887 3023 acredine

64 3048 249 3085 amarus3
279 3038 472 3075 mulieres
501 3039 602 3075 mire
631 3039 831 3075 fecundas
853 3040 1019 3075 reddere
1040 3040 1230 3075 creditur.
1289 3037 1499 3087 Epvphegz·
1517 3041 1756 3076 ameria-am·
1773 3045 1882 3079 Nutt.

62 3095 274 3131 caudicem
289 3092 437 3138 [vulgo
454 3095 610 3131 Cancer
624 3094 732 3139 root]
749 3096 792 3132 in
806 3098 1017 3139 pulverem
1032 3096 1238 3132 redactum
1254 3097 1637 3141 Anglo-americani
1656 3099 1885 3136 medicinae

62 3151 314 3198 admiscent,
346 3151 464 3193 cujus
480 3149 628 3195 (vulgo
644 3150 834 3187 Martius
852 3150 1259 3195 Cancer-Powder)
1276 3153 1318 3188 in
1341 3154 1539 3190 sanandis
1563 3155 1769 3191 ulceribus
1791 3165 1882 3191 car-

63 3206 328 3243 cinomatosis
350 3215 501 3250 magna
523 3207 635 3243 fama
656 3211 732 3244 est.
790 3208 949 3245 Similis
963 3203 1241 3254 Anaplanthi
1260 3206 1440 3262 nmflorg‘
1456 3212 1576 3246 Endl.
1601 3209 1668 3253 (0.
1686 3210 1881 3248 uniflorae

62 3259 136 3308 L.)
161 3264 270 3307 apud
291 3263 747 3300 Boreali-americanos
769 3274 884 3301 usus.
942 3260 1176 3312 Aeginetia
1197 3262 1338 3299 indica
1354 3268 1482 3302 Roxb.
1499 3271 1698 3316 saccliaro¹
1719 3269 1882 3304 condita

60 3323 100 3355 et
122 3316 306 3366 [nucibus
328 3319 569 3362 Myristicae
597 3323 820 3364 temperata
854 3322 1074 3358 remedium
1104 3322 1463 3358 antiscorbuticum
1489 3326 1669 3366 praebet.
1736 3321 1880 3359 Plcelae'-

55 3385 173 3421 paea
195 3373 314 3410 lutea
331 3375 445 3412 Desf.
469 3378 641 3413 colorem
668 3376 830 3420 nigrum
857 3378 1054 3426 largitur;
1082 3381 1157 3415 hoc
1179 3378 1378 3423 Aegyptii
1406 3379 1527 3417 funes
1557 3389 1609 3416 ex
1630 3381 1880 3424 Hyphaenes

60 3431 272 3470 thebaicae
285 3431 398 3470 fibris
415 3435 625 3470 contextos
639 3431 835 3471 imbuunt.

1453 3499 1522 3554 23
