2147 3756
962 150 1070 201 175

1079 231 1116 234 *>--
1124 231 1187 238 ,ρυ-

108 323 150 359 in
169 323 525 368 Himalajaejugts
540 324 784 359 celsioribus
801 334 880 360 non
898 323 1146 366 infrequens.
1179 322 1388 359 Maximus
1406 327 1465 358 est
1485 323 1670 359 soliorum
1688 336 1926 368 peromnem

105 381 307 416 Orientem
326 382 376 416 ad
394 382 598 423 parandas
621 382 720 416 offas
746 381 907 423 optatas
926 378 1072 423 (vulgo
1095 382 1261 425 Bliang,
1287 382 1462 426 Subzee,
1489 380 1738 428 Hascliiscli,
1763 384 1926 427 Molak)

103 446 219 473 usus,
277 439 323 472 In
346 440 513 480 plamae
529 439 637 480 apud
652 439 773 472 Indos
791 440 925 472 cultae
943 436 1052 472 soliis
1068 436 1267 472 interdum
1284 437 1474 471 materies
1491 438 1701 473 narcotica
1716 442 1790 473 sub
1809 442 1928 483 glan-

103 495 291 530 dularum
329 484 604 528 resinosarum
644 493 771 529 forma
809 492 955 538 [vulgo
988 493 1175 537 Cherris]
1214 493 1459 538 secernitur,
1507 493 1666 529 farinae
1694 496 1928 537 Lupulinae

102 550 274 594 similis,
307 552 355 584 ob
379 550 544 585 virtutis
567 551 863 586 vehementiam
879 560 1033 585 summo
1051 553 1284 585 helluonum
1302 549 1435 585 studio
1453 549 1653 591 quaesita.
1711 552 1745 585 E
1763 551 1928 587 Canna-

99 606 164 642 bis
194 606 421 641 seminibus
450 610 610 649 praeter
639 607 838 652 resinam,
872 607 1142 652 albuminam,
1173 609 1568 642 muco-saccharum
1591 609 1629 641 et
1653 608 1928 643 substantiam

101 662 371 698 extractivam
400 673 652 707 gummosam
684 664 763 699 olei
785 663 977 698 siccativi
1000 663 1141 698 foetidi
1163 664 1344 709 species,
1377 663 1420 698 in
1447 663 1720 707 integumento
1746 664 1928 700 interiori

100 716 398 764 (endopteura)
416 720 668 763 potissimum
686 721 870 754 residens
887 719 1099 755 obtinetur.
1158 721 1269 762 Quae
1286 730 1337 755 ex
1353 719 1551 762 ejusmodi
1568 719 1723 754 semine
1739 720 1779 754 in
1798 720 1927 756 offici-

98 775 165 810 nis
191 781 386 817 parantur
410 776 655 811 emulsiones
674 780 709 810 et
727 775 886 817 infusa,
920 775 1080 810 viribus
1097 776 1357 821 sedantihus‚
1389 776 1696 811 involventibus
1714 780 1751 811 et
1767 777 1927 812 lenien-

98 831 207 866 tibus
236 832 456 878 imprimis,
488 833 531 866 in
562 831 692 867 variis
717 841 957 874 organorum
980 832 1140 866 urinam
1165 833 1397 874 parantium
1421 836 1459 869 et
1484 833 1740 870 evellentium
1762 833 1927 878 passio-

96 887 218 924 nibus
229 914 240 936 ,
271 889 393 925 etiam
405 891 454 925 ab
469 890 657 925 Indorum
672 888 842 925 medicis
860 889 1205 927 commendantur.

532 1068 704 1114 ordo
733 1066 946 1114 XCVI.
1014 1066 1486 1116 Antidesmeae.

233 1182 461 1233 Arbores
489 1182 789 1246 instaures,
837 1184 1041 1230 inermes
1071 1201 1115 1231 v.
1150 1185 1375 1241 aculeati,
1424 1183 1656 1232 interdum
1689 1185 1922 1233 scanden-

95 1262 189 1311 tes,
236 1255 426 1300 ramulis
459 1255 706 1302 teretibus.
779 1255 922 1302 Folia
954 1255 1158 1312 alterna,
1206 1256 1456 1318 petiolum,
1506 1258 1750 1313 coriacea,
1800 1256 1921 1303 indi-

93 1326 217 1378 visa,
277 1326 606 1388 penninervia,
669 1326 975 1388 integerrima
1027 1343 1073 1372 v.
1125 1325 1594 1389 angulum-dentata.
1698 1329 1920 1390 Ste'pulae

95 1395 153 1443 ad
185 1395 330 1442 basim
363 1397 643 1459 petiolorum
678 1398 920 1459 geminae,
963 1395 1210 1444 deciduae.
1285 1398 1459 1444 Flores
1491 1396 1657 1453 dioici,
1697 1398 1743 1443 in
1776 1399 1918 1462 spicis

94 1466 386 1525 axillaidhus,
420 1467 824 1514 amentiformibus
855 1467 1110 1515 bracteati.
1175 1468 1404 1516 Floribus
1431 1470 1793 1531 stamimgerzls:
1829 1472 1919 1516 Pe-

90 1539 335 1601 rz'gom'mn
383 1539 671 1602 calycinum,
721 1538 1379 1602 di-tri-quinquepartitum,v
1407 1540 1720 1586 aestivatione
1759 1540 1919 1587 imbri-

95 1617 264 1657 catum.
340 1611 563 1657 Stamina
602 1611 694 1656 imo
734 1611 985 1673 perigonio
1017 1611 1215 1667 inserta,
1265 1608 1473 1672 ejusdem
1509 1610 1919 1658 laciniisnumero

91 1681 307 1743 aequalia
345 1689 393 1726 et
432 1682 648 1744 opposita
687 1697 729 1727 v.
762 1681 967 1736 alterna,
998 1681 1275 1743 filamente's
1312 1680 1631 1738 filiformibus,
1678 1681 1839 1729 liberis
1870 1699 1915 1732 ν.

91 1751 180 1796 ima
212 1750 313 1797 basi
345 1767 448 1798 cum
481 1751 612 1798 disco
646 1752 845 1798 centrali
879 1751 1183 1814 glanduloso,
1231 1752 1420 1797 minimo
1454 1751 1747 1813 conjunctis,
1791 1754 1918 1815 peri-

91 1822 234 1885 gonio
268 1821 585 1884 longioribus,
634 1823 854 1869 anthcrz’s·
889 1823 1132 1880 introrsis,
1179 1821 1539 1880 bilocularibus,
1581 1822 1747 1869 loculis
1779 1823 1915 1872 valde

92 1891 334 1950 discretis,
391 1909 435 1940 v.
485 1893 767 1940 connectivo
814 1892 1099 1940 horizontali
1146 1892 1353 1950 adnatis,
1408 1893 1524 1939 rima
1569 1893 1786 1940 verticali
1833 1893 1918 1942 de-

91 1963 404 2010 hiscentibus.
487 1965 725 2011 Germz'm's·
755 1962 1066 2011 rudimentum
1098 1965 1144 2010 in
1179 1973 1345 2011 centro
1377 1964 1507 2010 floris
1547 1963 1730 2012 sessile.
1803 1967 1917 2014 Flo-

88 2034 224 2081 ribus·
261 2035 603 2098 peste'llegeres:
656 2036 971 2098 Perz'gom‘um
1024 2035 1313 2099 calycinum,
1365 2035 1913 2098 tri-quinquepartitum,

88 2104 333 2152 caducum.
427 2108 628 2154 Germen
675 2106 899 2164 liberum,
947 2106 1051 2153 basi
1098 2105 1230 2153 disco
1277 2106 1489 2153 annulari
1536 2106 1762 2165 cinctum,
1810 2109 1914 2154 uni-

85 2175 321 2234 loculare,
365 2179 618 2239 gemmulas·
659 2175 864 2234 (luabuS,
915 2193 976 2224 ex
1013 2178 1148 2241 apice
1182 2177 1395 2223 caritatis
1428 2177 1768 2225 collateraliter
1797 2195 1915 2241 pen-

87 2245 228 2305 dulis,
269 2248 524 2311 anatropis.
596 2249 787 2310 Slz'gma
818 2249 1089 2307 terminale,
1129 2249 1323 2305 sessile,
1368 2246 1665 2311 depressum,
1705 2247 1915 2296 radiato-

85 2319 574 2382 tri-quinquelobum.
649 2321 822 2382 Drecpa
854 2318 1076 2377 baccata,
1120 2322 1350 2381 stigmate
1382 2327 1631 2377 coronata,
1671 2322 1910 2382 putamine

85 2404 249 2446 osseo,
297 2398 433 2436 extus
475 2389 755 2437 scrobiculis
793 2407 837 2437 v.
869 2392 1080 2453 punctis,
1129 2391 1253 2437 intus
1291 2405 1543 2453 processus
1575 2406 1732 2437 semen
1766 2407 1913 2454 pene-

84 2468 264 2507 trantes
296 2460 651 2507 efformantibus
683 2470 870 2518 notato,
917 2461 1086 2508 abortu
1127 2477 1470 2525 monosperma.
1544 2461 1716 2508 Semen
1756 2463 1912 2510 inver-

86 2547 207 2589 sum,
255 2531 578 2594 integumento
618 2531 1004 2582 membranaceo,
1077 2533 1288 2595 Embryo
1328 2534 1375 2579 in
1414 2532 1491 2579 axi
1530 2531 1775 2580 albumiuis
1807 2550 1911 2581 car-

84 2602 212 2659 nosi,
253 2603 460 2665 copiosi,
509 2604 757 2665 putaminis
789 2603 1106 2666 proeessubus
1138 2604 1367 2666 perforati
1400 2602 1725 2668 orthotropus,
1775 2612 1911 2667 coty-

86 2672 338 2722 ledoue'becs
369 2675 574 2737 magnis,
606 2674 850 2733 foliaceis,
882 2676 1109 2722 radicula
1139 2674 1294 2735 brevi,
1328 2689 1517 2739 supera.

852 2804 886 2841 G
903 2813 928 2842 E
946 2813 977 2842 Ν
995 2813 1021 2842 13
1038 2814 1069 2842 R
1084 2812 1135 2842 A.

169 2890 290 2925 1892.
320 2889 562 2925 Antidesma
576 2885 701 2926 Lz‘nn.
1102 2886 1225 2942 189}
1255 2890 1499 2928 Falconeria
1515 2887 1639 2937 Royl.

229 2949 266 2971 a.
293 2937 442 2980 Stilago
459 2937 572 2972 Linn.
1412 2964 1440 2989 ᾗ

228 2987 262 3020 b'
289 2987 514 3068 Antmesnssa
529 2988 644 3024 Li'm'
927 3058 933 3064 ,
1101 3019 1223 3055 1893.
1254 3020 1571 3063 Pyrenacantha
1587 3019 1724 3057 Hooh.

221 3122 545 3170 Affinitas.
603 3128 897 3169 Antidesmeae
925 3133 1188 3168 antherarum
1216 3131 1367 3168 loculis
1399 3133 1660 3183 divaricatis,
1693 3136 1805 3172 disco
1831 3146 1907 3173 an-

80 3185 218 3223 nulari
248 3187 449 3231 germinis·
478 3187 612 3224 basim
641 3188 848 3235 cingente,
888 3188 1114 3232 putaminis
1144 3189 1280 3225 indole
1310 3192 1348 3224 et
1379 3191 1687 3233 cotyledonibus
1718 3192 1906 3231 foliaceis

81 3243 318 3288 distinctae,
364 3244 546 3286 aliquam
583 3254 675 3280 cum
705 3245 1030 3289 Euphorbiaceis
1067 3245 1307 3282 affinitatem
1343 3248 1573 3284 ostendunt.
1645 3249 1831 3286 Stamina
1859 3251 1903 3288 in

79 3295 374 3334 Antidesmaee
396 3301 595 3345 perigonii
610 3301 780 3338 laciniis
797 3302 1005 3350 opposita,
1037 3302 1081 3338 in
1097 3303 1413 3346 Pyrenacantha
1428 3307 1468 3339 et
1482 3304 1744 3352 Falconeria‚
1775 3316 1902 3351 gene-

79 3356 193 3393 ribus
208 3356 428 3403 proximis,
460 3366 554 3393 cum
575 3357 721 3394 iisdem
744 3361 963 3395 alternant.
1023 3360 1183 3395 Genera
1204 3360 1255 3395 ad
1280 3360 1434 3396 ordinis
1457 3363 1611 3396 calcem
1634 3364 1901 3410 recensenda,

80 3411 187 3448 inter
202 3422 247 3448 se
262 3421 405 3456 parum
421 3413 563 3450 affinia
575 3441 586 3462 ,
610 3423 686 3450 nec
700 3415 806 3458 ipsis
820 3415 1103 3452 Antidesmeis
1114 3441 1124 3461 ,
1146 3415 1228 3451 nisi
1244 3418 1463 3459 embryone
1478 3416 1588 3453 intra
1603 3419 1794 3455 albumen
1810 3428 1902 3456 car-

79 3477 227 3505 nosum
250 3472 498 3517 orthotropo,
530 3471 684 3508 arctius
707 3471 952 3522 propinqua,
983 3471 1074 3510 ideo
1089 3474 1268 3509 hocloco
1284 3476 1564 3522 recensentur,
1597 3474 1694 3517 quia
1707 3485 1783 3513 nec
1799 3475 1901 3514 alibi

80 3525 206 3564 tutius
222 3530 318 3565 sunt
333 3527 590 3565 collocanda.
