2147 3756
1060 96 1182 148 520

1224 176 1295 183 Ἢ

215 279 303 325 que
345 266 525 313 sterilia
558 264 929 321 ligulaeformia‚
981 267 1150 322 petalis
1189 265 1505 319 subopposita.
1575 264 1764 309 TGermen
1804 266 2030 322 quinque-

215 324 570 378 plurssoculare,
610 327 828 374 gemmulis
872 323 995 362 intra
1040 323 1220 362 loculos
1259 323 1433 363 duabus
1471 337 1510 362 v.
1547 324 1771 375 plurimis.
1843 325 2030 364 Fructus

216 380 492 433 capsula1·i3‚
524 380 778 420 loculicide
808 393 848 419 v.
879 378 1104 431 septicide
1137 377 1394 419 dehiscens.
1452 381 1635 429 Embryo
1666 382 1786 420 intra
1814 380 2028 420 albumen

213 449 484 487 carnosum,
527 449 736 490 parcum3
785 437 1098 488 cotyledonibns
1129 434 1363 488 foliaceis,
1405 448 1541 490 saepe
1572 436 1747 489 bifidis,
1793 441 2029 477 contortu-

213 493 418 547 plicatis,
449 494 598 535 rarius
613 492 779 551 planis.

985 595 1017 629 G
1035 601 1060 629 Ε
1079 601 1109 630 Ν
1129 601 1154 630 Ε
1172 603 1200 631 R
1219 604 1268 632 A.

327 682 450 717 5342.
480 679 632 716 Ruizia
651 678 754 715 Can.
1258 654 1384 715 5349.
1415 680 1648 722 Astrapaea
1667 675 1806 714 Lv'ndl.

326 745 450 780 5343.
482 744 725 786 Pentapetes
743 738 866 778 Linn.
1469 727 1738 770 ffilsenbefgia
1753 723 1841 772 Βθ-Ῐ·

537 791 721 824 Moranda
739 789 856 836 Scep.
1574 786 1598 810 ’¹‘

326 849 450 885 5344.
479 849 648 884 Brotera
668 846 770 884 Cav.
1259 846 1385 885 5350.
1419 848 1724 884 Glossostemon
1743 844 1944 897 Dessont.

538 895 768 941 Sprengelia
787 893 936 931 sehale.
1365 898 1371 902 '
1573 912 1597 938 ηε

325 954 450 990 5345.
479 952 785 1042 Asff.ni.a.0‘w‘
1259 975 1382 1011 5351.
1415 974 1630 1010 Trochetia
1646 971 1738 1009 DC.

536 1009 930 1092 vgffiffiaDaeolJZmen'
1257 1033 1382 1067 5352.
1414 1033 1741 1074 Pterospermum
1758 1026 1926 1066 Schreb.

325 1115 451 1151 5346.
481 1117 692 1159 Dombeya
712 1114 813 1158 Cav.
1317 1092 1354 1114 a.
1379 1079 1779 1163 velaffilffgugiirm

328 1180 454 1216 5347.
485 1180 773 1222 Xeropetalum
792 1175 921 1214 Delie.
1316 1164 1351 1200 b·
1375 1164 1608 1199 Ptemlaefla
1623 1165 1701 1199 DC·

537 1227 897 1262 Leeuwenhoeckia
912 1228 956 1264 E.
974 1226 1079 1273 Mey.
1576 1224 1600 1248 *

327 1286 453 1321 5348.
484 1285 696 1321 Melhania
713 1281 864 1320 Forsk.
1261 1286 1385 1322 5353.
1417 1285 1555 1329 Kydia
1573 1281 1712 1319 Κατ-ὀ.

359 1384 583 1432 TRIBUS
616 1394 664 1433 V.
713 1392 1150 1434 ERIOLAENEAE.
1208 1393 1366 1432 Petala
1391 1393 1542 1447 plana.
1603 1395 1800 1432 Stamina
1825 1390 2035 1445 plurima,

213 1448 541 1499 multiseriata‚
579 1449 626 1489 in
657 1449 919 1490 columnam
953 1454 1176 1500 connata,
1221 1451 1376 1491 omnia
1407 1449 1599 1491 fertilia.
1661 1449 1888 1490 Antheme
1919 1449 2035 1489 bilo-

216 1505 422 1567 culares,
453 1510 652 1547 erectae.

982 1611 1015 1645 G
1035 1618 1059 1645 E
1080 1617 1110 1645 Ν
1128 1617 1153 1646 Ε
1172 1617 1202 1645 n
1221 1617 1270 1646 Α.

327 1695 451 1730 5354.
483 1694 706 1731 Eriolaena
721 1690 813 1731 DC.
1469 1684 1789 1720 Aleurodendron
1806 1684 1954 1719 Reinw.

331 1753 457 1789 5355.
488 1752 692 1786 Schillera
711 1747 932 1788 Reicheab,
1472 1742 1807 1787 Glossospermum
1830 1741 1949 1776 Wall.

539 1798 777 1832 Microlaena
801 1799 917 1834 Wall.
1579 1817 1604 1843 >k

540 1841 751 1875 lVallichia
768 1842 845 1876 DC.

536 1885 676 1919 hema
695 1883 862 1928 SPYWS'·
1261 1894 1383 1930 5357.
1414 1892 1597 1930 Exitelia
1615 1889 1753 1927 Blum.

440 1958 482 1999 G>
494 1971 516 1998 e
529 1972 558 1998 n
571 1971 594 1999 e
606 1971 667 2000 ra
697 1958 725 1999 d
735 1971 763 1998 u
773 1958 799 1998 b
810 1961 826 2000 i
836 1970 878 1998 a.
1473 1954 1693 1990 Mai-anthes
1711 1954 1842 1990 Blum.

324 2035 450 2071 5356.
480 2033 656 2071 Visenia
677 2030 832 2070 Houtt.

536 2082 718 2117 Wisenia
739 2081 863 2116 Gmel.

350 2169 674 2215 Affinitas.
734 2170 1072 2210 Bactneriaceae
1101 2173 1330 2212 Malvaceis
1362 2178 1398 2210 et
1430 2174 1721 2211 Sterculiaceis
1752 2178 1862 2211 arcte
1893 2174 2036 2212 affines

214 2237 331 2281 sunt,
364 2233 599 2269 discrimine
625 2232 823 2274 imprimis
849 2232 890 2267 in
914 2232 1133 2268 staminum
1157 2242 1322 2267 numero
1346 2235 1381 2267 et
1408 2232 1604 2267 fertilium
1629 2232 1884 2268 steriliumve
1901 2232 1983 2267 situ
2000 2235 2040 2268 et

213 2290 470 2326 cohaesionis
495 2290 623 2333 gradu
648 2288 800 2334 posito,
833 2287 891 2323 ita
923 2292 966 2323 ut
997 2288 1181 2324 universi
1212 2289 1366 2323 ordinis
1399 2288 1618 2324 discrimen
1650 2288 1860 2323 difficilius
1892 2288 2038 2331 paucis

213 2345 519 2383 characteribus
539 2345 761 2394 indicetur,
791 2344 982 2390 singulae
1006 2345 1135 2381 tribus
1159 2347 1271 2381 nullo
1295 2344 1455 2389 negotio
1481 2353 1505 2381 a
1529 2345 1865 2389 praecedentibus
1890 2345 2039 2381 distin-

214 2406 404 2449 guantur.

356 2465 784 2522 Geographia·
843 2471 1045 2516 Regiones
1070 2468 1246 2515 tropicas
1270 2471 1394 2508 totius
1417 2471 1546 2519 orbis,
1579 2471 1709 2515 Caput
1731 2473 1861 2507 bonae
1885 2469 1975 2514 spei
1999 2474 2039 2508 et

213 2534 369 2568 Novam
392 2530 654 2566 Hollandiain
678 2529 880 2575 incolunt,
908 2531 1030 2571 juxta
1060 2531 1270 2564 naturales
1304 2529 1432 2564 tribus
1464 2539 1532 2571 per
1562 2529 1749 2572 regiones
1781 2531 2038 2572 segregatae.

212 2585 541 2632 Lasiopetaleae
564 2595 703 2621 omnes
732 2587 774 2620 in
796 2588 912 2620 Nova
943 2585 1165 2621 Hollandia
1196 2586 1488 2630 extratropica‚
1521 2585 1722 2628 imprimis
1753 2584 2040 2620 austro-occi-

216 2644 371 2680 dentali
393 2643 591 2678 habitant.
653 2639 934 2675 Bzzetnemae
957 2641 999 2678 in
1023 2642 1131 2677 Asia
1153 2641 1353 2684 imprimis
1376 2642 1571 2687 insulari,
1604 2643 1826 2676 nonnullae
1850 2641 1971 2676 etiam
1994 2639 2040 2676 in

212 2704 329 2737 Nova
346 2699 569 2735 Hollandia
585 2699 857 2741 extratropica
875 2702 1086 2745 crescunt,
1118 2698 1317 2741 plurimae
1334 2698 1375 2733 in
1392 2697 1584 2733 America
1602 2701 1857 2741 generantur.
1919 2693 2038 2729 Her-

214 2756 437 2792 manm‘eae
456 2756 561 2791 inter
585 2755 760 2797 tropicos
785 2755 908 2790 totius
934 2755 1044 2790 orbis
1067 2758 1312 2801 nascuntur,
1347 2754 1672 2797 frequentissime
1690 2756 1820 2788 tamen
1838 2752 1880 2787 in
1898 2751 2039 2795 Capite

212 2812 466 2856 bonae·spei
496 2812 655 2848 vivunt.
717 2809 1034 2856 limnbeyaceae
1063 2806 1105 2846 in
1127 2811 1235 2847 Asia
1266 2814 1303 2846 et
1329 2810 1472 2846 Africa
1501 2810 1657 2858 calida,
1689 2808 1967 2852 paucissimae
1995 2808 2038 2844 in

211 2867 410 2908 Anierica
425 2865 624 2904 habitant.
683 2865 967 2902 Ere'olaeneae
982 2877 1090 2903 mere
1107 2867 1305 2903 asiaticae
1322 2870 1429 2903 sunt.

355 2931 717 2985 &ualitates
749 2941 788 2974 et
815 2943 984 2976 usus.
1042 2937 1355 2973 Bu'ttneriaceae
1378 2934 1615 2979 primariam
1640 2934 1793 2970 classis
1818 2943 1919 2970 suae
1936 2943 2037 2978 qua-

213 2998 371 3035 litatem
395 2995 588 3040 retinent,
619 3003 779 3029 mucum
803 2994 1032 3040 copiosum,
1064 2994 1129 3028 cui
1154 2993 1409 3029 substantiae
1434 2992 1688 3027 extractis-ae
1713 2999 1878 3027 amarae
1902 2995 1939 3027 et
1964 2992 2039 3027 ad.-

215 3051 454 3097 stringentis
485 3051 641 3093 aliquid
671 3051 864 3085 accedere
893 3052 1018 3095 solet,
1050 3050 1230 3085 admixto
1259 3049 1303 3085 in
1331 3048 1518 3093 pulposis
1549 3048 1802 3092 quarundam
1835 3047 2038 3084 fructibus

217 3110 382 3155 copioso
398 3109 610 3145 saccharo.
669 3106 838 3142 Semina
855 3107 993 3141 cleosa
1009 3109 1116 3142 sunt.

357 3177 542 3215 Maxima
557 3176 662 3213 inter
676 3175 986 3212 Bu'ttneriaceas
1007 3173 1329 3209 Theobromalz's
1349 3173 1490 3209 Cae-ao
1507 3173 1628 3210 Linn.
1651 3173 1781 3219 gloria
1805 3176 1886 3221 est,
1919 3177 2038 3211 arbo-

215 3237 273 3274 ris
303 3235 580 3282 ammio-anae,
613 3235 773 3269 cultura
802 3242 875 3281 per
903 3232 1049 3268 Asiam
1079 3235 1118 3268 et
1146 3231 1330 3267 Africam
1361 3235 1619 3275 propagatae.
1680 3230 1844 3266 Semina
1871 3227 2037 3273 (Fabae

215 3291 485 3334 mea-icauna)
519 3290 561 3326 in
591 3289 749 3325 fructus
780 3296 921 3325 amara
952 3291 1078 3332 pulpa
1107 3287 1365 3334 muniantur,
1398 3291 1486 3324 oleo
1512 3286 1673 3332 pingui,
1708 3286 1940 3323 substantia
1964 3296 2039 3322 ex-

217 3349 392 3385 tractiva
407 3355 548 3383 amara
564 3349 599 3382 et
618 3346 704 3382 alia
726 3348 951 3392 colorantfe,
983 3344 1214 3391 afflamina,
1247 3347 1382 3386 amylo
1407 3349 1446 3380 et
1468 3353 1582 3380 muco
1607 3343 1767 3378 referta.
1826 3346 1991 3378 Matura
2014 3352 2037 3379 e

214 3405 354 3441 fructu
383 3406 572 3446 exempta
601 3406 640 3438 et
669 3405 719 3438 ab
750 3403 996 3438 adhaerente
1023 3403 1152 3445 pulpa
1181 3405 1374 3448 purgata,
1414 3404 1557 3436 necato
1586 3400 1700 3436 brevi
1731 3398 2038 3434 fermentatione

217 3463 436 3505 embryone
450 3460 496 3498 in
508 3460 714 3505 Europam
728 3460 1004 3508 advehuntur,
1034 3457 1103 3495 ubi
1125 3461 1255 3495 tostus
1278 3460 1317 3494 et
1341 3457 1611 3494 comminutus
1631 3457 1805 3493 nucleus
1828 3464 1921 3492 cum
1935 3462 2038 3506 ‘sao-
