2147 3756
973 92 1072 141 151

114 271 156 307 in
179 270 343 306 dubium
363 272 554 315 vocatur,
589 267 739 315 foetae,
771 275 797 303 a
819 266 989 303 medicis
1011 266 1053 302 in
1078 264 1260 302 curanda
1276 266 1500 308 gonorrhea
1516 264 1756 307 syphilitica
1771 267 1941 302 multum

113 329 321 364 laudatae.
394 324 770 368 Frequentissimus
813 328 873 360 est
910 326 1132 359 baccarum
1168 319 1339 367 Piperis
1378 320 1525 355 cam'm'
1559 322 1690 357 Blum.
1730 321 1939 366 [Serung—

114 382 322 427 Lowong]
347 386 384 418 et
407 382 581 418 aliarum
605 381 834 423 specierum
857 380 898 416 in
923 381 1054 416 variis
1070 379 1199 415 Asiae
1215 377 1450 422 regionibus
1468 378 1739 414 crescentium
1755 378 1942 414 Cubeba-

114 450 202 476 rum
233 440 394 475 nomine
424 439 464 474 in
498 438 672 474 officinis
703 437 854 473 nostris
885 447 1000 473 usus.
1063 434 1250 470 Cubebae
1281 443 1430 478 verne,
1462 443 1566 477 quae
1597 444 1648 469 ex
1671 434 1810 469 insula
1834 436 1939 470 Java

113 497 289 533 navibus
311 496 489 539 anglicis
513 495 555 530 in
578 497 782 537 Europam
806 497 1082 540 advehuntur,
1116 502 1244 535 nuper
1260 501 1285 528 a
1302 490 1497 534 Miquelio
1515 490 1675 534 egregie
1691 490 1939 535 illustratae,

113 556 262 589 baccas
291 553 438 588 sistunt
464 551 601 588 aridas
628 554 840 598 globosas,
872 550 1071 593 pedicello
1095 559 1259 585 sursum
1286 549 1518 584 incrassato
1551 551 1587 583 et
1620 550 1748 583 bacca
1768 547 1941 590 longiori

112 610 295 656 innixas,
321 609 774 654 atro—susco-griseas,
801 606 1179 651 pruina-subgrisea
1196 605 1314 648 quasi
1332 606 1511 650 indutas,
1537 607 1675 650 extus,
1703 606 1750 638 ob
1769 606 1938 645 pulpam

111 675 326 703 succosam
345 666 385 700 in
406 666 536 709 plicas
554 666 720 701 altiores
737 674 775 700 v.
792 663 926 703 magis
941 666 1147 698 obsoletas
1165 666 1434 707 contractam,
1466 670 1660 706 rugosas,
1694 660 1807 704 rugis
1825 663 1940 703 poly-

113 732 221 766 gona
245 724 452 767 regularia
476 722 730 765 [pentagona
748 730 787 754 v.
806 718 1044 763 hexagona)
1063 719 1208 763 viginti
1227 720 1275 754 ad
1296 719 1463 761 triginta
1480 717 1760 753 formantibus.
1819 716 1941 752 Aliae

113 779 362 815 obscurioris
393 778 541 814 coloris
573 780 687 823 sunt,
720 777 830 813 aliae
861 776 1110 820 pallidioris,
1142 778 1218 810 hae
1239 778 1473 818 plerumque
1497 774 1810 819 rugosissimae‚
1843 773 1941 807 illae

113 836 246 880 magis
275 838 440 881 laeves,
456 835 514 870 *in
540 834 745 877 plerisque
768 842 876 876 apex
899 832 1198 874 aliquantulum
1225 832 1440 878 prominet,
1472 842 1510 867 v.
1536 832 1672 867 saltim
1697 833 1845 874 puncto
1868 839 1940 863 no-

114 896 240 938 tatur,
271 895 424 927 baccae
448 900 523 933 quo
547 891 722 933 majores
747 899 793 925 eo
817 889 949 933 magis
974 890 1023 924 ad
1050 888 1218 923 formam
1244 890 1450 932 globosam
1469 890 1681 923 accedunt.
1741 887 1940 928 majorum

112 949 305 984 diameter
322 952 582 983 transversus
599 947 722 993 0,005
743 950 931 990 superat,
949 946 1127 981 minores
1144 947 1250 980 hanc
1267 944 1338 980 vix
1354 945 1580 989 attingunt,
1600 945 1796 980 diameter
1811 943 1943 986 longi-

112 1005 311 1040 tudinalis
343 1007 625 1041 transversum
655 1003 912 1046 aliquantum
943 1006 1109 1045 superat
1141 1004 1189 1037 ob
1221 1001 1516 1037 extremitatem
1546 1005 1759 1043 utramque
1788 999 1945 1034 modIce

110 1063 359 1106 productam.
418 1061 653 1096 Pedicellus
684 1062 838 1096 baccae
867 1062 1075 1106 concolor,
1114 1059 1371 1101 aliquomodo
1403 1067 1684 1103 compressus,
1722 1056 1945 1099 longitudi-

110 1119 261 1155 naliter
284 1118 519 1165 striatulus,
552 1120 780 1163 subtortus,
806 1119 992 1152 deorsum
1022 1115 1176 1151 sensim
1206 1118 1463 1161 attenuatus,
1495 1116 1618 1162 0,005
1637 1131 1694 1138 —-
1711 1114 1944 1159 0,()0810n-

109 1185 208 1222 gUS,
241 1175 375 1211 rarius
399 1176 493 1220 0‚01
522 1178 692 1222 aequat,
723 1184 886 1210 sursum
904 1174 1098 1209 diametro
1115 1171 1197 1208 fere
1214 1173 1334 1218 0,001
1357 1174 1489 1207 habet.
1550 1173 1695 1206 Semen
1712 1180 1802 1206 cum
1820 1172 1945 1213 pulpa
2005 1208 2008 1212 ,

106 1232 319 1269 exsiccata
335 1235 446 1267 arcte
463 1234 669 1279 cohaeret,
700 1231 1019 1275 integumentum
1037 1229 1218 1265 exterius
1234 1232 1430 1265 monstrat
1450 1231 1543 1264 albo
1557 1229 1763 1272 -griseum
1775 1254 1785 1273 ,
1819 1227 1943 1261 endo-

107 1291 295 1333 pleuram
323 1297 421 1324 vero
451 1288 666 1333 nitentem,
698 1287 742 1323 in
773 1288 870 1326 aliis
895 1286 1049 1329 pallide
1074 1290 1112 1321 et
1135 1286 1296 1321 sordide
1319 1288 1584 1321 latescentem
1608 1277 1658 1320 v.'
1672 1284 1868 1329 griseam,
1901 1283 1943 1317 in

109 1346 208 1382 aliis
232 1348 526 1381 rubescentem.
585 1345 783 1380 Diffracta
797 1347 928 1379 bacca
943 1343 1233 1386 integumentis
1251 1342 1452 1378 seminum
1470 1352 1562 1377 cum
1580 1343 1707 1386 pulpa
1723 1343 1945 1375 cohaeren-

111 1403 220 1439 tibus
243 1405 416 1438 nucleus
439 1402 616 1438 cavitate
641 1403 895 1445 aliquantum
911 1400 1042 1437 minor
1058 1401 1100 1435 in
1118 1403 1377 1442 conspectum
1394 1399 1519 1435 venit.
1579 1400 1805 1433 Baccarum
1823 1405 1947 1439 sapor

108 1459 314 1506 ferviduS,
344 1459 587 1495 masticatae
612 1461 748 1494 calore
772 1461 896 1493 totum
920 1467 965 1493 os
983 1457 1173 1502 implent,
1206 1460 1350 1492 etcum
1370 1456 1559 1491 acredine
1578 1455 1736 1490 fervida
1751 1455 1943 1495 aliquan-

109 1519 237 1552 tulum
254 1516 455 1551 amaroris
473 1517 788 1562 conjungentes,
820 1514 994 1550 halitum
1011 1513 1261 1557 fragrantem
1278 1514 1460 1548 reddunt.
1499 1512 1642 1548 Nuclei
1661 1512 1723 1547 vis
1742 1510 1941 1554 imprimis

107 1574 327 1610 stimulans
357 1573 538 1619 videtur,
571 1575 720 1615 pulpae
744 1572 980 1607 exsiccatae
1007 1574 1046 1606 et.
1065 1570 1432 1615 integumentorum
1457 1569 1628 1605 seminis
1652 1568 1781 1604 minor
1798 1567 1942 1602 virtus.

108 1631 259 1666 Baccis
283 1630 475 1673 spadices
499 1629 663 1665 feminei
688 1627 836 1672 integri
860 1632 898 1663 et
921 1626 1097 1663 diffracti
1120 1626 1290 1662 admixti
1314 1636 1406 1662 esse
1431 1629 1576 1662 solent.
1636 1625 1824 1660 Cubebae
1849 1624 1946 1659 olim

108 1697 130 1723 e
148 1687 307 1723 Guinea
323 1687 540 1733 advectae,
567 1686 609 1721 in
627 1685 740 1728 quali
755 1685 917 1729 Piperis
933 1684 1074 1728 specie
1089 1688 1336 1732 nascantur,
1363 1682 1566 1726 quibusve
1579 1682 1737 1717 viribus
1756 1683 1943 1726 donatae,

107 1743 315 1780 hodiernis
332 1743 515 1787 ignotum
533 1745 606 1778 est.

247 1811 422 1859 Pae'perz‘s
448 1811 570 1847 Betle
592 1812 713 1849 Linn.
745 1811 846 1848 folia
877 1810 1378 1857 aromatico-subamara,
1412 1809 1593 1855 fervida,
1628 1818 1717 1844 cum
1743 1808 1944 1844 fructibus

108 1872 270 1908 Arecae
290 1874 328 1907 et
344 1871 440 1906 aliis
455 1870 699 1907 substantiis
716 1869 1067 1913 adstringentibus
1083 1868 1231 1915 mixta,
1263 1870 1312 1904 ab
1329 1867 1460 1903 Asiae
1476 1866 1636 1902 calidae
1651 1865 1855 1910 indigenis
1877 1865 1947 1901 diu

107 1931 309 1971 noctuque
332 1928 614 1964 masticantur.
674 1927 823 1973 Moris,
855 1927 911 1974 ad
931 1927 1209 1970 adjuvandam
1234 1924 1502 1969 digestionem
1534 1925 1609 1958 sub
1643 1925 1753 1958 coelo
1785 1924 1945 1957 calente

107 1989 148 2022 et
162 1986 326 2021 humido
344 1988 536 2028 perpetuo
551 1987 815 2027 languentem
833 1983 1008 2032 inducti,
1041 1986 1197 2019 abusus
1215 1983 1425 2027 gentibus,
1451 1981 1545 2016 olim
1562 1980 1688 2016 animi
1706 1983 1743 2015 et
1760 1978 1942 2022 corporis

107 2046 247 2079 robore
278 2042 448 2089 validis,
486 2041 864 2084 perniciosissimus
895 2039 985 2077 fuit.
1051 2040 1163 2076 Aliis
1192 2037 1369 2085 Pe'peris
1402 2035 1595 2073 Siriboae
1624 2037 1744 2073 Linn.
1777 2040 1940 2072 amenta

114 2100 304 2136 soliorum
320 2101 436 2135 Betle
451 2101 540 2134 loco
557 2102 666 2134 sunt.

247 2168 379 2216 Piper
400 2167 696 2215 rteetltysticum
717 2169 850 2206 Forst.
874 2166 1024 2212 [vulgo
1047 2168 1161 2216 Ava,
1185 2165 1347 2210 Kawa]
1373 2165 1415 2202 in
1439 2165 1591 2202 Oceani
1615 2163 1775 2208 pacifici
1796 2163 1945 2199 insulis

107 2227 382 2272 intertropieis
407 2227 614 2272 omnibus,
647 2227 701 2262 iis
721 2228 854 2263 solum
879 2225 1086 2271 exceptis,
1119 2233 1224 2267 quae
1247 2224 1383 2269 gentis
1400 2223 1542 2267 nigrae
1557 2224 1677 2259 sedes
1694 2225 1809 2268 sunt,
1841 2221 1946 2256 inter

107 2287 273 2329 plantas
306 2287 440 2321 cultas
470 2284 680 2328 reperitur.
738 2285 822 2319 Nec
852 2283 938 2318 alia
969 2282 1115 2326 majori
1147 2290 1248 2318 cura
1270 2285 1309 2317 et
1332 2280 1524 2327 solertia,
1556 2289 1632 2314 nec
1657 2282 1738 2314 tam
1762 2277 1944 2314 assiduis

107 2342 317 2379 laboribus
335 2342 499 2388 colitur,
531 2341 574 2376 in
590 2343 677 2376 solo
692 2340 902 2386 ligonibus
919 2342 1060 2376 crebro
1077 2341 1268 2384 subacto,
1301 2340 1351 2374 ab
1370 2337 1504 2372 herbis
1517 2340 1661 2379 sponte
1677 2334 1946 2371 nascentibus

107 2401 230 2443 probe
253 2401 465 2445 mundato,
498 2401 538 2434 et
560 2401 675 2433 calce
693 2408 714 2434 e
732 2397 914 2433 cor-alliis
932 2400 970 2432 et
986 2397 1154 2432 conchis
1170 2394 1343 2441 marinis
1361 2393 1646 2430 fatiscentibus
1663 2392 1842 2428 sollicite
1859 2391 1946 2426 foe-

111 2457 287 2492 cundato
305 2460 411 2492 sata.
456 2455 593 2491 Radix
609 2459 800 2502 contusa,
831 2464 871 2490 v.
887 2453 1024 2498 potius
1041 2452 1259 2489 masticata
1275 2455 1313 2488 et
1330 2461 1421 2486 cum
1437 2450 1576 2486 saliva
1592 2451 1743 2495 ejecta,
1775 2457 1945 2485 succum

110 2515 296 2559 praebet,
329 2522 351 2548 e
375 2522 452 2555 quo
475 2513 656 2548 admixto
678 2513 836 2554 liquore
860 2521 881 2546 e
905 2511 1082 2546 nucibus
1106 2511 1259 2546 Cococs
1281 2519 1321 2545 v.
1345 2508 1496 2543 adfusa
1519 2515 1625 2549 aqua
1643 2510 1761 2549 potus
1779 2508 1946 2548 paratur

108 2570 342 2615 virescens,
365 2572 625 2605 vehementer
640 2569 846 2615 fervidus,
872 2567 1185 2604 subnarcoticus
1202 2566 1337 2612 etiam,
1364 2563 1705 2608 pertinacissimis
1722 2563 1826 2597 inter
1841 2570 1947 2597 nau-

110 2629 176 2663 tas
208 2634 431 2669 europaeos
462 2626 711 2668 potatoribus
741 2634 897 2661 summe
927 2631 1193 2669 nauseosuss
1228 2631 1347 2665 quem
1378 2623 1494 2664 plebs
1525 2629 1633 2663 aqua
1665 2622 1944 2664 temperatum,

111 2693 301 2728 proceres
318 2687 357 2719 et.
372 2682 597 2718 sacrificuli
611 2682 782 2718 istarum
798 2680 980 2725 gentium
995 2689 1148 2716 merum
1165 2679 1320 2715 crebris
1336 2677 1496 2722 poculis
1513 2677 1720 2721 ingerunt,
1741 2685 1816 2718 quo
1833 2674 1945 2710 brevi

109 2739 359 2777 inebriatiin
375 2739 573 2782 torpidum
591 2747 777 2775 somnum
802 2739 1075 2774 resolvuntur.
1135 2734 1417 2778 Frequentiori
1442 2732 1785 2776 perniciosissimi
1809 2731 1945 2767 temeti

112 2806 193 2834 usu
216 2800 341 2832 totum
366 2805 512 2838 corpus
528 2796 641 2831 sicco
657 2796 800 2831 ardore
817 2793 937 2837 quasi
954 2792 1207 2839 accenditur,
1241 2791 1348 2827 oculi
1366 2793 1532 2836 rubent,
1565 2789 1669 2824 cutis
1687 2788 1890 2824 exarescit
1907 2793 1944 2823 et

112 2853 154 2890 in
171 2856 411 2897 squamulas
428 2852 669 2901 exsoliatur,
701 2861 806 2895 quae
824 2855 973 2886 tantem
989 2850 1030 2885 in
1048 2852 1191 2885 ulcera
1207 2851 1371 2891 leprosa
1388 2848 1633 2890 degenerant
1649 2855 1686 2881 v.
1706 2845 1943 2897 universam

113 2911 292 2954 corporis
321 2910 630 2946 emaciationem
658 2913 697 2946 et
727 2911 858 2945 tabem
892 2907 1170 2952 praesagiunt.
1234 2905 1371 2941 Radix
1401 2902 1562 2946 (Radix
1592 2901 1750 2944 Awae]
1783 2904 1830 2937 ob
1859 2902 1942 2936 vim

112 2971 370 3004 vehementer
393 2967 650 3003 sudoriiicam
673 2966 716 3002 in
741 2965 935 3009 Angliam
960 2969 1214 3009 transvecta,
1245 2962 1486 2997 nonnullius
1511 2960 1618 3003 apud
1633 2959 1812 2994 medicos
1829 2967 1943 2994 usns.

113 3025 148 3060 E
169 3024 385 3067 speciebus
409 3023 656 3060 americanis
679 3025 818 3066 plures
842 3024 890 3058 ob
913 3022 1104 3057 virtutem
1129 3019 1414 3063 aromaticam,
1446 3016 1764 3060 diaphoreticam
1781 3019 1817 3050 et
1836 3014 1942 3051 anti-

114 3080 416 3124 spasmodicam
431 3067 662 3116 laudantur.
722 3076 993 3124 Pepermmm
1009 3075 1292 3123 crystallinae
1307 3077 1355 3111 R.
1371 3077 1417 3111 P.
1430 3102 1438 3117 ,
1457 3071 1731 3119 Pepermm'ae
1748 3082 1795 3105 ro
1803 3069 1943 3106 camli-

104 3135 250 3187 foliae
279 3139 327 3172 R.
350 3139 416 3183 P.,
444 3134 722 3181 ,Peperomiae
751 3132 1108 3184 2'naeqnaquoliae
1136 3136 1185 3170 R.
1211 3135 1278 3180 P.,
1312 3129 1478 3178 Piperv‘s
1501 3127 1787 3175 laeteropleylli
1807 3131 1854 3164 R.
1880 3130 1943 3175 P,

116 3193 283 3240 Piper-is
303 3191 578 3239 Chnrumaya
593 3195 642 3230 R.
658 3195 704 3229 P.
723 3196 762 3228 et
776 3190 948 3238 Pv'perz’s
969 3190 1201 3237 Carpunpsa
1217 3192 1266 3226 R.
1282 3191 1328 3225 P.
1347 3191 1473 3225 herba
1489 3196 1596 3230 aqua
1613 3186 1772 3222 fervida
1788 3185 1942 3232 infusa,

118 3251 338 3293 frequentis
354 3251 395 3285 in
413 3251 602 3293 populari
616 3251 894 3286 Peruanorum
911 3249 1116 3285 medicina
1133 3255 1246 3284 usus.
1299 3243 1470 3291 Peperis
1488 3241 1684 3278 nodulosz·
1699 3243 1835 3289 Linlr„
1869 3239 1944 3276 Pa:-
1980 3259 1983 3261 -

111 3308 230 3354 peris
247 3304 472 3341 reticulam·
484 3306 604 3343 Linn.
621 3310 660 3341 et
675 3303 840 3352 Piper-is
857 3304 1078 3355 sv‘daefvlil
1092 3307 1205 3347 Jacq.
1218 3330 1228 3350 ,
1260 3304 1489 3346 specierum
1504 3300 1735 3336 Americam
1753 3300 1945 3343 tropicam
1964 3324 1972 3327 -

116 3364 382 3401 incolentium
406 3364 567 3399 radices
587 3364 691 3399 inter
714 3364 891 3400 remedia
916 3363 1254 3405 alexipharmaca
1278 3362 1557 3404 celebrantur,
1589 3354 1761 3402 Piper-is
1785 3354 1950 3402 peltam·

112 3421 236 3457 Lirin.
253 3424 292 3455 et
308 3418 479 3465 Piperis
497 3417 719 3454 umbellam·
732 3421 778 3456 11.
796 3419 956 3463 (Radix
972 3419 1221 3461 Pariparobo
1230 3418 1272 3462 Ὀ
1290 3415 1513 3451 diureticae
1530 3415 1759 3450 creduntur.
1812 3415 1844 3448 F.
1864 3410 1943 3445 Pi<

113 3487 217 3524 pere
231 3476 427 3524 elongato
439 3478 558 3514 vahl.
576 3477 754 3513 Peruani
769 3477 980 3514 decoctum
995 3473 1367 3519 antisypliiliticum
1378 3475 1538 3517 parant.
1565 3469 1734 3517 Piper-is·
1745 3471 1945 3514 (Peperc-
