2147 3756
940 116 1047 166 541

554 340 723 390 ordo
755 341 1015 389 CCXXI.
1086 338 1452 387 Elatineae.

234 457 430 507 Hephae
467 475 672 517 annuae,
718 459 995 522 paludosae,
1041 457 1316 521 saepissime
1349 455 1522 514 exiles,
1571 454 1781 504 caulibus
1814 458 1914 522 ple—

95 547 290 594 rumque
328 532 597 594 prostratiS,
643 530 981 578 radicantibus.
1056 530 1198 577 Folia
1231 528 1468 592 opposita,
1516 527 1699 574 sessilia
1730 545 1772 574 v.
1806 529 1917 576 sub-

95 601 301 658 sessilia,
348 601 624 649 brevissime
655 601 904 665 petiolata,
953 600 1260 663 integerrima
1290 616 1337 645 v.
1375 597 1683 655 denticulata,
1725 598 1917 660 juniora

98 672 372 736 saepissime
405 673 451 718 in
483 673 636 720 axillis
667 673 964 728 fasciculam,
1011 671 1292 717 verticillum
1326 669 1615 716 mentientia.
1693 670 1916 732 Ste'pulae

95 743 507 800 membranaceae,
556 743 965 805 interpetiolares,
1014 741 1290 804 plerumque
1328 740 1527 786 incisae.
1604 740 1777 787 Flores
1807 756 1916 802 per-

94 814 234 873 fecti,
273 831 320 861 v.
356 814 507 861 rarius
538 813 704 860 abortu
738 813 1029 876 imperfecti,
1062 811 1331 874 regulareS‚
1365 811 1608 868 axillares,
1641 811 1842 857 solitarii
1873 827 1917 857 v.

97 885 381 942 fasciculati,
428 883 729 947 pedunculati
774 900 820 930 v.
872 883 1087 939 sessiles,
1136 880 1370 928 interdum
1417 881 1684 943 glomerati.
1764 882 1921 944 Caly&

96 954 831 1018 tri·quadri-quinquepartitus,
871 953 1054 1000 laciniis
1087 953 1263 1010 acutis,
1298 953 1609 999 aestivatione
1642 950 1920 999 imbricatis.

103 1027 329 1073 Corollae
362 1024 518 1088 petala
547 1033 619 1071 tot
650 1033 763 1087 quot
794 1024 998 1071 laciniae
1031 1024 1231 1088 calycis,
1266 1021 1430 1069 iisdem
1465 1023 1668 1080 alterna,
1701 1033 1922 1087 recepta·

98 1097 204 1144 culo
237 1097 436 1153 inserta,
469 1096 780 1143 aestivatione
813 1095 1076 1142 imbricata.
1136 1095 1358 1142 Stamina
1391 1110 1493 1140 cum
1525 1094 1692 1156 petalis
1725 1095 1921 1153 inserta,

96 1168 369 1232 plerumque
411 1166 551 1230 duplo
592 1165 847 1214 eorundem
895 1182 1114 1224 numerO,
1161 1165 1345 1212 alterna
1391 1174 1440 1211 et
1485 1167 1723 1227 opposita,
1770 1166 1921 1213 rarius

100 1240 174 1298 (in
221 1238 388 1302 calyce
435 1239 654 1297 trimero)
702 1239 819 1296 tria,
877 1254 979 1284 cum
1025 1236 1195 1301 petalis
1241 1235 1544 1283 alternantia.
1646 1237 1920 1283 Fe‘lamenta

98 1309 580 1366 {informi-subulam,
614 1309 784 1356 libera.
853 1310 1111 1357 Antherae
1142 1309 1402 1364 introrsae,
1434 1305 1744 1363 biloculares,
1779 1306 1920 1354 dorso

99 1381 295 1438 affixae,
342 1379 749 1443 longitudinaliter
780 1378 1098 1427 dehiscentes,
1176 1381 1379 1426 Germen
1411 1377 1631 1436 liberum,
1677 1378 1922 1425 tri-tetra-

99 1451 471 1516 pentaphyllum,
520 1450 929 1515 carpopliyllorum
976 1449 1267 1514 marginibus
1312 1449 1509 1497 valvatis
1554 1466 1598 1498 v.
1643 1449 1921 1507 introllexiS,

102 1539 207 1570 cum
253 1523 498 1570 columnae
538 1523 913 1586 tropliospermia
953 1523 1161 1585 gerentis
1200 1521 1383 1583 angulis
1421 1520 1523 1584 plus
1564 1521 1712 1567 minus
1749 1522 1926 1584 promi·
1959 1528 1967 1532 ”

101 1594 320 1641 uentibus
361 1594 546 1641 coalitis
585 1594 1124 1657 tri-quinqueloculare.
1203 1592 1475 1640 Gernmulae
1506 1591 1552 1637 in
1584 1591 1750 1638 loculis
1781 1592 1927 1654 pluri·

101 1681 228 1723 mae,
261 1665 433 1728 angulo
460 1665 658 1712 centrali
684 1666 915 1723 insertae,
948 1673 1221 1728 anatropae.
1274 1664 1408 1725 Scyle·
1426 1662 1688 1709 loculorum
1714 1678 1927 1722 numero,

102 1735 298 1795 breves,
332 1736 642 1798 stigmatibus
665 1736 904 1800 capitatis.
967 1736 1176 1800 Capsula
1199 1734 1334 1799 stylis
1360 1742 1602 1797 superata,
1637 1733 1927 1796 tri-quadri-

105 1806 559 1871 quinquelocularis‚
606 1805 665 1854 ad
703 1816 888 1854 suturas
929 1804 1206 1864 deliiscenS,
1255 1805 1403 1853 valvis
1443 1807 1654 1867 margine
1693 1804 1843 1868 planis
1882 1822 1926 1852 v.

97 1879 235 1941 juxta
280 1886 424 1925 totam
472 1876 836 1941 longitudinem,
896 1887 976 1925 aut
1020 1892 1223 1941 superne
1269 1884 1446 1923 tantum
1492 1877 1538 1922 in
1593 1874 1930 1939 dissepimenta

105 1950 392 2006 introssexis,
439 1966 542 1997 cum
582 1950 826 1996 columnae
867 1949 1073 2008 liberae,
1124 1965 1211 2012 per
1249 1963 1430 1994 omnem
1471 1946 1833 2010 longitudinem,
1879 1964 1929 1998 v.

106 2021 290 2068 inferne
330 2021 610 2084 septiferae,
657 2021 782 2067 inter
812 2029 946 2084 septa
977 2020 1303 2076 seminiferae,
1350 2017 1535 2081 angulis
1566 2017 1927 2065 alternantibus.

105 2093 302 2155 Semina
327 2092 542 2155 plurima,
576 2090 903 2156 cylindracea,
937 2100 1072 2139 recta
1096 2107 1135 2139 v.
1162 2093 1379 2147 incurva,
1410 2089 1715 2136 transversim
1738 2105 1931 2152 rugosa,

108 2164 260 2210 rarius
294 2161 844 2226 ellipsoideo-oblonga‚
892 2163 1066 2220 laevia,
1114 2161 1210 2209 hilo
1248 2161 1466 2218 basilari‚
1514 2160 1692 2223 rhaphe
1731 2161 1932 2208 ventrali

107 2250 151 2281 v.
186 2234 387 2281 laterali.
464 2234 754 2297 Embryom‘s
784 2233 1148 2292 exalbuminosi,
1183 2232 1449 2295 orthotropi
1479 2249 1521 2280 v.
1554 2231 1831 2295 homotrope
1864 2233 1933 2279 in-

111 2305 239 2353 curvi
272 2305 584 2368 cotyledones
613 2305 785 2355 breves
818 2305 1036 2364 obtusae,
1069 2305 1296 2353 radicula
1328 2301 1613 2369 cylindrica,
1645 2302 1804 2368 longa.

888 2452 921 2488 G
938 2459 964 2488 B
982 2459 1013 2489 Ν
1029 2460 1054 2488 E
1071 2460 1101 2490 R
1117 2460 1166 2489 A.

224 2537 348 2573 5475.
376 2534 542 2572 Elatine
557 2532 682 2572 Lina.
1159 2536 1284 2571 5476.
1313 2533 1464 2579 Bergia
1478 2530 1602 2569 Lz'nn.

282 2597 320 2619 ‘¹-
347 2585 493 2629 Crypta
508 2584 619 2636 qutt.
1158 2593 1283 2629 5477.
1313 2592 1510 2628 Merimea
1529 2589 1669 2626 Camb.

438 2630 626 2670 Gryptina
642 2625 743 2671 Ras-
1551 2643 1564 2662 .·

284 2670 317 2705 b.
344 2671 589 2714 Hydropiper
604 2672 717 2704 Endl.
1598 2699 1607 2708 ‚

442 2713 584 2747 Birolia
604 2714 774 2747 Bellard.
1261 2701 1447 2742 Genus
1479 2698 1715 2741 dubium.

285 2766 318 2791 c.
343 2755 603 2790 Alsinastrum
619 2757 732 2789 Endl.

439 2800 708 2844 Potamopitys
724 2797 851 2832 Ruxb.
1159 2791 1283 2826 5478.
1313 2789 1455 2826 Tridia
1470 2785 1631 2824 Kortlz.

255 2913 580 2960 Affinitas.
637 2920 876 2967 Elatineae,
900 2916 972 2955 diu
986 2926 1078 2955 cum
1093 2916 1282 2955 Alsineis
1297 2916 1518 2964 confusae,
1548 2914 1809 2961 stigmatibus
1826 2916 1939 2961 capi-

119 2977 214 3016 tatis
245 2982 284 3014 et
308 2981 524 3022 embryone
545 2977 791 3014 rectiusculo
812 2975 1122 3013 exalbuminoso
1146 2977 1196 3011 ab
1219 2975 1365 3012 iisdem
1388 2974 1708 3018 distinguuntur.
1763 2973 1941 3017 Propius

118 3036 318 3073 accedunt
347 3037 397 3072 ad
427 3034 747 3082 Hypericineas,
779 3043 805 3070 a
835 3034 985 3077 quibus
1018 3034 1235 3069 columnae
1262 3031 1459 3068 centralis
1487 3030 1724 3074 praesentia
1752 3030 1942 3066 diversae

118 3097 228 3130 sunt.
293 3093 333 3129 A
361 3092 639 3138 Lythrarieis,
681 3092 925 3135 quibuscum
959 3089 1163 3127 interdum
1191 3088 1411 3137 confusae,
1447 3087 1600 3134 petalis
1627 3091 1669 3125 et
1695 3086 1942 3125 staminibus

118 3150 377 3194 receptaculo
392 3148 561 3186 insertis
576 3149 777 3185 differunt.

265 3226 694 3284 Geographia.
751 3234 832 3269 Per
860 3235 987 3269 totum
1016 3231 1102 3268 fere
1132 3234 1331 3268 terrarum
1359 3232 1495 3266 orbem
1524 3228 1756 3279 dispersae,
1792 3228 1945 3277 frigida

123 3293 259 3328 tamen
289 3294 329 3326 et
358 3293 491 3326 elatas
521 3290 719 3327 stationes
750 3289 976 3337 fugientes,
1007 3289 1160 3335 fossas,
1192 3290 1359 3324 lacuum
1387 3287 1524 3323 littora
1551 3286 1753 3322 inundata
1781 3287 1819 3322 et
1849 3295 1944 3329 ory-

124 3352 219 3384 zeta
234 3347 438 3396 incolunt,
469 3345 577 3384 inter
594 3345 770 3391 tropicos
786 3346 1062 3394 frequentius,
1094 3348 1134 3383 et
1151 3343 1377 3382 universim
1400 3342 1444 3381 in
1466 3341 1597 3381 veteri
1620 3344 1715 3380 orbe
1738 3341 1945 3388 copiosius

125 3407 368 3442 crescentes.

264 3487 376 3527 Nihil
392 3488 440 3526 de
454 3486 652 3535 qualitate
666 3496 706 3528 v.
724 3495 804 3526 usu
819 3490 988 3526 constat.
