2147 3756
1062 179 1184 230 589

208 361 391 396 testatur.
450 358 505 395 At
528 355 599 394 ille
621 355 663 392 in
687 355 840 392 recenti
861 357 1046 398 lacryma
1067 350 1453 391 vehementissimus
1477 342 1573 398 ests
1592 360 1683 387 cum
1699 361 1765 400 eo,
1797 360 1914 397 quem
1931 363 2028 390 con-

207 421 318 452 creta
340 420 377 451 et
400 414 623 460 antiquior,
656 415 817 456 qualem
832 413 997 454 Europa
1020 411 1183 459 recipit,
1214 411 1328 446 nullo
1344 409 1785 454 modotcomparandus.
1843 410 2028 447 011111010-

207 474 337 508 101·11111
361 471 497 513 itaque
521 470 687 514 agmina
708 479 881 505 mercem
903 471 1009 504 lianc
1032 465 1378 504 circumvehentia
1402 468 1518 500 extra
1542 463 1700 500 urbium
1722 467 1858 508 portas
1881 476 2030 502 exone-

210 532 370 570 ramur,
401 527 442 562 in
465 527 621 562 Indiam
646 529 781 562 autem
806 525 887 561 nisi
910 524 1113 569 singulari
1136 522 1300 567 navigio
1326 522 1633 566 transvehatur,
1666 520 1709 557 in
1733 529 1853 556 sacco
1878 532 1900 557 e
1922 522 2031 558 corio

209 585 317 621 facto
340 596 361 620 e
386 584 512 628 puppi
533 593 572 619 v.
590 585 697 618 malo
721 584 877 625 pendet.
935 585 1089 625 Ma‘gna
1106 584 1165 616 est
1183 583 1318 614 autem
1334 578 1440 614 inter
1454 579 1682 613 Heratanos
1698 580 1735 613 et
1748 577 2034 621 Disgunenses

210 643 259 677 de
284 641 461 677 bonitate
474 641 588 676 Asae
610 648 712 675 suae
735 639 958 684 contentio,
991 640 1083 673 dnm
1102 637 1250 678 quique
1267 643 1384 671 suam
1402 633 1656 680 praeferunt,
1687 636 1912 670 obtrectant
1929 634 2033 670 alie-

209 706 318 734 nam.
363 697 560 733 IIeratani
576 704 754 739 macram
765 723 774 740 ,
799 704 1019 731 exsuccam
1035 697 1073 729 et
1090 692 1273 736 spuriam
1288 693 1437 726 vocant
1450 689 1774 733 Disgunensium
1788 693 2033 737 montanam,

210 758 251 790 et
273 758 540 797 campestrem
563 762 680 789 suam
703 751 943 794 praedicant
964 752 1089 786 multo
1114 758 1207 784 esse
1232 748 1504 793 pinguiorem,
1535 746 1761 783 molliorem
1783 749 1823 781 et
1846 745 2034 782 foetidio-

208 820 308 847 rem.
365 812 581 853 Reponunt
609 808 893 850 Disgunenses
925 805 1164 843 Ileratensis
1192 806 1306 840 Asae
1338 803 1625 848 pinguedinem
1654 813 1747 839 esse
1770 802 2035 850 adscititiam,

211 868 360 910 quippe
391 867 458 902 cui
487 874 629 901 recens
660 866 857 899 collectae
891 863 1144 899 admisceant
1175 859 1239 903 (et
1261 869 1405 896 revera
1429 861 1470 895 id
1495 860 1671 906 faciunt,
1702 870 1754 896 ne
1776 858 2036 904 indurescat]

209 924 346 959 florem
371 922 562 958 camelini
584 931 624 956 v.
648 920 808 963 caprini
828 920 972 966 lactis,
1003 922 1079 954 hoc
1095 918 1190 954 illos
1206 917 1390 959 nequiter
1407 916 1548 953 fallere
1563 921 1801 964 emptorem,
1831 915 1901 958 qui
1918 917 2039 952 adul-

212 977 302 1015 terii
326 979 516 1024 ignarus,
547 975 803 1020 peregrinam
825 975 1113 1020 pinguedinem
1133 985 1201 1017 pro
1219 974 1361 1009 nativa
1377 975 1536 1009 lrabeat.
1595 973 1744 1009 Rixam
1759 981 1812 1009 ex
1826 972 1983 1008 invidia
1999 975 2038 1008 et

210 1037 374 1072 aemula
402 1033 510 1072 lucri
540 1032 762 1076 cupiditate
784 1036 943 1080 natam,
974 1042 1055 1068 non
1080 1031 1181 1068 tanti
1202 1031 1451 1076 habendam,
1485 1034 1527 1065 ut
1548 1029 1643 1065 inde
1667 1030 1855 1066 diversae
1876 1029 2039 1072 species

205 1095 376 1136 plantae
389 1101 428 1128 ν.
443 1093 654 1137 lacrymae
670 1093 921 1136 statuantur,
952 1088 1221 1131 Kaempferus
1238 1090 1372 1133 putat,
1404 1086 1474 1129 qui
1491 1095 1648 1122 omnem
1663 1087 1729 1122 sui
1747 1086 1938 1130 temporis
1955 1089 2038 1122 tum

208 1152 416 1194 plantam,
448 1152 531 1183 tum
549 1143 678 1181 Asam
692 1143 932 1193 foetidam,
964 1145 1121 1181 ratione
1143 1146 1290 1181 saltem
1314 1143 1395 1178 loci
1417 1143 1631 1186 distinguit
1646 1143 1689 1178 in
1706 1146 1982 1188 campestrem
1998 1146 2039 1179 et

210 1208 478 1252 montanam,
509 1204 598 1240 sive
621 1203 662 1239 in
683 1200 956 1237 Heratmmm
981 1206 1016 1238 et
1034 1199 1361 1248 Dtsgunensem,
1391 1202 1459 1236 vel
1482 1199 1519 1236 si
1542 1199 1779 1242 provinciae
1801 1209 1947 1235 nomen
1970 1199 2038 1236 cui

208 1264 469 1308 praeplacet,
499 1261 542 1296 in
563 1257 870 1295 lacoras-anam
895 1263 934 1296 et
951 1257 1180 1294 Larensem
1191 1266 1210 1302 ;
1242 1257 1337 1303 illa,
1370 1261 1415 1292 ut
1438 1255 1658 1300 plurimum
1680 1257 1867 1299 pinguior
1882 1258 2039 1292 0111101-

207 1319 308 1366 lior,
335 1319 457 1362 pellis
479 1318 614 1353 ovinis
645 1322 685 1353 et
709 1317 890 1360 caprinis
912 1316 1118 1362 involuta,
1149 1317 1252 1350 haec
1276 1313 1447 1360 aridior,
1478 1312 1614 1349 saccis
1638 1323 1660 1348 e
1683 1312 1798 1348 foliis
1820 1313 2040 1355 sylvestris

211 1378 372 1419 palmae
404 1375 545 1421 textis,
583 1374 883 1410 transmittitur.
949 1372 1152 1410 Larensis
1181 1371 1297 1407 Asae
1326 1379 1522 1416 messem,
1560 1378 1666 1412 quae
1696 1378 1722 1405 a
1752 1368 1914 1405 civibus
1943 1369 2039 1405 Dis-

209 1432 465 1477 gunensibus
487 1434 525 1467 et
549 1431 704 1467 accolis
730 1431 926 1478 paganis,
959 1429 1169 1473 quaternis
1198 1428 1242 1463 in
1267 1429 1412 1472 jugum
1434 1426 1725 1470 hingiferorum
1745 1426 1941 1462 montium
1966 1435 2040 1463 ex-

210 1488 472 1525 cursionibus
495 1488 744 1533 absolvitur,
776 1491 920 1524 auctor
941 1489 1080 1524 noster
1096 1495 1203 1522 anno
1224 1485 1344 1520 1687.
1363 1492 1558 1528 praesens
1574 1483 1827 1530 observavit,
1859 1487 1896 1518 et
1913 1491 2040 1519 accu-

209 1546 418 1582 ratissime
439 1545 504 1581 liis
528 1544 663 1581 verbis
679 1544 934 1592 describit:,
941 1543 1238 1591 ,colligentes,
1269 1546 1489 1584 antequam
1505 1550 1607 1583 opus
1625 1539 1958 1588 auspicarentur,
1991 1542 2041 1577 de

211 1628 239 1650 „
252 1598 360 1647 Asa,
394 1606 526 1638 utrum
554 1604 604 1637 ab
627 1601 781 1637 exteris
798 1601 1028 1637 desiderata
1043 1599 1115 1647 sit,
1147 1609 1218 1642 pro
1233 1608 1343 1635 more
1359 1597 1613 1642 percunctati
1629 1597 1814 1643 fuerunt,
1845 1606 1898 1632 ne
1913 1597 2043 1640 gratis

212 1659 521 1707 „profectiones
537 1667 638 1694 suas
654 1663 693 1694 et
706 1660 890 1694 laborum
906 1657 1114 1701 impendia
1130 1655 1322 1692 facerent.
1351 1657 1412 1691 De
1429 1654 1600 1690 caritate
1614 1654 1738 1699 igitur
1754 1655 1858 1689 satis
1877 1653 2040 1700 eruditi,

213 1718 302 1763 „ad
328 1719 484 1752 montes
506 1715 762 1751 confluebant
787 1715 919 1751 medio
935 1713 1116 1760 Aprilis,
1147 1712 1472 1755 quandoquidem
1494 1711 1604 1746 circa
1620 1710 1726 1747 illud
1745 1713 1901 1753 tempus
1918 1710 2040 1746 radix

213 1774 301 1820 „ad
331 1773 574 1808 fundendam
604 1773 829 1815 lacrymam
860 1782 905 1807 se
927 1769 1166 1814 praeparari
1189 1769 1358 1816 patitur,
1390 1769 1509 1811 cujus
1531 1767 1693 1810 signum
1718 1770 1882 1809 praebet
1908 1766 2041 1804 facies

213 1830 408 1877 „tristior
431 1828 619 1864 foliorum
643 1828 956 1870 pallescentium
980 1831 1020 1862 et
1042 1835 1068 1862 a
1089 1826 1228 1870 vigore
1244 1834 1319 1861 suo
1335 1825 1377 1860 111
1393 1833 1619 1860 marcorem
1635 1823 1938 1860 declinantium.
1998 1824 2043 1860 Si

213 1912 240 1933 „
252 1885 427 1931 paganis
443 1883 591 1920 vicinis
607 1884 801 1928 colligere
817 1893 975 1927 quoque
991 1886 1189 1920 statutum
1204 1882 1278 1929 sit,
1311 1882 1450 1918 eodem
1465 1883 1541 1916 1100
1558 1890 1698 1917 mense
1714 1881 1766 1916 ad
1781 1883 1890 1916 1111110
1907 1884 2042 1917 actum

214 1968 240 1989 „
253 1944 532 1988 compareant,
557 1950 728 1977 necesse
746 1944 821 1977 est.
864 1940 1048 1985 Appulsi
1062 1940 1177 1976 cives
1194 1949 1265 1983 per
1279 1941 1401 1975 vasta
1415 1938 1610 1973 montium
1625 1937 1760 1980 spatia
1776 1940 2038 1984 secedebant,

195 2001 392 2047 „procul
414 2008 505 2035 sese
529 1998 822 2046 dissociantes,
854 1998 913 2034 ita
938 1998 978 2032 u‘t
1003 1998 1073 2040 qui
1094 2006 1147 2033 ex
1171 1999 1380 2039 compacto
1409 1995 1452 2031 in
1469 2003 1721 2030 communem
1739 2003 1907 2031 censum
1923 1994 2041 2030 00111-

212 2066 343 2104 „gere
361 2050 676 2103 proposuerant,
709 2065 784 2091 seu
807 2055 999 2099 singulae
1022 2055 1189 2098 domus,
1218 2063 1294 2088 seu
1318 2052 1500 2088 familiae
1524 2056 1745 2098 cognatae,
1777 2061 1851 2087 seu
1873 2051 2042 2087 vicatim

213 2116 290 2161 „et
314 2121 340 2149 a
362 2113 546 2155 pluribus
569 2112 699 2148 initae
722 2112 964 2158 societates,
1002 2111 1129 2147 alium
1152 2113 1274 2152 atque
1291 2109 1419 2145 alium
1434 2113 1677 2151 occuparent
1693 2107 1841 2144 montis
1859 2111 2042 2154 tractum,

212 2179 370 2218 „quem
393 2171 446 2205 ad
468 2179 642 2205 messem
664 2169 767 2205 inibi
789 2169 1082 2205 instituendam
1097 2167 1179 2204 sibi
1195 2167 1478 2210 assignabant.
1533 2167 1584 2201 In
1599 2167 1674 2200 hoc
1691 2168 1856 2208 plantas
1873 2165 2044 2208 quisque

213 2228 416 2275 „aemula
446 2226 661 2263 alacritate
689 2228 877 2273 adortus,
907 2225 1035 2269 primo
1066 2229 1235 2271 terram,
1268 2232 1372 2266 quae
1394 2222 1574 2258 radicem
1595 2223 1638 2257 in
1662 2221 1836 2258 circuitu
1859 2222 2043 2265 proxime

213 2283 478 2332 „ambiebat,
510 2286 762 2327 compactam
790 2283 1004 2329 videlicet,
1036 2283 1276 2318 sabulosam
1304 2283 1343 2316 et
1371 2279 1620 2325 lapidosam,
1653 2288 1729 2323 ope
1757 2278 1931 2326 ligonis,
1963 2288 2042 2321 quo

214 2343 506 2390 „armabatur,
538 2341 591 2376 ad
608 2340 736 2384 palmi
751 2339 1034 2384 spithamaeve
1048 2338 1365 2382 profunditatem
1382 2339 1569 2382 eruebat,
1600 2335 1661 2372 ita
1675 2338 1716 2371 ut
1734 2336 1895 2372 modica
1908 2335 2042 2380 longi-

215 2398 393 2446 „tudine
418 2397 537 2433 radix
560 2399 712 2433 nudam
734 2407 779 2433 se
795 2398 992 2440 proderet.
1050 2397 1238 2431 Secundo
1253 2403 1401 2438 scapos
1419 2393 1630 2439 foliorum,
1663 2396 1903 2429 transversa
1916 2400 2041 2428 manu

216 2456 550 2502 „appreliensos,
582 2454 848 2497 intorquendo
879 2463 905 2490 a
935 2451 1074 2489 radice
1105 2454 1331 2498 avellebat,
1362 2452 1477 2486 1111110
1507 2449 1670 2493 negotio
1699 2452 1778 2484 hac
1804 2452 2042 2492 tempestate

217 2537 243 2559 „
255 2511 543 2556 abscedentes,
566 2512 615 2546 ab
634 2510 919 2553 impedimento
937 2519 1094 2553 quoque
1108 2509 1318 2553 fibrarum,
1337 2516 1440 2549 quae
1455 2506 1656 2541 hirsutam
1671 2505 1830 2542 mitram
1848 2506 2040 2552 referunt,

216 2576 243 2616 ς,
255 2566 467 2610 fastigium
489 2569 754 2613 repurgabat3
786 2575 862 2609 quo
887 2569 1057 2612 remoto,
1089 2573 1280 2608 rugosam
1295 2561 1522 2599 calvariam
1537 2561 1714 2598 exhibet..
1773 2563 1928 2609 Tertio,
1962 2565 2042 2598 ter-

214 2632 358 2673 „ram,
389 2631 512 2658 manu
528 2633 567 2659 v.
583 2623 719 2667 ligone
735 2621 1004 2669 rarefactam,
1036 2621 1166 2657 radici
1181 2630 1324 2657 rursus
1340 2621 1391 2656 ad
1408 2628 1536 2663 usque
1552 2619 1744 2655 verticem
1760 2619 2041 2664 circumpone-

216 2683 341 2729 „bat;
374 2683 456 2714 tum
487 2682 637 2715 avulsa
666 2679 769 2715 folia
798 2684 837 2715 et
864 2679 904 2715 si
934 2680 1038 2722 quod
1069 2678 1185 2714 aliud
1205 2680 1357 2714 herbae
1381 2686 1512 2720 genus
1535 2677 1718 2723 adesset,
1749 2675 1791 2711 in
1814 2675 2041 2712 fasciculos

217 2740 396 2786 „aptata
417 2736 671 2782 imponebat;
701 2735 963 2779 superaddito
979 2735 1134 2782 lapide,
1166 2744 1218 2770 110
1235 2743 1260 2770 a
1274 2735 1414 2780 vento,
1446 2733 1512 2772 hic
1527 2741 1652 2776 saepe
1666 2732 2040 2779 vehementissimo,

214 2793 504 2842 ,‚diffluerent,
536 2794 675 2829 eodem
704 2793 823 2836 signo
851 2795 1005 2839 locum,
1037 2801 1130 2827 011111
1158 2790 1369 2826 redierint.
1401 2789 1631 2833 agniturus.
1690 2790 1936 2832 Tegumento
1966 2790 2042 2824 1100

215 2859 356 2901 „opus
386 2854 499 2900 esse,
530 2859 607 2892 quo
631 2858 658 2885 a
679 2850 805 2885 radiis
828 2848 1035 2885 solaribus
1055 2848 1175 2884 radix
1196 2848 1307 2883 nuda
1330 2849 1509 2893 tueatur,
1540 2844 1637 2888 quia
1660 2847 1710 2880 ab
1732 2844 1787 2881 iis
1804 2846 1932 2881 semel
1948 2854 2039 2888 per-

215 2916 379 2957 „cussa
407 2906 518 2943 intra
550 2906 655 2942 diem
683 2908 914 2942 naturalem
941 2904 1160 2952 putrescit,
1203 2905 1362 2939 nullum
1391 2904 1528 2946 legulo
1559 2903 1760 2937 collatura
1789 2901 2038 2937 beneficium.

215 2965 474 3012 „Postquam
502 2965 578 2999 1100
609 2964 724 2998 modo
753 2962 867 2998 cives
897 2962 1080 2998 radicum
1101 2960 1308 3004 myriades
1329 2960 1484 3002 aliquot.
1508 2960 1846 3005 praeparassent,
1878 2957 2040 2994 futurae

216 3019 484 3069 „collectioni
513 3019 793 3063 subjiciendas
823 3017 953 3062 [solet
982 3021 1116 3054 autem
1147 3017 1327 3053 societas
1357 3020 1529 3070 quatuor
1557 3025 1596 3051 v.
1629 3015 1805 3057 quinque
1835 3015 2040 3050 hominum

217 3076 336 3126 „sibi
358 3076 571 3113 vindicare
592 3076 756 3112 circiter
775 3076 840 3112 bis
856 3074 1014 3122 mille),
1046 3074 1203 3111 relictis
1218 3073 1421 3110 montibus
1438 3075 1548 3108 lares
1566 3074 1821 3118 repetebant,
1852 3073 2040 3107 absoluto

217 3159 244 3181 „
255 3131 341 3169 sere
356 3132 465 3168 intra
480 3133 656 3169 triduum
669 3133 827 3169 messis
836 3141 938 3170 suae
954 3135 1048 3170 actu
1063 3132 1214 3178 primo,
1246 3139 1363 3174 quem
1379 3119 1571 3174 kasjcda,
1596 3129 1624 3164 i.
1641 3138 1674 3164 e.
1691 3127 1893 3174 occidere,
1918 3127 2039 3170 quasi

217 3192 398 3239 „actum
422 3187 647 3224 occzswm's
669 3193 924 3236 nuncapant3
954 3189 1052 3232 quia
1072 3189 1116 3224 in
1138 3189 1276 3226 eodem
1301 3189 1470 3230 plantae
1490 3185 1760 3221 internecioni
1782 3185 2038 3231 damnantur,

217 3273 243 3295 „
217 3216 298 3282 „in
314 3249 538 3293 posterum,
570 3246 696 3282 donec
712 3248 901 3293 pereant,
930 3245 1051 3282 vitali
1066 3255 1189 3282 succo
1205 3244 1485 3288 emulgendae.
1543 3243 1610 3279 Ab
1626 3241 1842 3277 intervallo
1859 3241 2037 3283 quadra.-

217 3302 368 3350 „ginta
383 3298 536 3338 dierum
552 3300 652 3345 [hoc
669 3311 796 3349 anno,
826 3311 947 3345 quam
964 3311 1038 3346 par
1053 3304 1140 3338 erat
1155 3300 1354 3345 longiori]
1372 3303 1489 3335 turba
1505 3297 1782 3342 colligentium
1807 3298 1858 3333 ad
1879 3300 2037 3334 montes

216 3354 439 3408 „reditura
456 3359 617 3403 vesperi
641 3359 718 3395 iter
739 3358 887 3406 inibat,
920 3362 957 3395 et
982 3359 1113 3402 prima
1134 3361 1227 3395 luce
1251 3357 1333 3393 diei
1353 3358 1421 3392 25.
1439 3355 1541 3398 Maji
1557 3359 1607 3391 st.
1622 3364 1661 3390 v.
1680 3356 1879 3402 appulsa,
1903 3354 2038 3390 socia-

218 3415 351 3465 „liter
372 3416 589 3452 secedebat
617 3415 660 3451 in
681 3418 773 3452 loca
794 3424 978 3459 quaeque
999 3423 1096 3463 sua,
1127 3417 1173 3451 ut
1195 3425 1216 3451 e
1239 3412 1468 3459 radicibus,
1502 3410 1626 3455 priori
1647 3414 1742 3447 actu
1766 3409 2038 3457 praeparatis,

219 3472 448 3521 „tributum
477 3471 655 3516 exigeret
681 3471 874 3520 liquoris,
905 3471 976 3516 qui
1004 3472 1212 3508 admissus
1242 3466 1312 3514 p'ro
1344 3469 1456 3506 foliis
1485 3466 1735 3514 nutriendis,
1765 3477 1875 3504 nunc
1905 3466 2037 3503 omnis

220 3531 474 3575 „stagnabat
490 3529 532 3566 in
550 3528 730 3574 fastigio.
788 3531 1064 3566 Instrumenta
1080 3527 1366 3573 colligentibus
1381 3528 1494 3563 erant
1510 3527 1639 3562 culter
1654 3523 1921 3562 acutissimus
1932 3552 1942 3572 ,
1967 3532 2035 3567 pro
