2147 3756
568 655 1553 729 PRAEFATIO.

142 872 279 982 Qui
322 903 382 963 in
427 900 688 963 curandis
730 899 934 960 muscis
977 898 1257 978 hortisque
1301 897 1572 958 botanicis
1625 903 1985 978 occupantur,

141 1025 355 1066 mecum
385 1009 550 1082 saepe
589 1001 804 1081 experti
841 1005 994 1076 sunt,
1036 999 1356 1079 primarium
1395 998 1571 1058 omnis
1612 998 1987 1080 dispositionis

136 1103 552 1164 fundamentum
594 1102 653 1160 in
695 1121 957 1180 generum
1000 1099 1315 1179 plantarum
1349 1099 1531 1159 indice
1568 1120 1689 1160 esse
1726 1101 1987 1181 positum,

66 1193 73 1203 ἶ
137 1224 169 1265 0
228 1203 614 1282 qualicumque
675 1201 891 1260 demum
949 1204 1242 1278 systemate
1303 1199 1577 1259 ordinato.
1691 1198 1988 1281 Ejusmodi

135 1301 515 1363 herbariorum
558 1301 1079 1379 viridariorumque,
1125 1305 1186 1358 ut
1221 1299 1302 1357 ita
1338 1299 1545 1377 dicam,
1589 1299 1800 1377 claveS,
1848 1321 1986 1381 quae

137 1402 235 1462 uni
274 1401 489 1461 obtutui
527 1401 820 1481 aliqualem
856 1400 1015 1480 regni
1057 1399 1381 1479 vegetabilis
1426 1400 1628 1459 sistunt
1669 1400 1985 1481 imaginem,

137 1495 328 1561 nostra
372 1506 552 1560 aetate
595 1500 764 1559 variis
810 1499 1126 1559 auctoribus
1174 1500 1410 1579 proponi
1461 1507 1785 1580 coeperunt,
1845 1522 1985 1561 novo

134 1601 253 1662 fere
281 1601 341 1660 in
371 1600 605 1659 scientia
633 1599 890 1657 botanica
918 1599 1196 1657 scribendi
1227 1620 1455 1679 genere,
1486 1606 1548 1658 ut
1575 1606 1637 1659 ut
1666 1621 1700 1658 a
1728 1599 1986 1663 Linnaeo

130 1701 247 1781 jam
304 1699 626 1758 felicissime
684 1704 924 1774 tentato,
956 1691 1015 1756 ’0
1067 1698 1309 1757 methodi
1357 1700 1628 1759 naturalis
1677 1701 1986 1763 rationibus

133 1799 479 1879 potissimum
522 1803 720 1857 tamen*
754 1804 894 1856 orto.
989 1796 1137 1857 Nam
1182 1819 1307 1857 cum
1352 1804 1514 1858 aucto
1558 1799 1617 1859 111
1659 1800 1985 1861 immensum

132 1899 445 1979 plantarum
476 1896 937 1977 disponendarum
966 1919 1222 1976 numero,
1269 1920 1404 1979 quas
1434 1899 1673 1980 undique
1704 1904 1987 1982 conquisi-

135 2004 250 2075 tas,
293 1997 596 2077 indigestas
636 1998 877 2077 quotidie
915 1999 1244 2079 accipimuS,
1289 2021 1401 2060 non
1437 2000 1496 2059 in
1540 2002 1702 2061 unius
1747 2003 1984 2064 hominis

137 2103 371 2158 aetatem
404 2099 520 2180 jam
558 2098 745 2174 cadat,
792 2099 1033 2183 omnium
1071 2106 1333 2180 quotquot
1368 2101 1654 2161 innotuere
1683 2101 1982 2163 formarum

133 2218 421 2258 recensum
462 2198 619 2274 dare,
666 2199 966 2257 contractis
1004 2200 1302 2279 prudenter
1337 2202 1473 2262 velis
1510 2203 1697 2283 plures
1736 2204 1983 2283 aggressi

132 2304 261 2358 sunt
318 2298 650 2357 naturalium
710 2298 959 2357 ordinum
1027 2300 1423 2381 descriptiones
1489 2303 1644 2362 brevi
1708 2304 1981 2365 volumine

134 2397 624 2478 comprehendere,
656 2399 744 2457 vel
773 2420 1035 2478 generum
1065 2402 1349 2480 catalogos
1382 2403 1658 2483 evulgare.

282 2497 393 2572 Qui
421 2499 568 2556 inter
598 2499 867 2578 ejusmodi
895 2500 1068 2560 libros
1100 2502 1364 2580 eminent,
1411 2524 1445 2562 a
1475 2503 1798 2564 clarissimis
1831 2506 1979 2583 viris,

134 2596 366 2675 collegis
409 2603 462 2655 et
500 2598 690 2656 amicis
728 2599 961 2676 nostris,
1006 2600 1600 2680 REIGHENBAGHIO,
1646 2604 1979 2666 BARmN-

135 2716 275 2772 010,
334 2695 607 2756 MARTIO
656 2703 710 2755 et
746 2696 1090 2759 LINDLEYO
1137 2722 1314 2781 nuper
1357 2704 1687 2783 conscripti,
1745 2706 1973 2765 istorum

133 2796 230 2854 alii
275 2796 555 2855 absolutos
599 2818 861 2876 generum
906 2799 1143 2877 indices,
1188 2802 1288 2859 alii
1331 2803 1680 2863 auctissimas
1726 2806 1978 2866 ordinum

132 2890 466 2954 naturalium
505 2897 799 2976 diagnoses
838 2899 1122 2977 exhibent,
1169 2901 1388 2981 quidam
1427 2909 1607 2964 autem
1642 2905 1976 2967 familiarum

134 2994 557 3075 descriptionem
609 3018 732 3057 cum
784 3020 1047 3078 generum
1099 3000 1455 3081 dispositione
1499 3011 1611 3063 tam
1655 3006 1792 3066 scite
1837 3028 1975 3068 con-

129 3094 374 3174 junctam
425 3105 762 3176 proponunt,
822 3105 884 3158 ut
933 3099 1086 3160 hisce
1133 3103 1281 3161 curis
1326 3104 1707 3164 botanicorum
1750 3109 1876 3166 usui
1919 3116 1975 3169 et

132 3192 368 3253 tironum
399 3198 682 3257 commodo
712 3199 849 3258 satis
877 3207 1252 3281 prospectum,
1283 3225 1529 3285 novaque
1558 3206 1618 3264 in
1641 3206 1746 3266 hoc
1768 3229 1973 3287 genere

133 3293 388 3372 scliptio,
434 3295 560 3355 dum
597 3298 734 3356 illi
717 3320 775 3357 111
811 3301 1091 3379 poliendis
1117 3304 1488 3384 augendisque
1519 3306 1634 3366 suis
1663 3297 1970 3386 versantur,

131 3391 342 3452 inutilis
371 3393 515 3472 fere,
546 3418 616 3457 ne
647 3399 826 3459 dicam
855 3402 1171 3479 ambitiosa,
1203 3425 1324 3464 esse
1354 3405 1619 3466 videatur.
