2147 3756
1080 71 1199 121 644

373 236 732 290 nuditates
750 245 789 280 et
803 247 972 281 usus.
1017 245 1105 279 Non
1122 251 1203 278 una
1219 241 1550 284 Lythrariearum
1565 241 1699 278 virtus
1716 246 1799 290 est,
1823 240 1866 278 in
1882 241 2050 286 paucis-

232 299 348 340 simis
371 300 446 336 rite
467 302 698 346 explorata,
732 301 773 336 in
797 301 1003 343 plerisque
1026 309 1077 334 ex
1094 308 1190 341 usu,
1222 298 1289 339 qui
1310 299 1499 345 traditur,
1527 299 1763 341 judicanda.
1822 301 1923 334 Nam
1940 299 2049 335 aliae

232 360 350 395 acido
382 357 549 392 tannino
581 357 709 392 foetae
740 358 845 392 inter
868 355 1046 391 remedia
1071 354 1366 397 adstringentia
1391 359 1671 400 numerantur,
1705 357 1797 390 dum
1821 355 1928 391 aliae
1950 357 2048 390 sub·

232 415 411 452 stantias
443 413 652 449 resinosas
682 416 917 457 secernunt,
948 415 986 446 et
1016 413 1152 453 plures
1178 411 1360 446 acredini
1382 410 1462 446 vim
1486 411 1718 457 emelinam,
1750 408 2051 454 purgantem'et

233 471 491 514 diureticam‚
525 471 722 511 quaedam
746 469 866 504 etiam
891 468 1140 503 vesicantetn
1166 467 1320 502 debent.
1378 468 1541 502 Florum
1559 469 1654 502 odor
1671 467 1713 502 in
1731 467 1939 502 nonnullis
1955 475 2050 511 gra·

233 532 320 570 tus,
354 527 595 570 quibusdam
625 534 854 560 nauseosus
884 527 964 567 est,
996 526 1135 565 plures
1166 525 1336 558 colorem
1370 522 1517 558 flavum
1546 532 1588 558 v.
1618 527 1780 559 rubrum
1805 523 2047 567 largiuntur.

232 580 393 629 Lychn·
409 580 649 617 Saliearme
666 582 783 616 Linn.
809 579 1061 622 (Salicariae
1085 589 1122 615 v.
1142 579 1433 621 Lysimachiae
1458 589 1685 623 purpureae
1708 579 1867 625 Offic.)‚
1898 582 2048 615 herbae

233 639 450 685 nostratis,
482 641 564 673 late
596 646 665 680 per
693 636 1018 679 hemisphaeram
1049 637 1250 670 borealem
1281 636 1471 681 diffusae,
1503 636 1623 671 etiam
1646 646 1668 671 e
1690 637 1805 671 Nova
1831 635 2050 671 Hollandia

234 700 407 742 relatae,
440 694 679 729 notissimus
711 693 815 727 inter
843 693 1068 728 medicinas
1099 692 1398 734 adstringentes
1429 701 1529 727 usus
1561 695 1634 728 est.
1692 692 1828 727 Radix
1850 692 2051 734 imprimis

233 756 358 790 valet.
419 748 585 795 Lymro
606 747 904 797 qussopffolia
929 749 1048 784 Linn.
1073 748 1261 783 virtutem
1285 748 1582 795 vulnerariam,
1613 748 1860 791 aperientem
1885 751 1922 783 et
1945 747 2054 783 anti-

235 807 505 846 scorbuticam
530 809 688 842 veteres
711 806 905 841 tribuunt.
963 805 1179 841 Americae
1202 804 1381 840 borealis
1406 804 1566 840 incolae
1591 801 1750 851 Lychn·
1770 801 1885 839 alati
1905 804 2052 841 Pursh.

235 869 361 902 herba
378 867 549 899 vulnera
566 865 717 897 sanant
732 867 771 897 et
787 864 926 897 ulcera
944 866 1131 904 purgant.

373 917 601 954 Lawsom'a
625 917 724 952 alba
748 921 861 954 Lam.
896 913 1098 968 (κύπρος,
1124 918 1286 960 Kopher
1308 914 1462 962 Hebr„
1486 918 1631 953 Henna
1656 910 1814 961 Arest»,
1846 917 1952 952 unde
1977 911 2052 950 ΑΙ-

234 977 417 1019 cmena),
453 976 585 1011 frutex
613 975 937 1020 ramosissimus,
970 974 1012 1010 in
1044 975 1228 1017 Aegypto
1262 974 1428 1019 crescit,
1462 984 1532 1017 per
1561 984 1716 1009 omnem
1748 974 1969 1019 Orientem,
2002 973 2054 1009 ad

233 1039 455 1070 extremam
475 1033 606 1068 Asiae
633 1040 743 1067 oram
767 1032 951 1066 diffusus.
1013 1032 1144 1072 llujus
1169 1031 1456 1073 antiquissima
1480 1040 1548 1072 per
1572 1034 1693 1065 totum
1721 1030 1922 1066 Orientem
1946 1029 2056 1065 fama

236 1096 318 1135 est,
352 1094 433 1124 tum
449 1091 496 1123 ob
516 1088 800 1133 fragrantiam,
826 1091 907 1123 tum
926 1091 1086 1130 propter
1104 1087 1262 1133 fucum,
1288 1097 1404 1130 quem
1422 1087 1519 1122 folia
1537 1087 1701 1129 capillis
1719 1086 1890 1122 faciunt.
1941 1086 2056 1122 Trita

234 1146 424 1183 nimirum
441 1146 590 1181 flavum
606 1155 644 1180 v.
663 1144 820 1179 fulvum
836 1144 1068 1187 largiuntur
1085 1145 1277 1190 colorem,
1304 1152 1379 1184 quo
1397 1143 1530 1177 crines
1546 1147 1583 1178 et
1601 1143 1814 1186 digitorum
1831 1143 2058 1185 pedumque

236 1206 415 1246 ungulas
445 1202 638 1237 mulieres
671 1201 891 1236 orientales
915 1201 1082 1243 pingere
1107 1203 1257 1235 amant.
1316 1199 1446 1234 Foliis
1470 1200 1590 1234 etiam
1616 1199 1748 1234 virtus
1772 1199 1949 1245 medica,
1981 1199 2058 1234 ad-

233 1269 382 1296 versus
405 1259 633 1294 mierum-et
660 1260 855 1304 aphthas,
887 1267 962 1292 nec
985 1266 1063 1290 non
1087 1256 1129 1291 in
1154 1256 1352 1291 sanandis
1374 1256 1614 1291 vulneribus
1632 1255 1768 1301 utilis,
1801 1255 1923 1291 tribui
1939 1257 2056 1292 solet.

233 1316 370 1352 Radix
381 1313 550 1359 (Radix
565 1309 790 1348 Alcmenae
806 1323 932 1347 verae
950 1324 982 1349 s.
1002 1310 1226 1346 orientalis
1244 1312 1395 1356 Ossia),
1420 1312 1567 1347 leniter
1584 1311 1859 1359 adstringens,
1883 1314 2058 1350 colorem

236 1376 400 1408 rubrum
418 1374 594 1415 praebet.
646 1373 678 1407 Ε
701 1368 1174 1405 Θνὶεῖεαθ-τοηιεηῐοεαε
1189 1368 1310 1405 Linn.
1327 1369 1492 1405 floribus
1508 1371 1678 1405 colorem
1695 1368 1846 1405 flavum
1866 1365 2055 1413 (Dlmee)

238 1429 282 1465 in
298 1430 417 1465 India
433 1429 624 1464 obtinent.
1259 1430 1263 1433 ·

376 1483 573 1519 Hee'mz‘ae
588 1480 859 1530 syphilz’tz'cae
875 1483 955 1531 DC.
975 1481 1258 1526 (Hanchinol)
1281 1491 1425 1528 succo,
1457 1481 1526 1524 qui
1542 1490 1762 1525 expressus
1780 1483 1818 1516 et
1840 1480 1892 1516 ad
1913 1480 2059 1517 uncias

237 1544 409 1585 quatuor
440 1546 556 1584 potus
583 1543 768 1577 sudorem
793 1543 831 1576 et
853 1540 1013 1575 uri-nam
1037 1540 1173 1585 pellit⁷
1206 1542 1424 1581 alvumque
1453 1541 1590 1583 laxat,
1621 1541 1729 1574 luem
1751 1546 1966 1573 veneream
1989 1546 2060 1572 cu-

236 1599 319 1634 rari
343 1598 553 1634 Mexicani
583 1597 807 1640 perhibent.
871 1593 1065 1641 Cupheae
1095 1592 1399 1641 microphyllae
1428 1597 1477 1631 Η.
1503 1597 1548 1630 Β.
1573 1596 1621 1631 Κ.
1655 1598 1693 1630 et
1725 1591 1918 1640 Cupheae
1942 1591 2061 1628 anti-

236 1652 507 1701 syphiliticae
543 1655 593 1689 H.
615 1655 660 1689 B.
684 1653 734 1688 K.
775 1651 1016 1698 (Cniagari)
1054 1652 1228 1688 similem
1266 1652 1456 1688 virtutem
1493 1651 1672 1687 Peruani
1700 1651 1894 1687 tribuunt.
1955 1650 2061 1686 con-

236 1721 428 1757 generum
450 1709 651 1753 plurimae
674 1709 787 1744 visco
810 1711 986 1744 madent..
1047 1706 1208 1743 Neseae
1232 1706 1524 1743 vermiculatae
1549 1709 1597 1743 H.
1615 1709 1659 1743 B.
1676 1708 1748 1752 K.,
1780 1707 1823 1743 in
1839 1707 2060 1751 paludibus

236 1769 454 1806 Americae
477 1766 655 1802 borealis
679 1766 924 1810 crescentis,
964 1769 1148 1812 herbam,
1183 1774 1208 1800 a
1239 1766 1463 1808 pecudibus
1494 1765 1816 1808 praegnantibus
1846 1772 2062 1811 comesam,

240 1824 387 1860 foetum
411 1826 565 1867 pellere
589 1826 792 1859 asserunt.
850 1816 1112 1856 Ammanm‘a
1136 1821 1398 1855 nesio-amrin
1422 1823 1573 1869 Roxb.,
1604 1823 1729 1856 herba
1752 1828 1910 1867 annua,
1943 1821 2062 1855 odore

239 1881 454 1917 muriatico
485 1880 646 1926 gravis,
692 1880 735 1915 in
764 1879 906 1914 Indiae
937 1879 1149 1914 orientalis
1180 1878 1358 1914 humidis
1382 1877 1540 1914 crescit.
1599 1877 1718 1913 Folia
1750 1876 1950 1913 acerrima
1979 1875 2064 1912 cuti

239 1938 451 1981 applicata
473 1937 637 1972 vesicas
660 1939 904 1984 provocant,
937 1938 983 1971 ob
1010 1936 1194 1972 effectum
1218 1935 1400 1971 citiorem
1424 1938 1462 1971 et
1484 1933 1622 1971 minus
1640 1936 1840 1970 dolentem
1855 1932 2064 1969 canthari-

241 1995 360 2031 dibus
378 1994 661 2037 praeferenda.

381 2047 577 2095 Pemplaw
602 2046 773 2083 acidula
795 2049 928 2084 Forst.
952 2048 996 2084 in
1018 2048 1223 2084 littoribus
1247 2047 1378 2085 Asiae
1398 2047 1583 2092 tropicae
1605 2039 1792 2092 vulgaris
1816 2049 1889 2083 est.
1945 2044 2066 2082 Folia

242 2108 355 2154 olus,
388 2115 534 2149 sapore
553 2115 721 2142 amoene
738 2106 900 2141 acidulo
918 2108 956 2140 et
971 2107 1083 2141 salso
1100 2109 1280 2151 gratum,
1312 2103 1555 2148 largiuntur.

382 2160 612 2197 Lawsonm
631 2159 816 2208 Reginae
833 2163 983 2207 Roxb.,
1009 2164 1128 2197 arbor
1145 2161 1428 2203 pulcherrimis
1446 2159 1609 2196 fioribus
1628 2160 1793 2206 decora,
1819 2158 1927 2202 apud
1943 2158 2066 2194 Indos

241 2219 441 2256 nascitur.
500 2218 695 2255 Radicem
713 2218 1030 2261 adstringentem
1048 2218 1246 2252 adversus
1263 2220 1437 2260 aphthas
1454 2217 1655 2252 adhibent.
1707 2218 1739 2251 E
1759 2216 1929 2262 cortice,
1953 2214 2067 2251 foliis

242 2277 488 2319 floribusque
517 2277 725 2311 decoctum
754 2283 935 2318 purgans
965 2277 1004 2309 et
1034 2274 1314 2316 hydragogum
1338 2277 1495 2315 parant.
1554 2272 1719 2307 Semina
1742 2271 1952 2307 narcotica
1975 2281 2067 2314 per-

243 2334 394 2369 hibent.
438 2334 472 2369 E
490 2329 743 2366 Lawsom'ae
760 2328 955 2378 hirsutae
970 2330 1114 2367 W'illd.
1133 2330 1282 2366 cortice
1300 2331 1565 2375 emplastrum
1581 2332 1768 2378 paratur,
1800 2328 1843 2364 in
1858 2330 2068 2364 maturan-

244 2390 307 2426 dis
323 2388 552 2428 bubonibus
567 2387 818 2433 syphilitieis
836 2388 1167 2424 commendatum.

615 2593 912 2653 Classis
942 2593 1103 2652 Lx.
1190 2592 1696 2666 ivlyrtiflorae.

385 2727 669 2804 Hediae,
707 2718 1107 2811 suffrutz'ces,
1133 2743 1137 2746 ’
1140 2727 1430 2804 frutices
1458 2747 1508 2784 v.
1541 2721 2067 2803 saepissimearbo-

247 2833 374 2887 res,
416 2813 607 2890 foliis
647 2813 936 2891 oppositis,
980 2813 1158 2870 rarius
1189 2811 1530 2869 verticillatis
1562 2831 1606 2868 s.
1640 2809 1890 2883 alterniS,
1935 2808 2068 2864 sim-

246 2898 509 2976 plicibus,
554 2897 911 2975 triplinerviis
949 2916 999 2954 v-
1031 2897 1424 2974 penninerviis,
1468 2893 1833 2972 integerrimis
1872 2914 1917 2950 s.
1950 2911 2069 2954 ser-

246 2983 405 3054 ratis,
466 2982 681 3059 calyce
727 3002 849 3039 cum
894 2981 1136 3058 germine
1174 2981 1406 3042 connato
1442 3000 1495 3037 v.
1531 2980 1732 3052 libere,
1790 2977 2069 3054 lobister

249 3067 657 3126 aestivationem
684 3066 949 3139 svalvati59
1010 3056 1285 3123 co‘rollae
1322 3064 1518 3143 petalis
1558 3063 1761 3139 calycis
1797 3061 1944 3120 sauci
1981 3061 2072 3118 in-

251 3151 435 3226 sertis,
511 3150 750 3231 ejusdem
814 3149 1031 3207 laciniis
1097 3169 1320 3207 numero
1386 3148 1729 3226 aequalibuS,
1794 3145 2070 3203 rarissime
2105 3181 2110 3186 ·

250 3237 444 3311 nullis),
509 3232 881 3295 staminibus
938 3254 1060 3292 cum
1123 3233 1318 3312 petalis
1383 3233 1630 3307 insertis,
1695 3250 1840 3289 nunc
1906 3229 2070 3307 duplo

252 3321 542 3380 eorundem
573 3340 824 3394 numero,
862 3339 1008 3377 nunc
1039 3317 1361 3391 indefinitis,
1399 3318 1589 3375 liberis
1619 3337 1670 3374 v.
1700 3312 2072 3393 polyadelphis

253 3410 351 3464 aut
392 3405 663 3465 interdum
705 3403 1107 3483 monadelphis,
1168 3401 1454 3461 arctam-1215
1503 3399 1972 3480 longitudinaliter
2021 3416 2073 3454 v.
