<?xml version="1.0" encoding="UTF-8"?>
<!DOCTYPE html PUBLIC "-//W3C//DTD XHTML 1.0 Transitional//EN"
    "http://www.w3.org/TR/xhtml1/DTD/xhtml1-transitional.dtd">
<html xmlns="http://www.w3.org/1999/xhtml" xml:lang="en" lang="en">
 <head>
  <title>
</title>
<meta http-equiv="Content-Type" content="text/html;charset=utf-8" />
  <meta name='ocr-system' content='tesseract 3.04.00' />
  <meta name='ocr-capabilities' content='ocr_page ocr_carea ocr_par ocr_line ocrx_word'/>
</head>
<body>
  <div class='ocr_page' id='page_1' title='image "./enchiridionbotan00endl/enchiridionbotan00endl_0238.png"; bbox 0 0 2147 3756; ppageno 0'>
   <div class='ocr_carea' id='block_1_1' title="bbox 941 224 1286 231">
    <p class='ocr_par' dir='ltr' id='par_1_1' title="bbox 941 224 1286 231">
     <span class='ocr_line' id='line_1_1' title="bbox 941 224 1286 231; baseline 0.006 -4"><span class='ocrx_word' id='word_1_1' title='bbox 941 226 1010 231; x_wconf 59' lang='grc'>,--,,</span> <span class='ocrx_word' id='word_1_2' title='bbox 1031 229 1042 230; x_wconf 38' lang='lat' dir='ltr'><em>W</em></span> <span class='ocrx_word' id='word_1_3' title='bbox 1094 228 1109 230; x_wconf 45' lang='grc' dir='ltr'><em>Η</em></span> <span class='ocrx_word' id='word_1_4' title='bbox 1141 224 1286 231; x_wconf 32' lang='grc' dir='ltr'><em>.......Ϋ-...</em></span> 
     </span>
    </p>
   </div>
   <div class='ocr_carea' id='block_1_2' title="bbox 194 314 2079 1324">
    <p class='ocr_par' dir='ltr' id='par_1_2' title="bbox 194 314 2018 747">
     <span class='ocr_line' id='line_1_2' title="bbox 196 314 2013 366; baseline 0.001 -13"><span class='ocrx_word' id='word_1_5' title='bbox 196 318 380 354; x_wconf 85' lang='lat' dir='ltr'>nominis.</span> <span class='ocrx_word' id='word_1_6' title='bbox 441 314 754 353; x_wconf 66' lang='lat' dir='ltr'>Aristolochiae</span> <span class='ocrx_word' id='word_1_7' title='bbox 781 316 1017 354; x_wconf 61' lang='lat' dir='ltr'>Cleomenis</span> <span class='ocrx_word' id='word_1_8' title='bbox 1041 319 1158 354; x_wconf 87' lang='lat' dir='ltr'>Linn.</span> <span class='ocrx_word' id='word_1_9' title='bbox 1190 318 1471 366; x_wconf 77' lang='lat' dir='ltr'>(Osterluzey,</span> <span class='ocrx_word' id='word_1_10' title='bbox 1503 318 1801 355; x_wconf 72' lang='lat' dir='ltr'><strong>Aristolochiae</strong></span> <span class='ocrx_word' id='word_1_11' title='bbox 1830 319 2013 364; x_wconf 83' lang='lat' dir='ltr'>vulgaris</span> 
     </span>
     <span class='ocr_line' id='line_1_3' title="bbox 194 367 2016 422; baseline 0 -12"><span class='ocrx_word' id='word_1_12' title='bbox 194 384 228 410; x_wconf 83' lang='lat' dir='ltr'>s.</span> <span class='ocrx_word' id='word_1_13' title='bbox 249 374 380 409; x_wconf 87' lang='lat' dir='ltr'>tenuis</span> <span class='ocrx_word' id='word_1_14' title='bbox 397 367 555 421; x_wconf 59' lang='lat' dir='ltr'>offic),</span> <span class='ocrx_word' id='word_1_15' title='bbox 590 377 754 418; x_wconf 83' lang='lat' dir='ltr'>plamae</span> <span class='ocrx_word' id='word_1_16' title='bbox 776 376 1096 411; x_wconf 81' lang='lat' dir='ltr'>mediterraneae</span> <span class='ocrx_word' id='word_1_17' title='bbox 1121 385 1191 417; x_wconf 84' lang='lat' dir='ltr'>per</span> <span class='ocrx_word' id='word_1_18' title='bbox 1212 377 1416 417; x_wconf 75' lang='lat' dir='ltr'>Europam</span> <span class='ocrx_word' id='word_1_19' title='bbox 1436 375 1609 411; x_wconf 84' lang='lat' dir='ltr'>mediam</span> <span class='ocrx_word' id='word_1_20' title='bbox 1633 376 1945 422; x_wconf 69' lang='lat' dir='ltr'>disseminatae,</span> <span class='ocrx_word' id='word_1_21' title='bbox 1978 380 2016 411; x_wconf 89' lang='lat' dir='ltr'>et</span> 
     </span>
     <span class='ocr_line' id='line_1_4' title="bbox 194 425 2014 478; baseline 0.002 -16"><span class='ocrx_word' id='word_1_22' title='bbox 194 425 509 464; x_wconf 65' lang='lat' dir='ltr'><em>Aristolochiae</em></span> <span class='ocrx_word' id='word_1_23' title='bbox 528 429 774 465; x_wconf 70' lang='lat' dir='ltr'>Maurorum</span> <span class='ocrx_word' id='word_1_24' title='bbox 792 432 932 477; x_wconf 64' lang='lat' dir='ltr'>Limn,</span> <span class='ocrx_word' id='word_1_25' title='bbox 965 432 1007 466; x_wconf 92' lang='lat' dir='ltr'>in</span> <span class='ocrx_word' id='word_1_26' title='bbox 1026 431 1146 472; x_wconf 83' lang='lat' dir='ltr'>Syria</span> <span class='ocrx_word' id='word_1_27' title='bbox 1163 431 1404 478; x_wconf 71' lang='lat' dir='ltr'>crescentis,</span> <span class='ocrx_word' id='word_1_28' title='bbox 1437 440 1554 467; x_wconf 86' lang='lat' dir='ltr'>rarus</span> <span class='ocrx_word' id='word_1_29' title='bbox 1571 433 1679 474; x_wconf 87' lang='lat' dir='ltr'>apud</span> <span class='ocrx_word' id='word_1_30' title='bbox 1701 432 1877 466; x_wconf 87' lang='lat' dir='ltr'>medicos</span> <span class='ocrx_word' id='word_1_31' title='bbox 1902 440 2014 466; x_wconf 85' lang='lat' dir='ltr'>usus.</span> 
     </span>
     <span class='ocr_line' id='line_1_5' title="bbox 195 482 2016 532; baseline 0.002 -13"><span class='ocrx_word' id='word_1_32' title='bbox 195 483 345 520; x_wconf 60' lang='lat' dir='ltr'>Radix·</span> <span class='ocrx_word' id='word_1_33' title='bbox 369 484 682 521; x_wconf 70' lang='lat' dir='ltr'><em>Aristolochiae</em></span> <span class='ocrx_word' id='word_1_34' title='bbox 713 485 923 521; x_wconf 69' lang='lat' dir='ltr'>rotundae</span> <span class='ocrx_word' id='word_1_35' title='bbox 955 491 990 521; x_wconf 87' lang='lat' dir='ltr'>et</span> <span class='ocrx_word' id='word_1_36' title='bbox 1019 482 1329 520; x_wconf 67' lang='lat' dir='ltr'>Aristolochiae</span> <span class='ocrx_word' id='word_1_37' title='bbox 1361 486 1510 532; x_wconf 77' lang='lat' dir='ltr'>longae</span> <span class='ocrx_word' id='word_1_38' title='bbox 1533 487 1775 531; x_wconf 80' lang='lat' dir='ltr'>(Sirawend</span> <span class='ocrx_word' id='word_1_39' title='bbox 1797 487 1950 530; x_wconf 74' lang='lat' dir='ltr'>Arati.)</span> <span class='ocrx_word' id='word_1_40' title='bbox 1974 487 2016 522; x_wconf 84' lang='lat' dir='ltr'>in</span> 
     </span>
     <span class='ocr_line' id='line_1_6' title="bbox 194 539 2016 590; baseline -0.002 -12"><span class='ocrx_word' id='word_1_41' title='bbox 194 543 338 586; x_wconf 79' lang='lat' dir='ltr'>malis,</span> <span class='ocrx_word' id='word_1_42' title='bbox 372 553 475 585; x_wconf 85' lang='lat' dir='ltr'>quae</span> <span class='ocrx_word' id='word_1_43' title='bbox 499 553 551 578; x_wconf 89' lang='lat' dir='ltr'>ex</span> <span class='ocrx_word' id='word_1_44' title='bbox 576 544 675 578; x_wconf 85' lang='lat' dir='ltr'>uteri</span> <span class='ocrx_word' id='word_1_45' title='bbox 694 543 841 577; x_wconf 85' lang='lat' dir='ltr'>inertia</span> <span class='ocrx_word' id='word_1_46' title='bbox 858 544 1104 589; x_wconf 86' lang='lat' dir='ltr'>redundant,</span> <span class='ocrx_word' id='word_1_47' title='bbox 1130 543 1383 585; x_wconf 81' lang='lat' dir='ltr'>frequentius</span> <span class='ocrx_word' id='word_1_48' title='bbox 1401 544 1634 590; x_wconf 70' lang='lat' dir='ltr'>adhibetur,</span> <span class='ocrx_word' id='word_1_49' title='bbox 1665 546 1765 578; x_wconf 81' lang='lat' dir='ltr'>haec</span> <span class='ocrx_word' id='word_1_50' title='bbox 1781 553 1833 578; x_wconf 80' lang='lat' dir='ltr'>ex</span> <span class='ocrx_word' id='word_1_51' title='bbox 1852 539 2016 576; x_wconf 73' lang='lat' dir='ltr'>Aristo-</span> 
     </span>
     <span class='ocr_line' id='line_1_7' title="bbox 197 595 2018 645; baseline -0.001 -13"><span class='ocrx_word' id='word_1_52' title='bbox 197 596 339 632; x_wconf 65' lang='lat' dir='ltr'>locam</span> <span class='ocrx_word' id='word_1_53' title='bbox 363 598 489 645; x_wconf 80' lang='lat' dir='ltr'>longa</span> <span class='ocrx_word' id='word_1_54' title='bbox 509 600 628 634; x_wconf 91' lang='lat' dir='ltr'>Linn.</span> <span class='ocrx_word' id='word_1_55' title='bbox 652 600 694 634; x_wconf 90' lang='lat' dir='ltr'>in</span> <span class='ocrx_word' id='word_1_56' title='bbox 718 599 1086 642; x_wconf 76' lang='lat' dir='ltr'>Gallo-provincIa</span> <span class='ocrx_word' id='word_1_57' title='bbox 1111 600 1366 642; x_wconf 85' lang='lat' dir='ltr'>potissimum</span> <span class='ocrx_word' id='word_1_58' title='bbox 1387 602 1516 644; x_wconf 81' lang='lat' dir='ltr'>lecta,</span> <span class='ocrx_word' id='word_1_59' title='bbox 1548 600 1624 635; x_wconf 84' lang='lat' dir='ltr'>illa</span> <span class='ocrx_word' id='word_1_60' title='bbox 1649 609 1700 635; x_wconf 86' lang='lat' dir='ltr'>ex</span> <span class='ocrx_word' id='word_1_61' title='bbox 1726 595 2018 633; x_wconf 64' lang='lat' dir='ltr'>Aristolochia</span> 
     </span>
     <span class='ocr_line' id='line_1_8' title="bbox 199 651 2018 703; baseline 0.001 -15"><span class='ocrx_word' id='word_1_62' title='bbox 199 653 384 689; x_wconf 75' lang='lat' dir='ltr'>rotunda</span> <span class='ocrx_word' id='word_1_63' title='bbox 408 656 527 691; x_wconf 91' lang='lat' dir='ltr'>Linn.</span> <span class='ocrx_word' id='word_1_64' title='bbox 553 659 591 690; x_wconf 89' lang='lat' dir='ltr'>et</span> <span class='ocrx_word' id='word_1_65' title='bbox 615 665 666 689; x_wconf 82' lang='lat' dir='ltr'>ex</span> <span class='ocrx_word' id='word_1_66' title='bbox 684 651 973 690; x_wconf 71' lang='lat' dir='ltr'>Are&#39;stolochz&#39;a</span> <span class='ocrx_word' id='word_1_67' title='bbox 993 653 1160 700; x_wconf 74' lang='lat' dir='ltr'>pallida</span> <span class='ocrx_word' id='word_1_68' title='bbox 1183 657 1364 692; x_wconf 75' lang='lat' dir='ltr'>Waldst.</span> <span class='ocrx_word' id='word_1_69' title='bbox 1381 659 1419 691; x_wconf 84' lang='lat' dir='ltr'>et</span> <span class='ocrx_word' id='word_1_70' title='bbox 1436 657 1518 691; x_wconf 85' lang='lat' dir='ltr'>Kit.</span> <span class='ocrx_word' id='word_1_71' title='bbox 1542 666 1614 699; x_wconf 86' lang='lat' dir='ltr'>per</span> <span class='ocrx_word' id='word_1_72' title='bbox 1629 656 1904 703; x_wconf 79' lang='lat' dir='ltr'>Pannoniam,</span> <span class='ocrx_word' id='word_1_73' title='bbox 1935 657 2018 690; x_wconf 80' lang='lat' dir='ltr'>Ita-</span> 
     </span>
     <span class='ocr_line' id='line_1_9' title="bbox 200 711 968 747; baseline 0 0"><span class='ocrx_word' id='word_1_74' title='bbox 200 712 298 747; x_wconf 83' lang='lat' dir='ltr'>liam</span> <span class='ocrx_word' id='word_1_75' title='bbox 316 715 353 747; x_wconf 86' lang='lat' dir='ltr'>et</span> <span class='ocrx_word' id='word_1_76' title='bbox 372 712 583 747; x_wconf 77' lang='lat' dir='ltr'>Graeciam</span> <span class='ocrx_word' id='word_1_77' title='bbox 601 711 731 746; x_wconf 80' lang='lat' dir='ltr'>obviis</span> <span class='ocrx_word' id='word_1_78' title='bbox 750 712 968 747; x_wconf 83' lang='lat' dir='ltr'>derivatur.</span> 
     </span>
    </p>

    <p class='ocr_par' dir='ltr' id='par_1_3' title="bbox 197 764 2079 916">
     <span class='ocr_line' id='line_1_10' title="bbox 337 764 2079 812; baseline -0.002 -8"><span class='ocrx_word' id='word_1_79' title='bbox 337 769 471 804; x_wconf 81' lang='lat' dir='ltr'>Radix</span> <span class='ocrx_word' id='word_1_80' title='bbox 488 764 803 801; x_wconf 75' lang='lat' dir='ltr'><em>Aristolochiae</em></span> <span class='ocrx_word' id='word_1_81' title='bbox 820 765 1106 802; x_wconf 63' lang='lat' dir='ltr'>Pe&#39;stolochi&#39;ae</span> <span class='ocrx_word' id='word_1_82' title='bbox 1121 767 1241 804; x_wconf 89' lang='lat' dir='ltr'>Linn.</span> <span class='ocrx_word' id='word_1_83' title='bbox 1266 767 1595 812; x_wconf 82' lang='lat' dir='ltr'>[Aristolochiae</span> <span class='ocrx_word' id='word_1_84' title='bbox 1612 768 1848 810; x_wconf 82' lang='lat' dir='ltr'>polyrhizae</span> <span class='ocrx_word' id='word_1_85' title='bbox 1866 765 2017 812; x_wconf 61' lang='lat' dir='ltr'>Ostia),</span> <span class='ocrx_word' id='word_1_86' title='bbox 2076 788 2079 791; x_wconf 67' lang='grc'><em>»</em></span> 
     </span>
     <span class='ocr_line' id='line_1_11' title="bbox 197 824 2021 870; baseline 0.001 -12"><span class='ocrx_word' id='word_1_87' title='bbox 197 824 303 859; x_wconf 88' lang='lat' dir='ltr'>inter</span> <span class='ocrx_word' id='word_1_88' title='bbox 331 824 491 867; x_wconf 84' lang='lat' dir='ltr'>species</span> <span class='ocrx_word' id='word_1_89' title='bbox 522 827 722 860; x_wconf 73' lang='lat' dir='ltr'>nostrates</span> <span class='ocrx_word' id='word_1_90' title='bbox 754 826 956 867; x_wconf 83' lang='lat' dir='ltr'>quondam</span> <span class='ocrx_word' id='word_1_91' title='bbox 985 828 1033 861; x_wconf 81' lang='lat' dir='ltr'>ob</span> <span class='ocrx_word' id='word_1_92' title='bbox 1062 827 1226 860; x_wconf 88' lang='lat' dir='ltr'>odorem</span> <span class='ocrx_word' id='word_1_93' title='bbox 1256 825 1522 860; x_wconf 85' lang='lat' dir='ltr'>aromaticum</span> <span class='ocrx_word' id='word_1_94' title='bbox 1545 827 1771 870; x_wconf 82' lang='lat' dir='ltr'>celebrata,</span> <span class='ocrx_word' id='word_1_95' title='bbox 1801 826 1926 867; x_wconf 84' lang='lat' dir='ltr'>plane</span> <span class='ocrx_word' id='word_1_96' title='bbox 1947 832 2021 859; x_wconf 88' lang='lat' dir='ltr'>ex·-</span> 
     </span>
     <span class='ocr_line' id='line_1_12' title="bbox 197 883 1572 916; baseline -0.001 -1"><span class='ocrx_word' id='word_1_97' title='bbox 197 883 305 916; x_wconf 83' lang='lat' dir='ltr'>oleta</span> <span class='ocrx_word' id='word_1_98' title='bbox 327 885 403 916; x_wconf 84' lang='lat' dir='ltr'>est.</span> <span class='ocrx_word' id='word_1_99' title='bbox 1566 904 1572 907; x_wconf 19' lang='grc' dir='ltr'>κ</span> 
     </span>
    </p>

    <p class='ocr_par' dir='ltr' id='par_1_4' title="bbox 197 933 2076 1324">
     <span class='ocr_line' id='line_1_13' title="bbox 340 933 2023 982; baseline 0.001 -13"><span class='ocrx_word' id='word_1_100' title='bbox 340 933 524 971; x_wconf 67' lang='lat' dir='ltr'>sisarum</span> <span class='ocrx_word' id='word_1_101' title='bbox 541 945 793 982; x_wconf 71' lang='lat' dir='ltr'>eur-opaeum</span> <span class='ocrx_word' id='word_1_102' title='bbox 811 937 931 973; x_wconf 87' lang='lat' dir='ltr'>Linn.</span> <span class='ocrx_word' id='word_1_103' title='bbox 955 936 1249 981; x_wconf 77' lang='lat' dir='ltr'>[Haselwurz]</span> <span class='ocrx_word' id='word_1_104' title='bbox 1268 940 1361 973; x_wconf 82' lang='lat' dir='ltr'>ante</span> <span class='ocrx_word' id='word_1_105' title='bbox 1377 938 1589 973; x_wconf 77' lang='lat' dir='ltr'>advectam</span> <span class='ocrx_word' id='word_1_106' title='bbox 1606 946 1658 972; x_wconf 80' lang='lat' dir='ltr'>ex</span> <span class='ocrx_word' id='word_1_107' title='bbox 1672 936 1867 972; x_wconf 85' lang='lat' dir='ltr'>America</span> <span class='ocrx_word' id='word_1_108' title='bbox 1880 937 2023 979; x_wconf 83' lang='lat' dir='ltr'>Ipeca-</span> 
     </span>
     <span class='ocr_line' id='line_1_14' title="bbox 198 983 2076 1039; baseline -0.001 -11"><span class='ocrx_word' id='word_1_109' title='bbox 198 996 399 1028; x_wconf 81' lang='lat' dir='ltr'>cuanham</span> <span class='ocrx_word' id='word_1_110' title='bbox 425 992 582 1028; x_wconf 81' lang='lat' dir='ltr'>emetici</span> <span class='ocrx_word' id='word_1_111' title='bbox 604 993 950 1036; x_wconf 72' lang='lat' dir='ltr'>praestantissimi</span> <span class='ocrx_word' id='word_1_112' title='bbox 971 995 1093 1029; x_wconf 86' lang='lat' dir='ltr'>laude</span> <span class='ocrx_word' id='word_1_113' title='bbox 1117 996 1295 1039; x_wconf 78' lang='lat' dir='ltr'>celebre,</span> <span class='ocrx_word' id='word_1_114' title='bbox 1328 994 1495 1029; x_wconf 86' lang='lat' dir='ltr'>rarioris</span> <span class='ocrx_word' id='word_1_115' title='bbox 1523 994 1640 1029; x_wconf 86' lang='lat' dir='ltr'>hodie</span> <span class='ocrx_word' id='word_1_116' title='bbox 1657 1003 1756 1029; x_wconf 85' lang='lat' dir='ltr'>usus</span> <span class='ocrx_word' id='word_1_117' title='bbox 1774 999 1846 1028; x_wconf 86' lang='lat' dir='ltr'>est.</span> <span class='ocrx_word' id='word_1_118' title='bbox 1906 992 2023 1027; x_wconf 77' lang='lat' dir='ltr'>Fossa</span> <span class='ocrx_word' id='word_1_119' title='bbox 2064 983 2076 995; x_wconf 34' lang='grc' dir='ltr'><strong>Χ</strong></span> 
     </span>
     <span class='ocr_line' id='line_1_15' title="bbox 197 1046 2023 1098; baseline -0.001 -14"><span class='ocrx_word' id='word_1_120' title='bbox 197 1050 370 1084; x_wconf 85' lang='lat' dir='ltr'>contrita</span> <span class='ocrx_word' id='word_1_121' title='bbox 394 1049 550 1091; x_wconf 78' lang='lat' dir='ltr'>pulveri</span> <span class='ocrx_word' id='word_1_122' title='bbox 574 1050 860 1085; x_wconf 86' lang='lat' dir='ltr'>sternutatorio</span> <span class='ocrx_word' id='word_1_123' title='bbox 878 1050 1163 1085; x_wconf 79' lang='lat' dir='ltr'>admiscentur.</span> <span class='ocrx_word' id='word_1_124' title='bbox 1222 1046 1408 1084; x_wconf 71' lang='lat' dir='ltr'>Asaram</span> <span class='ocrx_word' id='word_1_125' title='bbox 1427 1048 1649 1098; x_wconf 60' lang='lat' dir='ltr'>(tt-{foliam</span> <span class='ocrx_word' id='word_1_126' title='bbox 1667 1050 1819 1084; x_wconf 85' lang='lat' dir='ltr'>Michx.</span> <span class='ocrx_word' id='word_1_127' title='bbox 1836 1049 1878 1083; x_wconf 85' lang='lat' dir='ltr'>in</span> <span class='ocrx_word' id='word_1_128' title='bbox 1894 1048 2023 1083; x_wconf 82' lang='lat' dir='ltr'>offici-</span> 
     </span>
     <span class='ocr_line' id='line_1_16' title="bbox 198 1100 2025 1151; baseline -0.002 -10"><span class='ocrx_word' id='word_1_129' title='bbox 198 1105 265 1141; x_wconf 88' lang='lat' dir='ltr'>nis</span> <span class='ocrx_word' id='word_1_130' title='bbox 282 1105 606 1141; x_wconf 73' lang='lat' dir='ltr'>trans-atlanticis</span> <span class='ocrx_word' id='word_1_131' title='bbox 625 1110 800 1151; x_wconf 75' lang='lat' dir='ltr'>prostat,</span> <span class='ocrx_word' id='word_1_132' title='bbox 833 1107 930 1141; x_wconf 87' lang='lat' dir='ltr'>olim</span> <span class='ocrx_word' id='word_1_133' title='bbox 946 1105 1232 1149; x_wconf 77' lang='lat' dir='ltr'>serpentariae</span> <span class='ocrx_word' id='word_1_134' title='bbox 1248 1108 1336 1140; x_wconf 81' lang='lat' dir='ltr'>loco</span> <span class='ocrx_word' id='word_1_135' title='bbox 1354 1107 1396 1141; x_wconf 89' lang='lat' dir='ltr'>in</span> <span class='ocrx_word' id='word_1_136' title='bbox 1412 1106 1606 1149; x_wconf 77' lang='lat' dir='ltr'>Angli-ain</span> <span class='ocrx_word' id='word_1_137' title='bbox 1623 1107 1852 1141; x_wconf 81' lang='lat' dir='ltr'>advectum.</span> <span class='ocrx_word' id='word_1_138' title='bbox 1892 1100 2025 1138; x_wconf 72' lang='lat' dir='ltr'>Asccri</span> 
     </span>
     <span class='ocr_line' id='line_1_17' title="bbox 199 1159 2023 1206; baseline 0.001 -12"><span class='ocrx_word' id='word_1_139' title='bbox 199 1159 451 1196; x_wconf 59' lang='lat' dir='ltr'>cumaclensis</span> <span class='ocrx_word' id='word_1_140' title='bbox 482 1162 600 1196; x_wconf 89' lang='lat' dir='ltr'>Linn.</span> <span class='ocrx_word' id='word_1_141' title='bbox 626 1160 807 1204; x_wconf 81' lang='lat' dir='ltr'>[Indiam</span> <span class='ocrx_word' id='word_1_142' title='bbox 832 1163 1003 1206; x_wconf 82' lang='lat' dir='ltr'>Ginger]</span> <span class='ocrx_word' id='word_1_143' title='bbox 1034 1163 1077 1197; x_wconf 89' lang='lat' dir='ltr'>in</span> <span class='ocrx_word' id='word_1_144' title='bbox 1108 1161 1246 1197; x_wconf 85' lang='lat' dir='ltr'>trismo</span> <span class='ocrx_word' id='word_1_145' title='bbox 1269 1163 1526 1197; x_wconf 83' lang='lat' dir='ltr'>nascentium</span> <span class='ocrx_word' id='word_1_146' title='bbox 1550 1165 1588 1197; x_wconf 86' lang='lat' dir='ltr'>et</span> <span class='ocrx_word' id='word_1_147' title='bbox 1610 1162 1716 1196; x_wconf 84' lang='lat' dir='ltr'>inter</span> <span class='ocrx_word' id='word_1_148' title='bbox 1740 1161 1916 1196; x_wconf 82' lang='lat' dir='ltr'>remedia</span> <span class='ocrx_word' id='word_1_149' title='bbox 1938 1170 2023 1196; x_wconf 88' lang='lat' dir='ltr'>em-</span> 
     </span>
     <span class='ocr_line' id='line_1_18' title="bbox 199 1216 2023 1264; baseline -0.001 -10"><span class='ocrx_word' id='word_1_150' title='bbox 199 1226 428 1262; x_wconf 83' lang='lat' dir='ltr'>menagoga</span> <span class='ocrx_word' id='word_1_151' title='bbox 452 1217 640 1260; x_wconf 83' lang='lat' dir='ltr'>frequens</span> <span class='ocrx_word' id='word_1_152' title='bbox 664 1219 772 1261; x_wconf 84' lang='lat' dir='ltr'>apud</span> <span class='ocrx_word' id='word_1_153' title='bbox 794 1219 1013 1264; x_wconf 75' lang='lat' dir='ltr'>Alliericae</span> <span class='ocrx_word' id='word_1_154' title='bbox 1043 1218 1221 1254; x_wconf 79' lang='lat' dir='ltr'>boreaHs</span> <span class='ocrx_word' id='word_1_155' title='bbox 1251 1219 1427 1254; x_wconf 87' lang='lat' dir='ltr'>medicos</span> <span class='ocrx_word' id='word_1_156' title='bbox 1452 1227 1567 1254; x_wconf 87' lang='lat' dir='ltr'>usus.</span> <span class='ocrx_word' id='word_1_157' title='bbox 1625 1219 1777 1253; x_wconf 83' lang='lat' dir='ltr'>Planta</span> <span class='ocrx_word' id='word_1_158' title='bbox 1792 1216 2023 1261; x_wconf 82' lang='lat' dir='ltr'>Zingiberis</span> 
     </span>
     <span class='ocr_line' id='line_1_19' title="bbox 201 1274 1232 1324; baseline 0 -14"><span class='ocrx_word' id='word_1_159' title='bbox 201 1283 341 1310; x_wconf 83' lang='lat' dir='ltr'>aroma</span> <span class='ocrx_word' id='word_1_160' title='bbox 357 1275 565 1324; x_wconf 85' lang='lat' dir='ltr'>redolens,</span> <span class='ocrx_word' id='word_1_161' title='bbox 596 1274 691 1311; x_wconf 89' lang='lat' dir='ltr'>vino</span> <span class='ocrx_word' id='word_1_162' title='bbox 709 1278 746 1311; x_wconf 88' lang='lat' dir='ltr'>et</span> <span class='ocrx_word' id='word_1_163' title='bbox 761 1275 865 1311; x_wconf 81' lang='lat' dir='ltr'>cibis</span> <span class='ocrx_word' id='word_1_164' title='bbox 882 1275 1100 1312; x_wconf 83' lang='lat' dir='ltr'>admisceri</span> <span class='ocrx_word' id='word_1_165' title='bbox 1115 1277 1232 1311; x_wconf 79' lang='lat' dir='ltr'>solet&#39;.</span> 
     </span>
    </p>
   </div>
   <div class='ocr_carea' id='block_1_3' title="bbox 671 1410 1552 1468">
    <p class='ocr_par' dir='ltr' id='par_1_5' title="bbox 671 1410 1552 1468">
     <span class='ocr_line' id='line_1_20' title="bbox 671 1410 1552 1468; baseline -0.005 -11"><span class='ocrx_word' id='word_1_166' title='bbox 671 1411 844 1457; x_wconf 74' lang='lat' dir='ltr'>ordo</span> <span class='ocrx_word' id='word_1_167' title='bbox 877 1410 1051 1468; x_wconf 59' lang='lat' dir='ltr'>CXV,</span> <span class='ocrx_word' id='word_1_168' title='bbox 1117 1410 1552 1468; x_wconf 79' lang='lat' dir='ltr'>Nepentheae.</span> 
     </span>
    </p>
   </div>
   <div class='ocr_carea' id='block_1_4' title="bbox 201 1511 2027 3557">
    <p class='ocr_par' dir='ltr' id='par_1_6' title="bbox 201 1511 2027 3557">
     <span class='ocr_line' id='line_1_21' title="bbox 344 1511 2021 1573; baseline -0.002 -13"><span class='ocrx_word' id='word_1_169' title='bbox 344 1513 551 1560; x_wconf 77' lang='lat' dir='ltr'>Plantae</span> <span class='ocrx_word' id='word_1_170' title='bbox 581 1513 937 1570; x_wconf 84' lang='lat' dir='ltr'>suffruticosae,</span> <span class='ocrx_word' id='word_1_171' title='bbox 971 1513 1104 1560; x_wconf 84' lang='lat' dir='ltr'>caule</span> <span class='ocrx_word' id='word_1_172' title='bbox 1138 1511 1447 1559; x_wconf 83' lang='lat' dir='ltr'>decumbente</span> <span class='ocrx_word' id='word_1_173' title='bbox 1473 1528 1516 1558; x_wconf 91' lang='lat' dir='ltr'>v.</span> <span class='ocrx_word' id='word_1_174' title='bbox 1542 1519 1860 1569; x_wconf 88' lang='lat' dir='ltr'>sarmentoso‚</span> <span class='ocrx_word' id='word_1_175' title='bbox 1894 1511 2021 1573; x_wconf 85' lang='lat' dir='ltr'>ligno</span> 
     </span>
     <span class='ocr_line' id='line_1_22' title="bbox 201 1579 2025 1646; baseline -0.001 -15"><span class='ocrx_word' id='word_1_176' title='bbox 201 1592 429 1640; x_wconf 84' lang='lat' dir='ltr'>ezonato,</span> <span class='ocrx_word' id='word_1_177' title='bbox 483 1599 701 1630; x_wconf 87' lang='lat' dir='ltr'>vasorum</span> <span class='ocrx_word' id='word_1_178' title='bbox 736 1585 984 1646; x_wconf 81' lang='lat' dir='ltr'>¹spiralium</span> <span class='ocrx_word' id='word_1_179' title='bbox 1030 1584 1270 1630; x_wconf 82' lang='lat' dir='ltr'>fasciculis</span> <span class='ocrx_word' id='word_1_180' title='bbox 1318 1581 1599 1640; x_wconf 81' lang='lat' dir='ltr'>numerosis,</span> <span class='ocrx_word' id='word_1_181' title='bbox 1645 1598 1733 1644; x_wconf 90' lang='lat' dir='ltr'>per</span> <span class='ocrx_word' id='word_1_182' title='bbox 1778 1579 2025 1629; x_wconf 82' lang='lat' dir='ltr'>medullam</span> 
     </span>
     <span class='ocr_line' id='line_1_23' title="bbox 203 1650 2020 1717; baseline -0.002 -16"><span class='ocrx_word' id='word_1_183' title='bbox 203 1663 255 1701; x_wconf 87' lang='lat' dir='ltr'>et</span> <span class='ocrx_word' id='word_1_184' title='bbox 293 1654 457 1700; x_wconf 89' lang='lat' dir='ltr'>librum</span> <span class='ocrx_word' id='word_1_185' title='bbox 504 1655 702 1717; x_wconf 83' lang='lat' dir='ltr'>sparsis,</span> <span class='ocrx_word' id='word_1_186' title='bbox 751 1671 923 1717; x_wconf 87' lang='lat' dir='ltr'>corpus</span> <span class='ocrx_word' id='word_1_187' title='bbox 971 1655 1200 1717; x_wconf 85' lang='lat' dir='ltr'>lignosum</span> <span class='ocrx_word' id='word_1_188' title='bbox 1248 1654 1343 1701; x_wconf 88' lang='lat' dir='ltr'>lato</span> <span class='ocrx_word' id='word_1_189' title='bbox 1391 1653 1561 1700; x_wconf 88' lang='lat' dir='ltr'>annulo</span> <span class='ocrx_word' id='word_1_190' title='bbox 1608 1650 2020 1698; x_wconf 82' lang='lat' dir='ltr'>circumdantibus.</span> 
     </span>
     <span class='ocr_line' id='line_1_24' title="bbox 203 1722 2021 1787; baseline -0.002 -15"><span class='ocrx_word' id='word_1_191' title='bbox 203 1726 346 1773; x_wconf 70' lang='lat' dir='ltr'>Folia</span> <span class='ocrx_word' id='word_1_192' title='bbox 385 1725 590 1782; x_wconf 69' lang='lat' dir='ltr'>alterna,</span> <span class='ocrx_word' id='word_1_193' title='bbox 636 1727 817 1787; x_wconf 72' lang='lat' dir='ltr'>petz&#39;ole&#39;</span> <span class='ocrx_word' id='word_1_194' title='bbox 850 1724 1301 1782; x_wconf 87' lang='lat' dir='ltr'>foliaceo-dilatati,</span> <span class='ocrx_word' id='word_1_195' title='bbox 1350 1724 1627 1781; x_wconf 82' lang='lat' dir='ltr'>lanceolati,</span> <span class='ocrx_word' id='word_1_196' title='bbox 1668 1724 1880 1778; x_wconf 81' lang='lat' dir='ltr'>nervosi,</span> <span class='ocrx_word' id='word_1_197' title='bbox 1922 1722 2021 1769; x_wconf 88' lang='lat' dir='ltr'>basi</span> 
     </span>
     <span class='ocr_line' id='line_1_25' title="bbox 205 1793 2021 1860; baseline -0.001 -19"><span class='ocrx_word' id='word_1_198' title='bbox 205 1796 532 1857; x_wconf 82' lang='lat' dir='ltr'>angustissima</span> <span class='ocrx_word' id='word_1_199' title='bbox 565 1795 838 1842; x_wconf 84' lang='lat' dir='ltr'>brevissima</span> <span class='ocrx_word' id='word_1_200' title='bbox 869 1797 1167 1859; x_wconf 85' lang='lat' dir='ltr'>vaginantes,</span> <span class='ocrx_word' id='word_1_201' title='bbox 1217 1795 1374 1842; x_wconf 88' lang='lat' dir='ltr'>cirrho</span> <span class='ocrx_word' id='word_1_202' title='bbox 1408 1794 1606 1860; x_wconf 82' lang='lat' dir='ltr'>simplici</span> <span class='ocrx_word' id='word_1_203' title='bbox 1637 1810 1679 1840; x_wconf 88' lang='lat' dir='ltr'>v.</span> <span class='ocrx_word' id='word_1_204' title='bbox 1711 1794 1758 1839; x_wconf 92' lang='lat' dir='ltr'>in</span> <span class='ocrx_word' id='word_1_205' title='bbox 1797 1793 2021 1840; x_wconf 86' lang='lat' dir='ltr'>ascidium</span> 
     </span>
     <span class='ocr_line' id='line_1_26' title="bbox 205 1863 2020 1929; baseline -0.002 -16"><span class='ocrx_word' id='word_1_206' title='bbox 205 1866 406 1929; x_wconf 87' lang='lat' dir='ltr'>amplum</span> <span class='ocrx_word' id='word_1_207' title='bbox 461 1865 655 1913; x_wconf 78' lang='lat' dir='ltr'>dilatato</span> <span class='ocrx_word' id='word_1_208' title='bbox 709 1868 968 1924; x_wconf 87' lang='lat' dir='ltr'>terminati,</span> <span class='ocrx_word' id='word_1_209' title='bbox 1031 1868 1211 1914; x_wconf 70' lang='lat' dir='ltr'>lamina</span> <span class='ocrx_word' id='word_1_210' title='bbox 1265 1882 1368 1913; x_wconf 89' lang='lat' dir='ltr'>cum</span> <span class='ocrx_word' id='word_1_211' title='bbox 1414 1863 1581 1911; x_wconf 88' lang='lat' dir='ltr'>ascidii</span> <span class='ocrx_word' id='word_1_212' title='bbox 1628 1880 1711 1910; x_wconf 86' lang='lat' dir='ltr'>ora</span> <span class='ocrx_word' id='word_1_213' title='bbox 1757 1864 2020 1921; x_wconf 83' lang='lat' dir='ltr'>articulata,</span> 
     </span>
     <span class='ocr_line' id='line_1_27' title="bbox 206 1935 2026 2000; baseline -0.002 -17"><span class='ocrx_word' id='word_1_214' title='bbox 206 1935 321 1983; x_wconf 91' lang='lat' dir='ltr'>illud</span> <span class='ocrx_word' id='word_1_215' title='bbox 351 1936 621 1984; x_wconf 88' lang='lat' dir='ltr'>recludens.</span> <span class='ocrx_word' id='word_1_216' title='bbox 698 1939 870 1984; x_wconf 73' lang='lat' dir='ltr'>Flores</span> <span class='ocrx_word' id='word_1_217' title='bbox 900 1937 1196 2000; x_wconf 84' lang='lat' dir='ltr'>imperfecti,</span> <span class='ocrx_word' id='word_1_218' title='bbox 1233 1936 1439 2000; x_wconf 88' lang='lat' dir='ltr'>plurimi,</span> <span class='ocrx_word' id='word_1_219' title='bbox 1475 1937 1521 1981; x_wconf 92' lang='lat' dir='ltr'>in</span> <span class='ocrx_word' id='word_1_220' title='bbox 1552 1950 1788 1981; x_wconf 82' lang='lat' dir='ltr'>racemum</span> <span class='ocrx_word' id='word_1_221' title='bbox 1819 1951 1862 1981; x_wconf 88' lang='lat' dir='ltr'>v.</span> <span class='ocrx_word' id='word_1_222' title='bbox 1894 1935 2026 1996; x_wconf 86' lang='lat' dir='ltr'>pani-</span> 
     </span>
     <span class='ocr_line' id='line_1_28' title="bbox 207 2004 2024 2066; baseline -0.002 -12"><span class='ocrx_word' id='word_1_223' title='bbox 207 2008 356 2054; x_wconf 87' lang='lat' dir='ltr'>culam</span> <span class='ocrx_word' id='word_1_224' title='bbox 389 2008 789 2065; x_wconf 84' lang='lat' dir='ltr'>subterminalem‚</span> <span class='ocrx_word' id='word_1_225' title='bbox 837 2017 1174 2055; x_wconf 87' lang='lat' dir='ltr'>succrescente</span> <span class='ocrx_word' id='word_1_226' title='bbox 1209 2008 1342 2054; x_wconf 89' lang='lat' dir='ltr'>caule</span> <span class='ocrx_word' id='word_1_227' title='bbox 1374 2004 1560 2053; x_wconf 86' lang='lat' dir='ltr'>tandem</span> <span class='ocrx_word' id='word_1_228' title='bbox 1593 2006 1834 2051; x_wconf 82' lang='lat' dir='ltr'>lateralem</span> <span class='ocrx_word' id='word_1_229' title='bbox 1867 2004 2024 2066; x_wconf 87' lang='lat' dir='ltr'>dispo-</span> 
     </span>
     <span class='ocr_line' id='line_1_29' title="bbox 208 2076 2025 2141; baseline -0.002 -17"><span class='ocrx_word' id='word_1_230' title='bbox 208 2080 300 2124; x_wconf 82' lang='lat' dir='ltr'>siti.</span> <span class='ocrx_word' id='word_1_231' title='bbox 368 2078 594 2126; x_wconf 73' lang='lat' dir='ltr'>Floribus</span> <span class='ocrx_word' id='word_1_232' title='bbox 622 2076 966 2140; x_wconf 57' lang='lat' dir='ltr'>stamzbziserz&#39;s:</span> <span class='ocrx_word' id='word_1_233' title='bbox 995 2080 1307 2141; x_wconf 66' lang='lat' dir='ltr'>Perz&#39;gonz&#39;um</span> <span class='ocrx_word' id='word_1_234' title='bbox 1338 2077 1560 2139; x_wconf 79' lang='lat' dir='ltr'>simplex,</span> <span class='ocrx_word' id='word_1_235' title='bbox 1593 2076 1878 2139; x_wconf 69' lang='lat' dir='ltr'>calycinum,</span> <span class='ocrx_word' id='word_1_236' title='bbox 1912 2091 2025 2137; x_wconf 84' lang='lat' dir='ltr'>qua-</span> 
     </span>
     <span class='ocr_line' id='line_1_30' title="bbox 208 2146 2025 2211; baseline -0.003 -15"><span class='ocrx_word' id='word_1_237' title='bbox 208 2148 522 2211; x_wconf 86' lang='lat' dir='ltr'>dripartitum,</span> <span class='ocrx_word' id='word_1_238' title='bbox 583 2149 766 2194; x_wconf 82' lang='lat' dir='ltr'>laciniis</span> <span class='ocrx_word' id='word_1_239' title='bbox 811 2149 1069 2206; x_wconf 87' lang='lat' dir='ltr'>subovatis,</span> <span class='ocrx_word' id='word_1_240' title='bbox 1133 2158 1267 2196; x_wconf 84' lang='lat' dir='ltr'>extus</span> <span class='ocrx_word' id='word_1_241' title='bbox 1316 2149 1526 2203; x_wconf 84' lang='lat' dir='ltr'>hirsutis,</span> <span class='ocrx_word' id='word_1_242' title='bbox 1589 2147 1709 2192; x_wconf 87' lang='lat' dir='ltr'>intus</span> <span class='ocrx_word' id='word_1_243' title='bbox 1762 2146 2025 2192; x_wconf 85' lang='lat' dir='ltr'>foveolato-</span> 
     </span>
     <span class='ocr_line' id='line_1_31' title="bbox 209 2215 2025 2283; baseline -0.003 -16"><span class='ocrx_word' id='word_1_244' title='bbox 209 2221 486 2283; x_wconf 85' lang='lat' dir='ltr'>exsculptis,</span> <span class='ocrx_word' id='word_1_245' title='bbox 535 2220 843 2266; x_wconf 86' lang='lat' dir='ltr'>aestivatione</span> <span class='ocrx_word' id='word_1_246' title='bbox 876 2220 1138 2266; x_wconf 81' lang='lat' dir='ltr'>alternatim</span> <span class='ocrx_word' id='word_1_247' title='bbox 1171 2219 1449 2274; x_wconf 79' lang='lat' dir='ltr'>imbricatis,</span> <span class='ocrx_word' id='word_1_248' title='bbox 1499 2216 1675 2263; x_wconf 88' lang='lat' dir='ltr'>duabus</span> <span class='ocrx_word' id='word_1_249' title='bbox 1708 2215 2025 2275; x_wconf 75' lang='lat' dir='ltr'>exterioribus</span> 
     </span>
     <span class='ocr_line' id='line_1_32' title="bbox 210 2286 2027 2354; baseline -0.002 -18"><span class='ocrx_word' id='word_1_250' title='bbox 210 2290 366 2354; x_wconf 89' lang='lat' dir='ltr'>paullo</span> <span class='ocrx_word' id='word_1_251' title='bbox 399 2289 673 2352; x_wconf 88' lang='lat' dir='ltr'>majoribus.</span> <span class='ocrx_word' id='word_1_252' title='bbox 751 2291 972 2336; x_wconf 73' lang='lat' dir='ltr'>Stamina</span> <span class='ocrx_word' id='word_1_253' title='bbox 1004 2291 1049 2335; x_wconf 90' lang='lat' dir='ltr'>in</span> <span class='ocrx_word' id='word_1_254' title='bbox 1082 2290 1340 2336; x_wconf 83' lang='lat' dir='ltr'>columnam</span> <span class='ocrx_word' id='word_1_255' title='bbox 1365 2288 1654 2344; x_wconf 87' lang='lat' dir='ltr'>-centralem‚</span> <span class='ocrx_word' id='word_1_256' title='bbox 1688 2286 1880 2333; x_wconf 85' lang='lat' dir='ltr'>solidam</span> <span class='ocrx_word' id='word_1_257' title='bbox 1914 2302 2027 2332; x_wconf 85' lang='lat' dir='ltr'>coa·-</span> 
     </span>
     <span class='ocr_line' id='line_1_33' title="bbox 209 2357 2024 2421; baseline -0.002 -15"><span class='ocrx_word' id='word_1_258' title='bbox 209 2361 313 2418; x_wconf 88' lang='lat' dir='ltr'>lita,</span> <span class='ocrx_word' id='word_1_259' title='bbox 355 2362 593 2409; x_wconf 73' lang='lat' dir='ltr'>antherae</span> <span class='ocrx_word' id='word_1_260' title='bbox 626 2361 819 2407; x_wconf 83' lang='lat' dir='ltr'>circiter</span> <span class='ocrx_word' id='word_1_261' title='bbox 850 2359 1080 2417; x_wconf 87' lang='lat' dir='ltr'>sedecim,</span> <span class='ocrx_word' id='word_1_262' title='bbox 1130 2369 1402 2415; x_wconf 81' lang='lat' dir='ltr'>extrorsae,</span> <span class='ocrx_word' id='word_1_263' title='bbox 1452 2360 1498 2404; x_wconf 91' lang='lat' dir='ltr'>in</span> <span class='ocrx_word' id='word_1_264' title='bbox 1531 2357 1781 2421; x_wconf 83' lang='lat' dir='ltr'>capitulum</span> <span class='ocrx_word' id='word_1_265' title='bbox 1813 2357 2024 2420; x_wconf 88' lang='lat' dir='ltr'>sphaeri-</span> 
     </span>
     <span class='ocr_line' id='line_1_34' title="bbox 210 2426 2027 2494; baseline -0.003 -16"><span class='ocrx_word' id='word_1_266' title='bbox 210 2448 312 2478; x_wconf 91' lang='lat' dir='ltr'>cum</span> <span class='ocrx_word' id='word_1_267' title='bbox 346 2440 623 2494; x_wconf 83' lang='lat' dir='ltr'>congestae,</span> <span class='ocrx_word' id='word_1_268' title='bbox 663 2431 970 2488; x_wconf 86' lang='lat' dir='ltr'>biloculares,</span> <span class='ocrx_word' id='word_1_269' title='bbox 1018 2431 1185 2477; x_wconf 90' lang='lat' dir='ltr'>loculis</span> <span class='ocrx_word' id='word_1_270' title='bbox 1220 2431 1439 2492; x_wconf 77' lang='lat' dir='ltr'>contigue</span> <span class='ocrx_word' id='word_1_271' title='bbox 1473 2429 1723 2491; x_wconf 83' lang='lat' dir='ltr'>appositis,</span> <span class='ocrx_word' id='word_1_272' title='bbox 1770 2426 2027 2491; x_wconf 88' lang='lat' dir='ltr'>longitudi-</span> 
     </span>
     <span class='ocr_line' id='line_1_35' title="bbox 208 2499 2024 2565; baseline -0.002 -17"><span class='ocrx_word' id='word_1_273' title='bbox 208 2503 380 2549; x_wconf 86' lang='lat' dir='ltr'>naliter</span> <span class='ocrx_word' id='word_1_274' title='bbox 418 2501 787 2549; x_wconf 86' lang='lat' dir='ltr'>dehiscentibus.</span> <span class='ocrx_word' id='word_1_275' title='bbox 876 2502 1103 2549; x_wconf 71' lang='lat' dir='ltr'>Floribus</span> <span class='ocrx_word' id='word_1_276' title='bbox 1142 2502 1481 2565; x_wconf 73' lang='lat' dir='ltr'>pc&#39;slz&#39;lle&#39;gerz&#39;s:</span> <span class='ocrx_word' id='word_1_277' title='bbox 1535 2501 1847 2560; x_wconf 62' lang='lat' dir='ltr'>Peregom&#39;um</span> <span class='ocrx_word' id='word_1_278' title='bbox 1886 2507 1936 2545; x_wconf 90' lang='lat' dir='ltr'>ut</span> <span class='ocrx_word' id='word_1_279' title='bbox 1976 2499 2024 2544; x_wconf 90' lang='lat' dir='ltr'>in</span> 
     </span>
     <span class='ocr_line' id='line_1_36' title="bbox 207 2569 2025 2634; baseline -0.002 -16"><span class='ocrx_word' id='word_1_280' title='bbox 207 2573 526 2620; x_wconf 82' lang='lat' dir='ltr'>staminiferiS.</span> <span class='ocrx_word' id='word_1_281' title='bbox 619 2574 819 2619; x_wconf 74' lang='lat' dir='ltr'>Germen</span> <span class='ocrx_word' id='word_1_282' title='bbox 867 2572 1084 2628; x_wconf 88' lang='lat' dir='ltr'>liberum,</span> <span class='ocrx_word' id='word_1_283' title='bbox 1139 2581 1459 2634; x_wconf 86' lang='lat' dir='ltr'>tetragonum,</span> <span class='ocrx_word' id='word_1_284' title='bbox 1515 2569 1869 2633; x_wconf 83' lang='lat' dir='ltr'>tetraphyllum,</span> <span class='ocrx_word' id='word_1_285' title='bbox 1920 2585 2025 2616; x_wconf 84' lang='lat' dir='ltr'>car-</span> 
     </span>
     <span class='ocr_line' id='line_1_37' title="bbox 208 2639 2026 2708; baseline -0.003 -18"><span class='ocrx_word' id='word_1_286' title='bbox 208 2643 441 2708; x_wconf 81' lang='lat' dir='ltr'>pophyllis</span> <span class='ocrx_word' id='word_1_287' title='bbox 472 2643 710 2705; x_wconf 87' lang='lat' dir='ltr'>perigonii</span> <span class='ocrx_word' id='word_1_288' title='bbox 743 2643 861 2690; x_wconf 88' lang='lat' dir='ltr'>lobis</span> <span class='ocrx_word' id='word_1_289' title='bbox 894 2643 1144 2705; x_wconf 85' lang='lat' dir='ltr'>oppositis,</span> <span class='ocrx_word' id='word_1_290' title='bbox 1176 2643 1390 2690; x_wconf 80' lang='lat' dir='ltr'>valvatim</span> <span class='ocrx_word' id='word_1_291' title='bbox 1425 2641 1661 2698; x_wconf 85' lang='lat' dir='ltr'>connatis,</span> <span class='ocrx_word' id='word_1_292' title='bbox 1693 2639 1848 2686; x_wconf 89' lang='lat' dir='ltr'>medio</span> <span class='ocrx_word' id='word_1_293' title='bbox 1881 2640 2026 2702; x_wconf 88' lang='lat' dir='ltr'>septi-</span> 
     </span>
     <span class='ocr_line' id='line_1_38' title="bbox 208 2711 2025 2777; baseline -0.003 -17"><span class='ocrx_word' id='word_1_294' title='bbox 208 2715 322 2761; x_wconf 86' lang='lat' dir='ltr'>feris</span> <span class='ocrx_word' id='word_1_295' title='bbox 357 2713 755 2777; x_wconf 85' lang='lat' dir='ltr'>quadriloculare,</span> <span class='ocrx_word' id='word_1_296' title='bbox 791 2714 1004 2761; x_wconf 87' lang='lat' dir='ltr'>columna</span> <span class='ocrx_word' id='word_1_297' title='bbox 1037 2713 1236 2760; x_wconf 87' lang='lat' dir='ltr'>centrali</span> <span class='ocrx_word' id='word_1_298' title='bbox 1267 2713 1409 2759; x_wconf 86' lang='lat' dir='ltr'>nulla.</span> <span class='ocrx_word' id='word_1_299' title='bbox 1481 2711 1751 2758; x_wconf 77' lang='lat' dir='ltr'>Gemmnlae</span> <span class='ocrx_word' id='word_1_300' title='bbox 1781 2711 2025 2774; x_wconf 79' lang='lat' dir='ltr'>plurimae,</span> 
     </span>
     <span class='ocr_line' id='line_1_39' title="bbox 211 2780 2026 2848; baseline -0.003 -17"><span class='ocrx_word' id='word_1_301' title='bbox 211 2786 356 2848; x_wconf 86' lang='lat' dir='ltr'>septis</span> <span class='ocrx_word' id='word_1_302' title='bbox 403 2786 618 2848; x_wconf 84' lang='lat' dir='ltr'>utrinque</span> <span class='ocrx_word' id='word_1_303' title='bbox 665 2785 908 2848; x_wconf 82' lang='lat' dir='ltr'>multiplici</span> <span class='ocrx_word' id='word_1_304' title='bbox 953 2785 1078 2831; x_wconf 91' lang='lat' dir='ltr'>serie</span> <span class='ocrx_word' id='word_1_305' title='bbox 1124 2785 1352 2840; x_wconf 79' lang='lat' dir='ltr'>insertae,</span> <span class='ocrx_word' id='word_1_306' title='bbox 1399 2780 1762 2829; x_wconf 78' lang='lat' dir='ltr'>adscendentes,</span> <span class='ocrx_word' id='word_1_307' title='bbox 1837 2781 2026 2842; x_wconf 63' lang='lat' dir='ltr'>Sagala</span> 
     </span>
     <span class='ocr_line' id='line_1_40' title="bbox 210 2850 2026 2916; baseline -0.003 -14"><span class='ocrx_word' id='word_1_308' title='bbox 210 2857 399 2912; x_wconf 80' lang='lat' dir='ltr'>sessile,</span> <span class='ocrx_word' id='word_1_309' title='bbox 447 2854 762 2913; x_wconf 84' lang='lat' dir='ltr'>discoideum,</span> <span class='ocrx_word' id='word_1_310' title='bbox 811 2856 1026 2902; x_wconf 86' lang='lat' dir='ltr'>obsolete</span> <span class='ocrx_word' id='word_1_311' title='bbox 1060 2855 1304 2901; x_wconf 84' lang='lat' dir='ltr'>cruciatim</span> <span class='ocrx_word' id='word_1_312' title='bbox 1337 2851 1682 2916; x_wconf 83' lang='lat' dir='ltr'>quadrilobum,</span> <span class='ocrx_word' id='word_1_313' title='bbox 1730 2850 1848 2897; x_wconf 88' lang='lat' dir='ltr'>lobis</span> <span class='ocrx_word' id='word_1_314' title='bbox 1881 2850 2026 2913; x_wconf 88' lang='lat' dir='ltr'>septis</span> 
     </span>
     <span class='ocr_line' id='line_1_41' title="bbox 210 2924 2026 2991; baseline -0.003 -18"><span class='ocrx_word' id='word_1_315' title='bbox 210 2925 618 2991; x_wconf 86' lang='lat' dir='ltr'>respondentibus.</span> <span class='ocrx_word' id='word_1_316' title='bbox 695 2927 905 2988; x_wconf 77' lang='lat' dir='ltr'>Capsula</span> <span class='ocrx_word' id='word_1_317' title='bbox 945 2927 1189 2982; x_wconf 87' lang='lat' dir='ltr'>coriacea,</span> <span class='ocrx_word' id='word_1_318' title='bbox 1237 2924 1756 2985; x_wconf 85' lang='lat' dir='ltr'>oblongo-tetragona,</span> <span class='ocrx_word' id='word_1_319' title='bbox 1796 2929 2026 2979; x_wconf 88' lang='lat' dir='ltr'>truncata,</span> 
     </span>
     <span class='ocr_line' id='line_1_42' title="bbox 210 2991 2026 3060; baseline -0.003 -17"><span class='ocrx_word' id='word_1_320' title='bbox 210 2998 428 3059; x_wconf 84' lang='lat' dir='ltr'>stigmate</span> <span class='ocrx_word' id='word_1_321' title='bbox 462 3004 708 3053; x_wconf 89' lang='lat' dir='ltr'>coronata,</span> <span class='ocrx_word' id='word_1_322' title='bbox 752 2994 1162 3060; x_wconf 84' lang='lat' dir='ltr'>quadrilocularis,</span> <span class='ocrx_word' id='word_1_323' title='bbox 1213 2991 1465 3040; x_wconf 89' lang='lat' dir='ltr'>loculicide</span> <span class='ocrx_word' id='word_1_324' title='bbox 1499 2991 1831 3055; x_wconf 84' lang='lat' dir='ltr'>quadrivalvis,</span> <span class='ocrx_word' id='word_1_325' title='bbox 1879 2991 2026 3038; x_wconf 82' lang='lat' dir='ltr'>valvis</span> 
     </span>
     <span class='ocr_line' id='line_1_43' title="bbox 212 3061 2025 3130; baseline -0.003 -17"><span class='ocrx_word' id='word_1_326' title='bbox 212 3066 366 3113; x_wconf 88' lang='lat' dir='ltr'>medio</span> <span class='ocrx_word' id='word_1_327' title='bbox 407 3076 537 3130; x_wconf 88' lang='lat' dir='ltr'>septa</span> <span class='ocrx_word' id='word_1_328' title='bbox 583 3066 836 3129; x_wconf 86' lang='lat' dir='ltr'>simplicia,</span> <span class='ocrx_word' id='word_1_329' title='bbox 899 3065 1112 3112; x_wconf 88' lang='lat' dir='ltr'>faciebus</span> <span class='ocrx_word' id='word_1_330' title='bbox 1156 3067 1372 3127; x_wconf 89' lang='lat' dir='ltr'>utrinque</span> <span class='ocrx_word' id='word_1_331' title='bbox 1419 3064 1690 3109; x_wconf 88' lang='lat' dir='ltr'>seminifera</span> <span class='ocrx_word' id='word_1_332' title='bbox 1735 3061 2025 3125; x_wconf 83' lang='lat' dir='ltr'>gerentibus.</span> 
     </span>
     <span class='ocr_line' id='line_1_44' title="bbox 211 3133 2026 3199; baseline -0.003 -15"><span class='ocrx_word' id='word_1_333' title='bbox 211 3139 406 3185; x_wconf 74' lang='lat' dir='ltr'>Semina</span> <span class='ocrx_word' id='word_1_334' title='bbox 444 3137 943 3199; x_wconf 65' lang='lat' dir='ltr'>plurima,=.sept0rum</span> <span class='ocrx_word' id='word_1_335' title='bbox 983 3136 1242 3199; x_wconf 86' lang='lat' dir='ltr'>parietibus</span> <span class='ocrx_word' id='word_1_336' title='bbox 1280 3133 1579 3180; x_wconf 88' lang='lat' dir='ltr'>immediatim</span> <span class='ocrx_word' id='word_1_337' title='bbox 1618 3133 1862 3196; x_wconf 84' lang='lat' dir='ltr'>multiplici</span> <span class='ocrx_word' id='word_1_338' title='bbox 1901 3133 2026 3179; x_wconf 85' lang='lat' dir='ltr'>serie</span> 
     </span>
     <span class='ocr_line' id='line_1_45' title="bbox 211 3204 2026 3269; baseline -0.004 -14"><span class='ocrx_word' id='word_1_339' title='bbox 211 3208 374 3265; x_wconf 80' lang='lat' dir='ltr'>affixa,</span> <span class='ocrx_word' id='word_1_340' title='bbox 409 3208 960 3269; x_wconf 84' lang='lat' dir='ltr'>elongato-fusiformia,</span> <span class='ocrx_word' id='word_1_341' title='bbox 996 3204 1358 3264; x_wconf 87' lang='lat' dir='ltr'>adscendentia,</span> <span class='ocrx_word' id='word_1_342' title='bbox 1390 3205 1657 3260; x_wconf 84' lang='lat' dir='ltr'>imbricata,</span> <span class='ocrx_word' id='word_1_343' title='bbox 1698 3205 2026 3265; x_wconf 74' lang='lat' dir='ltr'>integumento</span> 
     </span>
     <span class='ocr_line' id='line_1_46' title="bbox 212 3273 2024 3341; baseline -0.004 -16"><span class='ocrx_word' id='word_1_344' title='bbox 212 3279 591 3334; x_wconf 83' lang='lat' dir='ltr'>membranaceo,</span> <span class='ocrx_word' id='word_1_345' title='bbox 624 3279 840 3341; x_wconf 86' lang='lat' dir='ltr'>utrinque</span> <span class='ocrx_word' id='word_1_346' title='bbox 874 3277 1108 3333; x_wconf 86' lang='lat' dir='ltr'>relaxato,</span> <span class='ocrx_word' id='word_1_347' title='bbox 1144 3277 1282 3338; x_wconf 87' lang='lat' dir='ltr'>longe</span> <span class='ocrx_word' id='word_1_348' title='bbox 1316 3275 1556 3332; x_wconf 87' lang='lat' dir='ltr'>tubuloso,</span> <span class='ocrx_word' id='word_1_349' title='bbox 1589 3275 1683 3320; x_wconf 89' lang='lat' dir='ltr'>hilo</span> <span class='ocrx_word' id='word_1_350' title='bbox 1709 3289 1855 3336; x_wconf 88' lang='lat' dir='ltr'>prope</span> <span class='ocrx_word' id='word_1_351' title='bbox 1881 3273 2024 3319; x_wconf 83' lang='lat' dir='ltr'>basim</span> 
     </span>
     <span class='ocr_line' id='line_1_47' title="bbox 214 3342 2024 3412; baseline -0.003 -19"><span class='ocrx_word' id='word_1_352' title='bbox 214 3349 419 3407; x_wconf 86' lang='lat' dir='ltr'>laterali,</span> <span class='ocrx_word' id='word_1_353' title='bbox 466 3349 653 3412; x_wconf 75' lang='lat' dir='ltr'>rhaphe</span> <span class='ocrx_word' id='word_1_354' title='bbox 698 3349 924 3405; x_wconf 82' lang='lat' dir='ltr'>filiforini,</span> <span class='ocrx_word' id='word_1_355' title='bbox 973 3350 1096 3394; x_wconf 88' lang='lat' dir='ltr'>intra</span> <span class='ocrx_word' id='word_1_356' title='bbox 1142 3347 1449 3409; x_wconf 85' lang='lat' dir='ltr'>integumenti</span> <span class='ocrx_word' id='word_1_357' title='bbox 1495 3345 1639 3392; x_wconf 88' lang='lat' dir='ltr'>basim</span> <span class='ocrx_word' id='word_1_358' title='bbox 1687 3342 2024 3400; x_wconf 85' lang='lat' dir='ltr'>adscendente,</span> 
     </span>
     <span class='ocr_line' id='line_1_48' title="bbox 213 3412 2026 3482; baseline -0.003 -18"><span class='ocrx_word' id='word_1_359' title='bbox 213 3419 382 3476; x_wconf 89' lang='lat' dir='ltr'>libera,</span> <span class='ocrx_word' id='word_1_360' title='bbox 430 3436 569 3482; x_wconf 82' lang='lat' dir='ltr'>supra</span> <span class='ocrx_word' id='word_1_361' title='bbox 609 3419 807 3467; x_wconf 84' lang='lat' dir='ltr'>medium</span> <span class='ocrx_word' id='word_1_362' title='bbox 846 3417 1037 3475; x_wconf 84' lang='lat' dir='ltr'>adnata,</span> <span class='ocrx_word' id='word_1_363' title='bbox 1086 3417 1242 3481; x_wconf 87' lang='lat' dir='ltr'>ibique</span> <span class='ocrx_word' id='word_1_364' title='bbox 1283 3418 1328 3480; x_wconf 86' lang='lat' dir='ltr'>in</span> <span class='ocrx_word' id='word_1_365' title='bbox 1369 3417 1630 3472; x_wconf 84' lang='lat' dir='ltr'>chalazam,</span> <span class='ocrx_word' id='word_1_366' title='bbox 1679 3414 1892 3461; x_wconf 87' lang='lat' dir='ltr'>nucleum</span> <span class='ocrx_word' id='word_1_367' title='bbox 1925 3412 2026 3460; x_wconf 90' lang='lat' dir='ltr'>sub-</span> 
     </span>
     <span class='ocr_line' id='line_1_49' title="bbox 215 3481 2027 3557; baseline -0.004 -21"><span class='ocrx_word' id='word_1_368' title='bbox 215 3489 480 3557; x_wconf 80' lang='lat' dir='ltr'>globosum,</span> <span class='ocrx_word' id='word_1_369' title='bbox 530 3487 726 3538; x_wconf 86' lang='lat' dir='ltr'>liberum</span> <span class='ocrx_word' id='word_1_370' title='bbox 765 3487 1125 3553; x_wconf 83' lang='lat' dir='ltr'>suspendentem</span> <span class='ocrx_word' id='word_1_371' title='bbox 1157 3488 1392 3536; x_wconf 83' lang='lat' dir='ltr'>desinens.</span> <span class='ocrx_word' id='word_1_372' title='bbox 1468 3486 1677 3548; x_wconf 72' lang='lat' dir='ltr'>Embryo</span> <span class='ocrx_word' id='word_1_373' title='bbox 1711 3486 1755 3531; x_wconf 90' lang='lat' dir='ltr'>in</span> <span class='ocrx_word' id='word_1_374' title='bbox 1788 3485 1863 3533; x_wconf 81' lang='lat' dir='ltr'>axi</span> <span class='ocrx_word' id='word_1_375' title='bbox 1896 3481 2027 3531; x_wconf 84' lang='lat' dir='ltr'>albu-</span> 
     </span>
    </p>
   </div>
  </div>
 </body>
</html>
