2147 3756
1098 141 1206 190 150

243 329 333 356 cum
350 317 680 356 Clitoranthaceis
703 320 740 354 et
763 316 980 353 Saururels
1003 316 1283 362 necessitudo,
1317 313 1523 350 distinctio
1546 316 1596 351 ab
1620 313 1707 351 illis
1732 323 1785 350 ex
1806 317 1936 350 erecto
1955 324 2064 359 gem-

243 380 379 412 mulae
410 378 490 411 situ
523 379 560 410 et
591 386 612 411 e
635 378 799 411 sacculo
829 374 1043 409 amniotico
1071 373 1333 416 persistente,
1367 375 1415 406 ab
1447 371 1533 407 illis
1557 382 1578 407 e
1602 372 1779 415 germine
1807 374 2066 415 monopliyllo

245 437 281 469 et
300 433 456 469 fructus
474 432 740 474 monospermi
760 432 893 466 indole
911 429 1060 465 facilis.
1119 430 1286 463 Remota
1304 431 1363 464 est
1382 437 1472 463 cum
1487 428 1678 463 Aroideis
1696 428 1935 463 similitudo.

387 495 815 553 Geogralnhia.
875 500 1124 542 Piperaceae
1162 498 1266 533 inter
1297 493 1372 532 350
1400 496 1445 534 L
1475 499 1521 533 Β.
1553 501 1591 533 et
1622 494 1762 533 42⁰1..
1788 498 1837 533 A
1862 497 2063 544 inclusae,

246 559 424 597 maximo
449 570 610 595 numero
635 560 675 593 in
700 557 891 594 America
915 555 1071 590 fervida
1095 558 1360 600 generantur,
1392 554 1496 590 inter
1512 554 1792 597 capricornum
1811 549 1939 590 e130⁰
1955 555 2000 590 1..
2018 555 2065 590 Β.

246 617 446 660 imprimis
471 615 792 659 copiosissimae.
851 614 1016 648 Paucae
1047 611 1208 654 species
1230 621 1359 653 usque
1383 612 1433 646 ad
1458 606 1531 645 35⁰
1556 610 1597 646 l.
1623 612 1667 646 Β.
1693 614 1934 654 excurrunt,
1966 619 2068 645 non-

246 676 385 709 nullae
411 676 520 708 trans
545 672 822 714 capricornum
849 678 977 712 usque
1002 670 1052 704 ad
1077 663 1150 702 32⁰
1166 669 1212 704 L.
1230 669 1280 703 A.
1299 671 1537 703 observatae
1562 667 1737 702 fuerunt.
1796 667 1963 710 Frigida
1979 668 2068 702 An-

246 730 354 765 dium
387 737 654 771 peritanorum
679 726 786 768 regio
812 726 1103 769 paucissimas,
1143 727 1364 760 herbaceas
1389 728 1424 759 et
1454 724 1629 767 pusillas
1654 723 1790 758 nutrit.
1849 725 1894 757 In
1918 723 2068 758 insulis

246 786 465 821 Sundaicis
496 786 634 827 paullo
666 784 796 818 minor
818 791 935 824 quam
961 782 1001 816 in
1026 781 1216 817 America
1241 785 1298 816 est
1324 781 1636 824 Piperacearum
1663 789 1873 825 numerus,
1906 780 2000 814 inde
2025 779 2068 815 in

245 842 376 877 Asiae
408 845 552 876 terram
585 840 873 885 continentem,
913 838 1021 873 etin
1053 838 1234 884 insulas,
1276 840 1357 872 tum
1388 837 1731 882 septemtrionem,
1772 839 1853 871 tum
1885 840 2067 882 austrum

245 907 392 933 versus
417 898 722 940 disperguntur,
756 895 798 930 in
821 894 1002 930 vallibus
1026 894 1270 936 Himalayae
1293 897 1367 929 sub
1394 889 1495 944 31ὲο
1518 895 1562 928 L.
1582 895 1626 928 B.
1651 892 1907 938 rarissimae,
1940 893 1981 927 in
2004 892 2070 927 in-

245 954 351 990 sulis
382 953 474 988 hinc
505 961 651 988 cancro
683 952 889 997 inclusae,
928 951 1043 985 illinc
1067 951 1109 985 in
1134 953 1269 985 Novae
1295 950 1540 985 Hollandiae
1562 950 1696 984 littore
1720 949 1909 984 orientali
1932 953 2068 984 trans-

247 1010 417 1055 tropico,
450 1009 493 1044 in
523 1011 636 1044 Nova
658 1009 885 1044 Zeelandia
907 1008 1027 1042 etiam
1059 1010 1133 1043 sub
1159 1002 1232 1041 42⁰
1255 1008 1298 1041 L.
1323 1006 1375 1041 A.
1402 1009 1654 1041 observatae.
1712 1005 1858 1041 Africa
1878 999 2069 1048 Piperum

245 1067 411 1102 minime
443 1065 559 1101 ferax
589 1068 662 1100 est.
721 1066 886 1099 Paucae
917 1064 1077 1106 species
1109 1063 1149 1098 in
1181 1064 1313 1098 littore
1344 1063 1537 1098 atlantico
1567 1062 1827 1104 intertropico
1856 1071 1985 1104 usque
2016 1062 2067 1096 ad

247 1119 320 1157 100
350 1125 396 1158 L.
420 1123 465 1158 B.
497 1125 679 1165 repertae
709 1120 891 1167 fuerunt,
923 1123 1145 1155 nonnullae
1176 1120 1217 1154 in
1244 1119 1384 1162 Capite
1407 1122 1537 1155 bonae
1561 1119 1649 1161 spei
1671 1118 1828 1163 vigent,
1862 1120 2000 1160 plures
2024 1117 2067 1155 in

245 1179 398 1215 insulis
428 1177 596 1214 Africae
627 1186 719 1213 orae
755 1177 916 1213 indicae
953 1177 1099 1225 adsitis
1129 1179 1368 1211 nascuntur.
1434 1176 1636 1219 Regiones
1669 1178 1805 1210 amant
1837 1176 2069 1220 depressaS,

243 1238 378 1271 valles
405 1238 442 1271 et
457 1234 668 1270 fluviorum
686 1233 798 1276 ripas
817 1212 1149 1277 praediligentes,
1184 1233 1223 1267 in
1248 1232 1452 1267 montibus
1470 1235 1696 1267 rarescunt.
1742 1231 1906 1274 Species
1926 1231 2069 1274 paucis

244 1291 429 1334 exceptis
461 1291 713 1336 endemicae,
746 1300 883 1325 omnes
915 1290 1003 1325 suis
1034 1289 1331 1324 continentibus
1362 1289 1562 1331 propriae.
1620 1287 1859 1324 Fruticosae
1882 1287 1924 1322 in
1948 1287 2067 1333 Asia,

243 1351 470 1384 herbaceae
499 1347 542 1382 in
565 1347 776 1391 America,
809 1351 844 1381 et
871 1346 1094 1382 universim
1116 1349 1191 1382 sub
1217 1348 1326 1380 coelo
1351 1345 1632 1388 temperatiore
1655 1348 1692 1380 et.
1717 1344 1961 1380 stationibus
1985 1346 2068 1380 cel·-

247 1405 425 1442 sioribus
444 1404 693 1446 frequentius
711 1403 966 1446 proveniunt.

387 1468 748 1520 carnalitates
779 1476 817 1508 et
845 1478 1013 1510 usus.
1070 1471 1322 1515 Piperaceae
1352 1471 1549 1515 qualitate
1581 1471 1739 1507 fervida
1769 1474 1805 1506 et
1832 1470 2069 1518 aromatica,

245 1542 267 1568 e
290 1531 429 1567 resina
452 1531 566 1566 molli
591 1531 675 1565 acri
700 1530 920 1573 peculiaris
945 1529 1118 1575 indolis,
1150 1531 1237 1564 oleo
1262 1532 1448 1564 aethereo
1466 1532 1501 1564 et
1521 1538 1542 1563 e
1558 1528 1726 1564 materie
1743 1528 1988 1570 crystallina
2003 1528 2071 1566 sui

245 1588 407 1632 generis
436 1585 680 1632 (Pvperina)
709 1587 927 1629 repetenda
950 1586 1216 1632 conveniunt,
1248 1595 1293 1620 eo
1317 1585 1422 1620 inter
1445 1595 1490 1620 se
1507 1585 1715 1631 diversae,
1749 1586 1850 1628 quod
1870 1585 2068 1627 ejusmodi

245 1645 502 1682 substantiae
532 1645 574 1678 in
604 1643 701 1679 aliis
733 1643 775 1677 in
800 1644 985 1678 omnibus
1010 1645 1177 1685 plantae
1202 1642 1386 1685 partibus
1411 1642 1635 1688 resideant,
1668 1642 1709 1676 in
1735 1642 1832 1677 aliis
1856 1642 2001 1684 majori
2023 1642 2067 1678 in

244 1701 453 1738 radicibus
468 1700 594 1743 „copia
612 1699 897 1735 contineantur
919 1710 957 1735 v.
976 1699 1017 1734 in
1036 1698 1256 1744 fructibus,
1288 1698 1488 1741 imprimis
1505 1702 1599 1736 ante
1616 1701 1776 1741 plenam
1794 1699 2067 1735 maturitatem

247 1758 451 1803 collectis,
484 1757 739 1799 potissimum
756 1756 980 1801 resideant,
1013 1756 1054 1790 in
1073 1756 1317 1798 quibusdam
1333 1755 1413 1790 olei
1430 1756 1609 1791 aetherei
1628 1756 1773 1801 portio,
1799 1755 1841 1790 in
1858 1755 2067 1790 nonnullis

244 1814 503 1853 substantiae
532 1814 740 1849 resinosae
772 1813 980 1855 quantitas
1012 1814 1263 1855 praevaleat.
1325 1813 1559 1848 Herbaceae
1590 1813 1630 1847 in
1662 1812 1903 1847 universum
1934 1812 2071 1848 minus

245 1863 422 1916 fervent,
468 1870 744 1914 paucissimae
772 1870 920 1904 virtute
951 1869 1034 1905 fere
1065 1872 1216 1903 carent.
1275 1868 1467 1911 Piperum
1497 1870 1782 1904 nonnullorum
1814 1869 1994 1915 fructuS,
2027 1871 2071 1904 ut

246 1928 512 1971 digestionem
528 1927 718 1968 adjuvent
737 1929 773 1961 et
790 1925 986 1968 apetitum
1003 1925 1234 1971 stimulent,
1266 1925 1369 1960 cibis
1395 1925 1689 1970 admiscentur,
1722 1925 1831 1960 aliae
1854 1925 1895 1959 in
1920 1925 2069 1960 calidis

246 1984 353 2019 orbis
379 1983 610 2024 regionibus
634 1983 914 2026 praeparando
940 1982 1048 2024 potui
1067 1982 1150 2016 acri
1168 1981 1385 2017 inebrianti
1402 1982 1650 2029 inserviunt,
1681 1984 1904 2018 nonnullae
1921 1984 1967 2018 ob
1984 1982 2071 2018 vir-

245 2044 369 2078 tutem
386 2039 547 2085 egregie
561 2039 836 2075 stimulantem
854 2048 879 2074 a
893 2039 1067 2075 medicis
1085 2038 1269 2074 adbiberi
1286 2040 1430 2073 solent.

386 2096 632 2132 Notissimus
664 2099 725 2132 est
746 2092 932 2141 Piperis,
965 2096 1134 2131 Graecis
1165 2098 1254 2138 post
1277 2097 1490 2130 subactum
1507 2103 1532 2130 a
1548 2094 1839 2130 Macedonibus
1863 2092 2070 2132 Orientem

246 2153 420 2197 primum
445 2153 593 2200 adlati,
626 2153 668 2187 in
691 2152 928 2187 condiendis
953 2152 1056 2187 cibis
1075 2161 1187 2187 usus.
1247 2149 1378 2196 Piper
1393 2151 1556 2197 m‘grum
1574 2155 1612 2187 et
1628 2148 1754 2195 Pxper
1771 2149 1930 2195 album,
1964 2153 2069 2194 quod

245 2211 290 2246 in
314 2209 585 2245 mercimoniis
601 2213 683 2255 est,
715 2208 757 2244 in
780 2213 1032 2244 sarmentoso
1056 2208 1185 2244 Asiae
1210 2208 1389 2250 tropicae
1412 2208 1559 2244 frutice
1585 2205 1755 2253 (Pepere
1777 2208 1897 2253 nigro
1921 2208 2069 2253 Lina.)

245 2267 451 2313 nascitur,
484 2269 530 2301 ob
555 2266 757 2310 ingentem
784 2265 1030 2300 condimenti
1053 2267 1322 2299 mercaturam
1339 2264 1457 2299 etiam
1476 2267 1596 2300 culto.
1656 2263 1786 2310 Piper
1801 2263 1964 2311 nigrum
1983 2265 2071 2301 offi-

247 2324 434 2359 cinarum
470 2325 622 2358 baccas
659 2321 770 2357 sistit
801 2325 895 2357 ante
926 2324 1088 2364 plenam
1118 2321 1392 2357 maturitatem
1422 2324 1619 2357 collectas
1650 2325 1687 2357 et
1719 2325 1840 2365 probe
1870 2322 2066 2368 siccataS,

245 2371 496 2423 nigricantes
526 2382 564 2415 et
585 2387 779 2423 rugosas,
810 2378 964 2422 odoris,
998 2379 1089 2414 dum
1109 2381 1312 2423 teruntur
1337 2378 1567 2422 aromatici,
1599 2381 1637 2413 et
1653 2378 1812 2421 saporis
1831 2378 2069 2423 peculiaris,

246 2436 448 2472 mordacis
471 2439 509 2471 et
533 2435 700 2471 urentis.
759 2432 888 2480 Piper
903 2433 1040 2468 album
1059 2445 1080 2470 e
1096 2433 1235 2470 baccis
1250 2435 1421 2469 maturis
1437 2435 1496 2469 ita
1513 2438 1699 2480 paratur,
1731 2438 1772 2469 ut
1789 2444 1945 2480 semen,
1979 2437 2071 2478 post

248 2493 429 2534 aliquam
445 2492 487 2526 in
503 2500 610 2534 aqua
626 2501 663 2526 v.
683 2491 801 2526 urina
816 2492 1150 2534 macerationem,
1182 2491 1409 2533 pericarpio
1430 2493 1602 2526 orbetur.
1662 2492 1926 2527 substantiae
1943 2501 2070 2533 pecu-

208 2552 210 2554 '
246 2549 395 2595 liareS,
427 2548 470 2583 in
492 2547 719 2591 pericarpio
737 2547 948 2583 immaturo
969 2548 1223 2590 potissimum
1241 2550 1473 2593 contentae,
1504 2550 1578 2583 sub
1597 2549 1720 2590 plena
1735 2548 1966 2584 maturitate
1984 2548 2070 2583 fere

247 2607 518 2650 evanescunt,
557 2607 593 2639 et
625 2604 719 2646 ipsa
748 2604 906 2639 semina
935 2605 1069 2639 minus
1098 2606 1251 2639 valent.
1317 2604 1427 2639 Usus
1459 2603 1562 2638 inter
1590 2604 1767 2639 remedia
1797 2604 2067 2652 stimulantia,

247 2661 396 2704 torpori
411 2661 528 2696 vitali
545 2660 847 2705 convenientia,
879 2661 1009 2696 rarior
1024 2664 1096 2697 est.
1144 2659 1386 2696 Substantia
1401 2659 1644 2702 crystallina
1660 2659 1921 2706 (Piperina),
1947 2670 2068 2703 quam

248 2730 271 2755 e
294 2716 536 2761 pericarpiis
552 2717 713 2759 Piperis
737 2716 844 2759 nigri
867 2717 1038 2752 chemici
1055 2716 1240 2761 eliciunt,
1275 2716 1458 2759 pluribus
1483 2720 1623 2752 contra
1645 2716 1786 2752 febrim
1802 2717 2070 2753 intermitten-

248 2779 327 2811 tem
356 2777 614 2809 veliementer
636 2775 948 2809 commendatur.
1008 2774 1148 2808 Oleum
1170 2772 1329 2814 Piperis
1355 2774 1534 2819 decolor,
1566 2781 1698 2816 aquae
1720 2773 1933 2819 innatans,
1964 2783 2068 2809 non-

248 2833 343 2867 dum
366 2830 440 2865 rite
464 2832 719 2872 exploratum
741 2833 814 2867 est.
871 2832 982 2865 Inter
1003 2829 1159 2873 species
1183 2829 1382 2865 asiaticas
1406 2826 1536 2874 Pe'per
1560 2828 1755 2863 tricicum
1778 2831 1906 2866 Roxb.
1930 2830 2068 2873 Piperi

248 2887 363 2932 nigro
392 2887 542 2922 virtute
571 2886 796 2928 proximum
830 2890 1030 2921 censetur.
1089 2888 1121 2921 Ε
1153 2886 1368 2928 speciebus
1399 2884 1644 2920 americanis
1667 2882 1833 2930 Piperis
1856 2884 2070 2934 longq‘foliz'

248 2945 297 2980 R.
322 2945 366 2978 P.
379 2969 389 2989 ,
420 2939 585 2987 Piperis
609 2940 813 2990 citrz’fole‘z'
831 2944 967 2988 Lam.,
999 2938 1164 2986 Piperis
1181 2941 1350 2974 crocata·
1362 2943 1408 2976 R.
1426 2942 1471 2976 Ρ.
1488 2944 1527 2976 et
1544 2939 1707 2986 Piperis
1725 2938 1928 2988 Amalago
1946 2943 2065 2980 Linn.

249 3002 403 3036 baccae
433 2999 697 3044 colliguntur,
730 2998 923 3040 inquilini
951 3008 1066 3033 usus.
1125 2995 1291 3042 Piperis
1322 2995 1437 3043 longi
1456 2997 1591 3044 Linn.,
1623 2997 1782 3034 fruticis
1807 3001 1914 3041 apud
1944 3001 2065 3035 Indos

248 3054 476 3100 monticoli,
508 3055 630 3090 etiam
647 3054 765 3099 culti,
798 3057 961 3089 amenta
984 3053 1183 3089 fructibus
1208 3053 1435 3089 immaturis
1458 3053 1564 3089 inter
1586 3063 1630 3090 se
1653 3055 1815 3090 coalitis
1832 3059 1980 3091 onusta
1996 3057 2067 3091 Pi-

248 3113 358 3156 peris
384 3110 498 3155 longi
526 3111 687 3145 nomine
719 3110 955 3145 commercio
987 3111 1262 3155 advehuntur,
1294 3109 1452 3152 saporis
1475 3110 1737 3146 mordacitate
1761 3112 1884 3154 Piper
1905 3112 2066 3156 nigrum

248 3167 470 3204 vincentia.
527 3167 661 3202 Etiam
681 3164 844 3211 Piperis
865 3163 1010 3200 Chalm
1027 3164 1233 3208 [Cbavica
1248 3165 1463 3212 Sanskr.),
1489 3163 1652 3211 Piperis
1664 3166 1921 3213 peepaloz‘dis
1936 3171 2065 3206 Roxb.

251 3228 289 3261 et
301 3221 475 3269 Piperis
491 3221 695 3269 sylvam-2·
707 3225 836 3258 Roxb.
854 3227 1018 3258 amenta
1032 3222 1192 3266 Piperis
1208 3223 1318 3267 longi
1334 3222 1493 3266 nomine
1508 3227 1698 3259 veneunt.

390 3277 555 3324 Piperis
575 3278 760 3314 Cubelme
775 3279 894 3314 Linn.
911 3277 1326 3333 [KumukusMalaiJ
1344 3278 1384 3314 in
1401 3279 1562 3315 insulae
1579 3281 1708 3316 Javae
1725 3280 1936 3323 provincia
1952 3282 2064 3316 Ban-

251 3339 334 3372 tam
350 3339 388 3370 et
404 3336 446 3371 in
462 3338 574 3372 Nusa
589 3337 855 3378 Kambangan
871 3339 1012 3378 sponte
1027 3335 1270 3381 crescentis,
1287 3334 1330 3370 in
1346 3335 1442 3371 aliis
1458 3337 1637 3378 ejusdem
1654 3336 1815 3373 insulae
1831 3337 2067 3381 regionibus

251 3392 410 3435 passim
434 3393 534 3427 culti
554 3395 706 3428 baccae
726 3390 983 3426 Cubebarum
1007 3391 1165 3426 nomine
1182 3394 1304 3427 multo
1322 3392 1558 3427 commercio
1576 3392 1949 3439 circumvehuntur,
1981 3403 2066 3429 me-

252 3447 354 3483 dicis
376 3449 585 3485 Arabibus
612 3450 696 3491 jam
718 3452 856 3496 notae,
888 3448 1155 3490 qualitatibus
1178 3447 1317 3491 Piperi
1339 3448 1454 3492 nigro
1480 3448 1656 3495 similes,
1689 3452 1775 3485 oleo
1799 3449 1960 3485 volatili
1984 3449 2066 3485 fer-

249 3503 345 3541 vido
369 3503 490 3549 [oleo
506 3504 784 3550 Cubebarum)
808 3509 846 3542 et
869 3504 1104 3542 substantia
1118 3505 1283 3549 propria
1301 3501 1575 3553 (Cubebina),
1606 3507 1723 3550 cujus
1739 3510 1887 3542 natura
1903 3508 1952 3542 ab
1969 3505 2066 3543 aliis
