2147 3756
978 129 1099 181 596
1332 147 1356 155 ·

868 205 1089 215 -n—-a—-a--w
1098 207 1214 215 w

127 304 212 347 jam
228 303 304 339 sub
322 296 396 338 29⁰
410 299 518 341 1,.13.
537 303 734 341 adversus
749 301 897 339 sideris
923 303 1105 339 ardorem
1127 301 1288 340 cautius
1311 300 1576 340 defendenda.
1634 305 1761 342 Juxta
1778 304 1945 343 Africae

130 360 245 395 littus
263 360 513 395 occidentale
529 360 673 396 vineae
689 362 763 395 sub
783 357 859 410 ²7ss
872 355 890 379 ⁰
907 358 950 394 l..
968 360 1014 393 B.
1031 357 1073 394 in
1090 358 1229 394 insula
1244 360 1366 395 Ferro
1382 359 1488 396 sitae
1504 363 1611 400 sunt.
1648 363 1696 397 In
1711 362 1944 407 regionibus

130 415 295 459 tropicis
325 416 434 452 Vitis
469 415 511 451 in
541 416 667 451 hortis
698 424 791 450 rara
821 417 1048 461 plantatur,
1095 417 1296 463 agrestem
1325 418 1524 452 culturam
1555 418 1767 463 detrectat,
1815 419 1947 454 frutex

129 473 271 515 rapido
289 471 533 508 incremento
550 475 625 508 sub
643 471 796 507 fervido
820 473 906 507 sole
929 470 1029 506 mire
1051 470 1292 518 luxurians,
1326 472 1563 519 baccisque,
1595 473 1676 508 nisi
1699 477 1853 510 mature
1877 476 1948 510 de-

130 531 293 571 cerptae
324 528 583 564 comedantur
612 527 822 573 exsuccis,
855 526 1027 564 inutilis,
1085 529 1132 562 In
1154 527 1349 563 America
1379 528 1532 564 boreali
1562 529 1701 565 vineta
1725 539 1817 566 rara
1839 533 1945 575 sunt,

130 587 291 620 cultura
308 584 368 619 cis
385 580 459 619 380
476 583 520 618 L.
537 584 583 619 B.
599 583 776 619 nondum
793 586 960 625 tentata.
1020 584 1150 619 Trans
1167 583 1447 626 capricornum
1464 585 1508 619 in
1525 585 1666 628 Capite
1690 588 1820 622 bonae
1836 587 1945 630 Spei,

130 640 174 676 in
192 640 404 676 Chilenum
427 647 516 684 ora,
548 639 599 674 ad
623 638 729 674 ostia
750 638 927 674 fluminis
945 641 1006 675 La
1022 640 1144 675 Plata
1166 643 1205 675 et
1227 640 1269 674 in
1285 642 1400 676 Nova
1415 642 1636 676 Hollandia
1657 641 1804 678 vineae
1829 645 1948 687 plan—

131 700 241 732 tatae
257 700 364 732 sunt.
423 694 638 730 Terminus
664 694 852 731 elationis
873 696 1102 732 vinetorum
1126 701 1196 738 pro
1219 695 1354 732 indole
1374 696 1551 739 regionis
1574 698 1731 747 variusg
1787 700 1834 734 In
1851 700 1949 733 Ger-

129 752 271 789 mania
293 751 526 787 australiori
549 752 601 786 ad
624 751 737 787 mille
762 755 797 787 et
820 752 933 788 mille
957 752 1234 795 septingentos
1252 762 1379 796 supra
1393 754 1519 789 maris
1536 754 1719 790 libellam
1735 755 1858 798 pedes
1875 755 1948 790 ad-

131 810 349 853 scendunt,
381 808 423 842 in
446 808 620 842 australi
636 808 803 850 Alpium
829 810 1031 844 adscensu
1056 808 1120 844 bis
1143 808 1257 844 mille
1281 811 1426 852 pedum
1444 810 1713 846 elevationem
1729 811 1948 855 attingunt,

131 864 174 901 in
194 866 292 908 jugo
309 863 615 906 Apenninorum
639 867 677 899 et
700 864 739 899 in
763 864 909 900 Sicilia
932 867 990 900 ter
1013 865 1126 900 mille
1149 866 1294 908 pedum
1321 866 1538 902 altitudine
1560 867 1664 902 botri
1680 870 1948 903 maturantur.

131 921 510 965 Ilimalayaejuga,
542 919 584 955 in
602 921 738 956 decem
760 920 873 956 mille
895 923 1040 964 pedum
1062 921 1318 957 altitudinem
1341 925 1470 968 elata,
1501 923 1635 959 vineis
1659 923 1818 959 consita
1840 927 1950 960 sunt.

129 979 176 1012 In
201 975 388 1018 carpatis
415 975 621 1012 montibus
651 979 758 1012 ultra
782 982 1073 1021 nongentorum
1095 978 1241 1020 pedum
1265 978 1532 1014 elevationem
1553 979 1833 1016 viticulturam
1858 989 1950 1016 ces-

131 1041 244 1078 sare,
277 1042 299 1068 e
322 1032 538 1075 praecipiti
561 1035 637 1069 sub
662 1032 821 1068 initium
837 1034 1086 1077 Septembris
1113 1037 1406 1077 temperaturae
1428 1035 1470 1071 in
1493 1035 1557 1072 his
1580 1036 1785 1072 montibus
1808 1038 1950 1072 decre-

130 1092 287 1135 mento,
319 1091 358 1124 et
373 1098 395 1124 e
411 1097 505 1124 sera
520 1092 677 1125 aestate
700 1089 942 1133 explicatur.
1001 1090 1178 1126 Galliam
1200 1091 1288 1126 vini
1312 1101 1403 1128 esse
1423 1091 1742 1140 feracissimam,
1774 1096 1811 1128 et
1834 1093 1948 1129 nobiv

129 1144 316 1182 lissimas
334 1144 469 1181 temeti
485 1145 644 1188 species
660 1154 784 1190 prope
800 1148 985 1183 culturae
999 1147 1168 1199 limitem
1182 1149 1385 1183 borealem
1400 1148 1537 1196 nasci,
1561 1149 1859 1184 concedendum
1875 1152 1950 1185 est.

272 1209 633 1261 Qualitates
658 1219 696 1252 et
716 1221 885 1257 usus.
941 1217 1078 1253 Acida
1102 1217 1255 1253 diversi
1271 1217 1457 1265 generis,
1486 1226 1590 1261 quae
1606 1228 1678 1262 per
1694 1228 1831 1255 omnes
1849 1218 1951 1255 ista-

129 1281 219 1309 rum
244 1274 478 1315 plantarum
509 1276 644 1316 partes
668 1273 835 1320 diffusa,
867 1274 1011 1317 majori
1032 1284 1071 1310 v.
1095 1274 1242 1310 minori
1265 1275 1404 1322 copia,
1435 1284 1543 1321 nunc
1565 1284 1688 1323 pura,
1720 1285 1829 1311 nunc
1851 1279 1951 1312 sub-

130 1328 296 1365 stantiis
326 1328 675 1373 adstringentibus
705 1334 745 1365 et
774 1330 1048 1367 colorantibus
1077 1330 1312 1378 inquinata,
1356 1330 1400 1366 in
1435 1331 1644 1375 plerisque
1679 1331 1948 1379 reperiuntur,

129 1385 347 1428 primarius
370 1385 535 1421 virtutis
560 1386 892 1428 Ampelidearum
916 1386 1007 1423 fons
1029 1390 1137 1422 sunt.
1197 1388 1447 1423 saccharum
1476 1387 1696 1431 peculiaris
1727 1388 1876 1424 indolis
1906 1389 1949 1424 in

128 1441 314 1477 baccatis
343 1444 634 1477 nonnullarum
666 1440 867 1477 fructibus
897 1451 989 1477 cum
1019 1442 1152 1479 acidis
1182 1443 1335 1478 diversi
1366 1445 1526 1487 generis
1563 1444 1837 1480 combinatum
1874 1448 1949 1481 est.

128 1497 283 1533 Harum
299 1507 448 1534 succus
466 1507 712 1544 expressus,
743 1501 933 1534 absoluta
950 1498 1276 1546 fermentatione,
1307 1499 1351 1534 in
1374 1509 1494 1543 quam
1517 1509 1713 1544 praeceps
1737 1500 1836 1548 ruit,
1875 1499 1951 1536 Va·-

129 1563 227 1588 num
243 1557 324 1601 est,
357 1555 462 1598 quod
476 1554 653 1592 hominis
669 1564 737 1590 cor
759 1555 975 1601 laetificat,
1008 1556 1055 1591 de
1079 1557 1199 1599 cujus
1220 1557 1343 1592 laude
1366 1556 1471 1592 nihil
1492 1557 1651 1594 addam.
1707 1558 1949 1593 Innumerae

128 1610 227 1648 Vini
258 1620 280 1646 e
309 1611 404 1647 Vite
433 1611 676 1659 varietates,
716 1621 738 1648 e
764 1611 884 1648 varia
914 1612 1143 1658 acidorum,
1182 1611 1292 1648 acidi
1320 1613 1479 1660 malici,
1513 1613 1667 1660 eitrici,
1698 1613 1882 1649 tartarici
1912 1618 1950 1650 et

128 1667 342 1715 racemici,
389 1677 481 1703 cum
510 1671 729 1715 saccharo,
774 1678 909 1716 muco,
955 1668 1200 1705 substantiis
1231 1669 1504 1705 colorantibus
1535 1673 1574 1706 et
1603 1669 1951 1715 adstringentibus

128 1724 299 1760 miscela
312 1726 506 1773 pendent,
539 1728 738 1768 quaetum
755 1735 777 1761 e
792 1725 871 1761 soli
894 1728 931 1761 et
957 1725 1156 1773 climatis,
1188 1728 1271 1761 tum
1294 1736 1316 1761 e
1339 1725 1502 1762 fruticis
1524 1726 1624 1762 culti
1646 1725 1789 1764 nativa
1814 1726 1950 1763 indole

127 1781 266 1827 varia,
298 1781 419 1817 etiam
431 1782 553 1824 juxta
568 1782 684 1828 anni,
717 1791 793 1824 quo
810 1785 950 1817 natum
973 1785 1056 1828 est,
1089 1782 1341 1825 temperiem,
1368 1783 1490 1825 juxta
1511 1783 1615 1819 illud
1637 1784 1741 1826 quod
1764 1783 1807 1819 in
1828 1793 1950 1828 prae-

126 1838 308 1880 parando
329 1837 543 1874 adhibetur
565 1837 798 1884 artificium,
831 1842 867 1874 et
891 1839 1114 1874 secundum
1147 1838 1281 1874 temeti
1310 1842 1486 1875 aetatem
1517 1839 1682 1876 diversa
1710 1849 1804 1876 esse
1833 1843 1948 1877 solet.

128 1896 237 1930 Istas
268 1898 423 1940 noster,
455 1895 525 1937 qui
554 1896 602 1929 de
624 1894 781 1929 Palmis
811 1893 997 1941 scripsit,
1026 1895 1242 1930 botanicus
1265 1888 1616 1945 οἰνοσοφώτατρς
1640 1896 1737 1931 olim
1761 1900 1949 1942 exponet,

129 1950 228 1986 milii
254 1950 418 1997 triplex,
450 1951 494 1986 in
517 1951 621 1993 quod
647 1960 762 1986 omne
779 1950 919 1985 vinam
938 1950 1202 1995 dispescitur,
1233 1960 1383 1998 genus,
1415 1949 1646 1997 am‘dulam,
1679 1950 1948 1998 adstringens

129 2010 168 2042 et
191 2005 333 2052 dulce,
363 2009 438 2043 hoc
461 2009 549 2042 loco
575 2016 909 2044 commemorasse
925 2006 1112 2043 sufficiat.
1179 2005 1319 2052 Uvae,
1353 2008 1516 2050 rejectis
1532 2007 1732 2044 folliculis
1750 2018 1949 2055 comesae,
2012 1995 2045 2016 ²'

129 2063 264 2099 cibum
279 2063 509 2106 largiuntur
524 2067 704 2110 gratum,
737 2064 896 2107 digestu
912 2063 1078 2100 facilem
1102 2066 1140 2099 et
1164 2066 1316 2107 absque
1333 2063 1504 2100 <stimulo
1527 2065 1790 2113 nutrientem,
1822 2065 1866 2101 in
1889 2065 1952 2101 di-

58 2156 65 2161 x
127 2120 261 2155 versis
293 2119 415 2168 etiam
444 2120 594 2156 morbis
625 2122 863 2156 salutarem.
942 2117 1061 2155 Uvae
1090 2119 1229 2155 siccae
1260 2130 1334 2157 seu
1361 2119 1564 2165 passulae
1593 2120 1778 2157 minores
1801 2122 1951 2166 [vulgo

128 2176 330 2223 Rosinen,
363 2175 603 2220 Corinthen)
620 2180 659 2212 et
675 2174 859 2221 majores
877 2175 1025 2221 [vulgo
1043 2175 1245 2220 Cibeben]
1261 2177 1304 2212 in
1322 2177 1545 2224 Hispania,
1578 2177 1751 2214 Graecia
1773 2182 1812 2214 et
1827 2178 1952 2221 Syria

128 2236 273 2280 natae,
305 2232 478 2276 plurimo
509 2233 865 2268 circumvehuntur
894 2233 1146 2270 commerciO.
1205 2232 1339 2269 Cirrhi
1367 2233 1535 2269 viniferi
1557 2233 1719 2270 fruticis
1745 2233 1954 2280 (pampini

135 2286 291 2334 Vitis),
323 2297 467 2332 sapore
484 2289 647 2325 acidulo
664 2289 934 2334 adstringenti
950 2290 1106 2336 donati,
1139 2291 1187 2326 ob
1204 2289 1395 2325 virtutem
1411 2290 1731 2333 diaphoreticam
1753 2295 1792 2327 et
1814 2291 1950 2329 diure-

128 2345 252 2381 ticam
270 2347 610 2383 commendantur.
666 2345 805 2392 Folia,
838 2349 876 2382 et
893 2346 961 2389 qui
976 2356 1028 2382 ex
1045 2346 1245 2383 abscissis
1268 2347 1393 2382 ramis
1410 2348 1513 2382 ⁴vere
1535 2347 1663 2383 effluit
1686 2357 1835 2384 succus
1856 2348 1950 2384 lim-

127 2401 250 2445 pidus
270 2399 508 2447 (lacrymae
530 2400 567 2435 V
567 2401 683 2448 itis),
716 2403 866 2439 exoleti
882 2413 983 2439 usus
999 2406 1106 2439 sunt.
1164 2404 1325 2439 Baccae
1341 2403 1580 2439 immaturae
1596 2407 1635 2439 et
1660 2406 1832 2440 acerbae
1856 2414 1952 2440 suc-

130 2467 204 2495 cus
222 2451 496 2506 (ὀμφοὶκιον),
513 2459 630 2495 Italis
647 2462 810 2496 nostrae
827 2459 975 2495 aetatis
992 2461 1164 2505 agresta
1182 2459 1330 2506 dictus,
1355 2452 1619 2496 domesticum
1637 2463 1700 2497 est
1714 2461 1948 2507 remedium,

127 2514 174 2550 in
203 2517 355 2550 uvulae
387 2507 721 2558 tonsill'aruinque
750 2515 886 2563 vitiis,
914 2517 1035 2559 juxta
1057 2525 1106 2552 ac
1130 2515 1173 2551 in
1196 2516 1429 2559 scropliulis
1452 2519 1489 2551 et
1512 2519 1700 2554 scorbuto
1722 2518 1951 2553 laudatum.

128 2572 331 2608 Efferatae
350 2572 455 2606 Vitis
472 2571 588 2608 flores
605 2565 847 2620 (οἰνάνθη)
865 2572 1070 2609 veteribus
1085 2572 1191 2607 inter
1206 2572 1432 2608 medicinas
1447 2573 1626 2620 laudati,
1658 2574 1710 2609 ad
1726 2574 1952 2610 condienda

130 2629 413 2670 odorandaque
436 2627 534 2663 vina
557 2629 776 2664 etiamnum
800 2628 1055 2665 adhibentur.
1113 2630 1147 2665 E
1171 2628 1396 2666 seminibus
1419 2632 1550 2666 oleum
1579 2630 1751 2679 pingue,
1782 2629 1950 2668 siccati-

129 2692 227 2720 vum
244 2684 457 2720 obtinetur.

269 2740 378 2777 Vitis
401 2739 561 2783 species
586 2740 1038 2779 boreali-americanae
1066 2743 1217 2778 baccas
1249 2740 1459 2784 proferunt
1486 2744 1680 2788 acerbas,
1712 2750 1815 2785 quae
1844 2741 1951 2778 inter

131 2798 357 2840 sylvestres
389 2796 547 2833 fructus
576 2799 728 2844 lectae,
758 2797 1057 2834 itinerantibus*
1077 2797 1285 2842 refrigerio
1308 2801 1415 2835 sunt.
1477 2796 1691 2833 Cz‘ssorum
1714 2797 1950 2834 innumerae

130 2853 310 2903 species,
341 2862 511 2896 quarum
529 2856 752 2890 nonnullae
768 2856 814 2889 ob
833 2854 1023 2890 virtutem
1038 2854 1346 2899 refrigerantem
1361 2856 1400 2890 et
1414 2856 1640 2890 solventem
1662 2853 1706 2890 in
1729 2854 1950 2891 domestica
1983 2856 1991 2858 ’

129 2911 370 2953 populorum
398 2910 601 2947 medicina
631 2912 909 2958 celebrantur3
952 2911 1206 2955 quarundam
1236 2909 1337 2947 folia
1360 2909 1527 2954 juniora
1555 2913 1671 2948 cocta
1700 2910 1822 2948 etiam
1858 2911 1948 2948 cibo

133 2968 243 3004 sunt.
302 2978 305 2980 ·

622 3087 793 3133 ordo
823 3085 1085 3140 clixvl.
1152 3085 1460 3135 Gorneae·

272 3188 497 3238 Arbores
525 3205 569 3237 v.
587 3180 1014 3252 frutices-[rarius
1044 3197 1212 3237 trunco
1244 3190 1552 3238 subterraneo
1582 3205 1738 3238 ramos
1769 3205 1947 3238 annuos

136 3268 390 3308 exserente
426 3259 608 3308 herbae
646 3276 843 3308 annuae.
916 3254 1059 3309 Folm
1099 3261 1317 3325 opposita
1354 3270 1435 3308 aut
1471 3261 1710 3308 rarissime
1742 3261 1942 3323 alterna,

135 3330 386 3392 simplicia,
418 3331 746 3396 p‘enninervia,
779 3331 1083 3395 integerrima
1112 3347 1157 3379 v.
1189 3340 1394 3388 serrata,
1428 3331 1724 3405 exstipulata.
1776 3331 1948 3380 Flores

137 3400 339 3464 perfecti
369 3417 414 3448 v.
445 3400 611 3449 abortu
642 3402 931 3468 imperfecti,
974 3402 1164 3465 capitati
1194 3419 1238 3449 v.
1271 3402 1534 3461 umbettati,
1566 3386 1810 3449 involucro
1843 3416 1945 3447 sae-

137 3470 239 3534 pius
285 3471 496 3520 colorato
543 3473 708 3533 cincti,
768 3473 920 3522 rai-Ius
967 3471 1260 3538 corymbosi,
1320 3472 1678 3522 exinvolucrati.
1759 3471 1948 3534 Calycz’s
