2147 3756
1056 134 1078 179 l
1099 132 1173 181 6⁴1

947 210 1027 216 W>
1047 212 1148 216 ⁷..ae-
1217 208 1290 215 --—-

205 307 338 343 indole
355 305 554 342 differunt.
584 305 792 341 Ulmaceis
810 304 914 341 facie
931 305 1064 348 potius
1081 304 1237 341 similes
1254 312 1375 346 quam
1391 303 1695 339 characteribus
1713 302 1867 338 arctius
1884 300 2026 336 affines

205 364 434 399 censendae
457 365 572 408 sunt,
604 361 782 405 germine
806 364 1062 403 monopliyllo
1089 360 1352 405 uniloculari,
1385 362 1610 403 gemmulae
1633 359 1852 394 directione
1868 358 2026 399 amphi-

207 425 341 466 tropa,
373 418 593 462 pericarpii
610 422 647 452 et
664 418 832 457 seminis
851 417 1167 452 conformatione
1193 417 1393 451 diversae.
1454 413 1595 449 Rosea
1619 417 1669 450 ad
1693 415 1847 449 ordinis
1871 417 2026 448 calcem

204 476 358 521 posita,
391 475 539 510 nullibi
572 478 654 509 tute
675 475 873 517 locanda,
901 473 1061 517 habitu,
1094 473 1340 514 stipularum
1363 471 1543 516 defectu,
1576 472 1808 513 embryonis
1838 473 2027 505 albumen

206 532 458 567 farinaceum
479 530 724 565 involventis
742 529 1049 571 cotyledonibus
1067 528 1254 563 foliaceis
1273 532 1307 562 et
1332 529 1517 563 radicula
1537 527 1670 563 infera
1694 536 1719 562 a
1735 526 1927 563 Celtideis
1952 529 2026 562 ab-

205 591 394 633 horrens,
428 586 770 628 Clrenopodiaceis
786 585 976 620 fortassis
993 585 1368 627 appropinquantia.

352 649 775 705 Geographia.
814 657 860 690 In
878 655 1007 690 Asiae
1025 660 1059 690 et
1077 655 1292 690 Americae
1310 654 1542 695 regionibus
1562 652 1726 696 tropicis
1744 655 1781 688 et
1798 650 2028 695 temperatis

210 714 476 749 calidioribus
493 712 659 757 obviae,
695 712 737 746 in
754 712 918 755 regione
934 712 1228 746 mediterranea
1246 720 1362 745 rarae
1379 711 1575 745 habitant.

354 776 714 829 carnalitates
755 784 793 816 et
828 788 996 820 usus.
1071 781 1241 817 Corticis
1279 784 1314 815 et
1350 780 1533 821 foliorum
1565 781 1660 814 odor
1689 776 2026 824 subaromaticus,

211 849 331 882 sapor
349 850 437 874 cnm
457 838 646 874 acredine
664 847 841 873 amarus.
900 839 1120 873 Fructuum
1142 846 1264 880 parca
1289 847 1382 872 caro
1407 836 1680 879 adstringens.
1741 834 1904 869 Semina
1927 843 2030 869 non-

211 899 417 931 nullarum
449 898 600 929 oleosa.
661 894 912 937 Quibusdam
942 894 1099 937 lignum
1131 895 1293 935 durum,
1326 894 1536 928 admodum
1563 891 1768 934 durabile,
1802 890 1896 925 aliis
1924 892 2026 933 leve,

212 952 294 988 fere
310 952 573 994 spongiosum
590 953 665 995 est,
691 951 902 985 nonnullis
919 960 1009 985 cum
1027 950 1191 994 egregia
1209 950 1426 985 tenacitate
1443 949 1591 984 flexile.
1628 945 1800 980 Celtmfs
1818 944 2029 980 australis

208 1009 328 1044 Linn.
361 1006 506 1049 [vulgo
530 1001 1015 1053 Zurge1,ystvuonduua‚
1048 1001 1385 1056 μικροκούκουλι,
1421 1000 1599 1054 merida,
1632 995 1861 1053 κορτιζιὸιὰ
1886 1004 2028 1037 Graec.

209 1062 415 1106 hodiem.)
434 1063 472 1098 in
491 1064 657 1105 Europa
674 1063 848 1098 australi
864 1063 1086 1099 crescentis
1111 1063 1256 1097 ramuli
1278 1062 1459 1104 juniores
1484 1061 1587 1096 coeti
1610 1061 1705 1095 olim
1730 1061 1928 1095 adversus
1954 1059 2027 1100 dy-

211 1121 431 1155 senteriam
456 1123 493 1154 et
516 1121 833 1155 blennorrhoeas
858 1119 1041 1155 adhibiti.
1100 1119 1273 1154 Fructus
1298 1119 1458 1161 dulces,
1491 1116 1737 1158 substyptici
1756 1117 2030 1150 comeduntur.

208 1179 241 1213 E
261 1176 483 1212 seminibus
501 1178 633 1210 oleum
650 1175 869 1222 obtinetur,
902 1177 989 1210 oleo
1005 1175 1327 1219 Amygdalarum
1344 1173 1491 1209 simile.
1546 1171 1675 1205 Celtis
1693 1168 1966 1205 occidentalis
1982 1172 2028 1206 L.

211 1233 359 1276 [vulgo
376 1234 506 1267 Nettle
523 1235 624 1277 tree,
644 1231 955 1275 Sugar-berry)
981 1231 1169 1273 frequens
1188 1231 1228 1265 in
1247 1231 1438 1265 America
1452 1229 1607 1264 boreali
1623 1228 1817 1263 calidiore
1835 1227 2030 1262 nascitur.

210 1291 375 1331 Drupae
399 1288 440 1322 in
466 1287 701 1330 dysenteria
724 1288 1070 1323 administrantur.
1133 1284 1306 1321 Calidis
1324 1283 1548 1320 orientalis
1565 1287 1609 1321 L.
1635 1283 1924 1330 (Cnosi-hori,
1949 1285 2029 1318 Ta-

212 1346 308 1381 rilla
332 1344 492 1388 d‘agoa,
517 1343 932 1388 Narren-pluymen)
958 1344 997 1378 in
1020 1344 1155 1386 sylvis
1179 1343 1270 1379 udis
1294 1343 1487 1378 montium
1511 1341 1638 1376 Asiae
1660 1339 1917 1376 australioris
1941 1349 2030 1374 cre-

213 1402 367 1437 scentis
393 1400 533 1446 radiX,
566 1404 704 1435 cortex
727 1404 764 1436 et
795 1400 894 1436 folia
924 1400 1246 1448 subaromatica,
1275 1399 1516 1443 —specificum
1547 1398 1654 1441 apud
1683 1398 1803 1434 Indos
1833 1398 2031 1433 adversus

212 1457 454 1502 epilepsiam
471 1456 702 1494 remedium.

749 1608 920 1654 Ordo
949 1606 1143 1655 XCII.
1216 1608 1497 1655 Moreae.

354 1709 578 1757 Arbores
628 1726 670 1756 v.
702 1708 941 1772 frutices,
1003 1727 1147 1756 succo
1203 1726 1379 1774 aqueo,
1441 1707 1672 1756 interdum
1729 1705 2031 1764 scandentes,

216 1781 366 1828 rarius
403 1780 587 1828 herbae
626 1781 839 1838 acaules,
886 1780 1014 1826 foliis
1054 1780 1265 1831 indivisis
1305 1798 1347 1828 v.
1387 1780 1578 1837 lobatis,
1626 1780 1672 1825 in
1718 1778 2034 1825 caulescenti-

216 1852 300 1898 hus
346 1852 565 1907 alternis,
612 1867 754 1913 saepe
794 1851 1132 1914 polymorphis.
1210 1852 1431 1913 Ste'pnlae
1469 1850 1739 1913 saepissime
1781 1850 1828 1894 in
1869 1865 2032 1903 cornu,

217 1937 442 1984 gemmam
489 1921 780 1967 terminalem
826 1921 1071 1968 includens
1118 1922 1425 1978 convolutae,
1473 1921 1781 1984 persistentes
1820 1936 1863 1966 v.
1904 1918 2035 1965 deci-

217 1992 360 2048 duae,
407 1992 679 2054 plerumque
720 1992 991 2038 cicatricem
1032 1992 1420 2038 semiannularem
1453 1992 1788 2053 relinquentes·
1863 1991 2035 2036 Flores

218 2061 560 2118 niono-dioici,
591 2060 890 2124 stamz'nzserz‘
916 2063 1189 2126 saepissime
1215 2062 1699 2125 amentaceo-spicati
1723 2078 1766 2107 v.
1785 2059 2033 2115 racemosi,

218 2132 487 2196 pistilligeri
520 2131 705 2179 densius
733 2133 924 2195 spicati,
959 2149 999 2179 v.
1026 2133 1082 2177 in'
1097 2133 1401 2195 receptaculo
1423 2132 1622 2195 globoso
1650 2131 1877 2187 conferti,
1912 2145 2034 2177 nunc

220 2219 322 2250 cum
355 2202 659 2249 staminiferis
691 2204 820 2248 mixti
859 2203 904 2248 in
943 2204 1250 2265 receptaculo
1290 2204 1425 2266 plano
1466 2211 1658 2265 aperto,
1707 2219 1753 2249 v.
1789 2201 2036 2265 pyriformi

220 2274 402 2330 clauso,
450 2274 583 2336 apice
629 2274 806 2336 pervio-
840 2274 1066 2320 contenti.
1152 2274 1376 2320 Floribus
1418 2274 1777 2335 stamz‘nz‘gerz‘s:
1830 2273 2036 2333 Perz‘go-

219 2347 348 2392 nz‘um
397 2342 646 2402 (interdum
692 2345 876 2406 penitus
923 2343 1240 2400 obliteratum)
1290 2343 1573 2407 calycinum,
1620 2340 2038 2405 tri-quadriparti-

220 2424 338 2471 tum,
385 2414 696 2460 aestivatione
737 2413 1044 2460 imbricatum.
1133 2415 1355 2461 Stamina
1394 2418 1424 2464 3
1463 2430 1509 2460 v.
1553 2418 1607 2469 4,
1655 2414 1746 2459 imo
1786 2413 2036 2476 perigenio

220 2487 398 2531 inserta
430 2492 478 2532 et
510 2483 719 2546 ejusdem
753 2485 936 2531 laciniis
962 2484 1491 2548 opposita,filmneiztz's
1513 2482 1805 2530 filiformilms
1828 2499 1872 2530 v.
1900 2482 2039 2529 subu-

222 2556 350 2612 laffls,
406 2555 615 2602 laevibus
656 2571 702 2602 v.
754 2557 1057 2602 transversim
1104 2555 1313 2616 rugosis,
1359 2555 1552 2617 primum
1601 2554 1808 2611 inflexis,
1856 2551 2037 2600 demum

219 2625 514 2689 patentibus,
561 2626 810 2688 perigenio
858 2626 1013 2688 paullo
1062 2626 1374 2687 longioribus,
1423 2626 1640 2671 antherz's
1677 2624 1918 2681 introrsis,
1966 2622 2038 2669 bi—

222 2695 529 2753 locularibus‚
563 2696 712 2742 ovatis
743 2712 786 2742 v.
814 2696 1134 2758 subglobosis,
1169 2695 1310 2742 dorso
1342 2696 1554 2752 insertis,
1589 2695 1763 2741 erectis
1792 2711 1835 2741 v.
1861 2694 2039 2740 incum-

220 2765 465 2823 bentibus,
519 2765 925 2828 longitudinaliter
971 2765 1336 2813 dehiscentibus.
1430 2766 1665 2813 Germim's
1710 2763 2035 2821 rudimentum,

222 2835 454 2884 interdum
487 2836 800 2886 obliteratum.
873 2837 1099 2884 Floribus
1120 2838 1460 2899 pzlstz'llzgerzk:
1510 2837 1820 2896 Perz‘gvnz'um
1861 2834 2040 2898 calyci-

224 2924 355 2964 num,
401 2907 731 2969 tetrapbyllum
769 2924 816 2954 v.
860 2906 1227 2971 quinquefidum,
1272 2907 1448 2952 foliolis
1495 2905 1737 2962 concavis,
1785 2904 2036 2961 biseriatis,

225 2977 541 3025 exterioribus
587 2976 859 3038 majoribus.
944 2979 1145 3023 Germen
1189 2977 1352 3023 sessile
1398 2992 1443 3023 v.
1487 2975 1696 3037 stipitulo
1742 2975 1844 3037 plus
1889 2975 2039 3021 minus

225 3047 475 3108 manifestp
521 3045 755 3104 insidens,
818 3047 1110 3093 uniloculare
1155 3063 1199 3092 v.
1245 3046 1482 3092 rarissime
1530 3044 1816 3102 hiloculare,
1879 3044 2037 3091 loculo

225 3118 376 3165 altero
416 3118 620 3174 minore,
668 3116 858 3164 effoeto,
938 3117 1179 3164 Gemmula
1217 3117 1377 3173 unica,
1423 3114 1607 3162 mediae
1643 3116 1813 3177 parieti
1846 3112 2038 3173 inserta,

227 3188 538 3250 amphitropa,
592 3187 809 3245 incurva,
865 3187 1123 3250 micropyle
1170 3202 1352 3250 supera.
1427 3187 1593 3248 Stylus
1634 3186 1914 3243 terminalis,
1965 3184 2040 3232 hi·-

226 3257 366 3315 fidus,
415 3257 630 3305 cruribus
675 3273 818 3320 saepe
863 3255 1207 3321 inaequalibus,
1252 3257 1375 3302 intus
1415 3256 1727 3318 stigmatosis‚
1771 3272 1819 3304 v.
1863 3271 2039 3304 excen-

228 3328 396 3383 tricus,
442 3327 688 3386 indivisuS,
735 3329 843 3374 hinc
881 3328 1201 3390 stigmatosus.
1280 3327 1506 3374 Achem'a
1550 3343 1594 3374 v.
1634 3322 1838 3374 utriculi
1874 3341 2039 3372 mono·-

228 3398 422 3460 spermi‚
481 3398 740 3462 perigoniis
790 3398 1024 3456 baccatis,
1083 3396 1244 3444 liberis
1296 3405 1375 3444 aut
1418 3397 1464 3443 in
1510 3397 1807 3462 syncarpium
1853 3396 2038 3444 coalitis

230 3467 419 3528 inclusi,
468 3477 547 3517 aut
576 3469 697 3519 intra
727 3468 1029 3535 receptacula
1061 3482 1260 3517 carnosa
1291 3467 1524 3529 contenti,
1570 3467 1723 3516 rarius
1753 3467 1800 3516 in
1830 3465 2038 3532 stipitulo
