<?xml version="1.0" encoding="UTF-8"?>
<!DOCTYPE html PUBLIC "-//W3C//DTD XHTML 1.0 Transitional//EN"
    "http://www.w3.org/TR/xhtml1/DTD/xhtml1-transitional.dtd">
<html xmlns="http://www.w3.org/1999/xhtml" xml:lang="en" lang="en">
 <head>
  <title>
</title>
<meta http-equiv="Content-Type" content="text/html;charset=utf-8" />
  <meta name='ocr-system' content='tesseract 3.04.00' />
  <meta name='ocr-capabilities' content='ocr_page ocr_carea ocr_par ocr_line ocrx_word'/>
</head>
<body>
  <div class='ocr_page' id='page_1' title='image "./enchiridionbotan00endl/enchiridionbotan00endl_0697.png"; bbox 0 0 2147 3756; ppageno 0'>
   <div class='ocr_carea' id='block_1_1' title="bbox 950 146 1068 195">
    <p class='ocr_par' dir='ltr' id='par_1_1' title="bbox 950 146 1068 195">
     <span class='ocr_line' id='line_1_1' title="bbox 950 146 1068 195; baseline 0 0"><span class='ocrx_word' id='word_1_1' title='bbox 950 146 1068 195; x_wconf 78' lang='lat'>679</span> 
     </span>
    </p>
   </div>
   <div class='ocr_carea' id='block_1_2' title="bbox 90 317 1920 700">
    <p class='ocr_par' dir='ltr' id='par_1_2' title="bbox 90 317 1920 700">
     <span class='ocr_line' id='line_1_2' title="bbox 93 317 1916 371; baseline -0.001 -11"><span class='ocrx_word' id='word_1_2' title='bbox 93 329 178 371; x_wconf 85' lang='lat' dir='ltr'>tae,</span> <span class='ocrx_word' id='word_1_3' title='bbox 210 323 345 359; x_wconf 86' lang='lat' dir='ltr'>colore</span> <span class='ocrx_word' id='word_1_4' title='bbox 368 319 477 358; x_wconf 91' lang='lat' dir='ltr'>luteo</span> <span class='ocrx_word' id='word_1_5' title='bbox 502 323 537 359; x_wconf 85' lang='lat' dir='ltr'>el</span> <span class='ocrx_word' id='word_1_6' title='bbox 561 317 705 369; x_wconf 77' lang='lat' dir='ltr'>viridi,</span> <span class='ocrx_word' id='word_1_7' title='bbox 737 327 854 364; x_wconf 78' lang='lat' dir='ltr'>quem</span> <span class='ocrx_word' id='word_1_8' title='bbox 879 323 1101 369; x_wconf 73' lang='lat' dir='ltr'>praebent,</span> <span class='ocrx_word' id='word_1_9' title='bbox 1133 318 1270 357; x_wconf 85' lang='lat' dir='ltr'>utiles.</span> <span class='ocrx_word' id='word_1_10' title='bbox 1334 319 1505 365; x_wconf 67' lang='lat' dir='ltr'>Cytisus</span> <span class='ocrx_word' id='word_1_11' title='bbox 1530 318 1773 356; x_wconf 61' lang='lat' dir='ltr'>Lama-nam</span> <span class='ocrx_word' id='word_1_12' title='bbox 1797 322 1916 359; x_wconf 88' lang='lat' dir='ltr'>Linn.</span> 
     </span>
     <span class='ocr_line' id='line_1_3' title="bbox 92 375 1919 425; baseline -0.001 -8"><span class='ocrx_word' id='word_1_13' title='bbox 92 381 240 425; x_wconf 79' lang='lat' dir='ltr'>[vulgo</span> <span class='ocrx_word' id='word_1_14' title='bbox 259 379 509 423; x_wconf 67' lang='lat' dir='ltr'>Goldregen)</span> <span class='ocrx_word' id='word_1_15' title='bbox 530 379 664 414; x_wconf 78' lang='lat' dir='ltr'>frutex</span> <span class='ocrx_word' id='word_1_16' title='bbox 686 379 871 422; x_wconf 86' lang='lat' dir='ltr'>vulgaris</span> <span class='ocrx_word' id='word_1_17' title='bbox 895 378 1064 414; x_wconf 88' lang='lat' dir='ltr'>notitiae</span> <span class='ocrx_word' id='word_1_18' title='bbox 1088 380 1171 422; x_wconf 66' lang='lat' dir='ltr'>est,</span> <span class='ocrx_word' id='word_1_19' title='bbox 1205 380 1253 412; x_wconf 87' lang='lat' dir='ltr'>ob</span> <span class='ocrx_word' id='word_1_20' title='bbox 1278 375 1463 412; x_wconf 84' lang='lat' dir='ltr'>foliorum</span> <span class='ocrx_word' id='word_1_21' title='bbox 1489 377 1766 421; x_wconf 80' lang='lat' dir='ltr'>seminumque</span> <span class='ocrx_word' id='word_1_22' title='bbox 1790 380 1919 415; x_wconf 84' lang='lat' dir='ltr'>virtu-</span> 
     </span>
     <span class='ocr_line' id='line_1_4' title="bbox 95 432 1920 481; baseline -0.001 -8"><span class='ocrx_word' id='word_1_23' title='bbox 95 441 172 473; x_wconf 87' lang='lat' dir='ltr'>tem</span> <span class='ocrx_word' id='word_1_24' title='bbox 191 438 285 472; x_wconf 89' lang='lat' dir='ltr'>olim</span> <span class='ocrx_word' id='word_1_25' title='bbox 303 437 343 471; x_wconf 91' lang='lat' dir='ltr'>in</span> <span class='ocrx_word' id='word_1_26' title='bbox 361 436 536 472; x_wconf 83' lang='lat' dir='ltr'>officinis</span> <span class='ocrx_word' id='word_1_27' title='bbox 554 436 778 481; x_wconf 80' lang='lat' dir='ltr'>admissus,</span> <span class='ocrx_word' id='word_1_28' title='bbox 812 435 1038 471; x_wconf 84' lang='lat' dir='ltr'>efficaciam</span> <span class='ocrx_word' id='word_1_29' title='bbox 1055 445 1076 472; x_wconf 88' lang='lat' dir='ltr'>e</span> <span class='ocrx_word' id='word_1_30' title='bbox 1093 433 1295 478; x_wconf 87' lang='lat' dir='ltr'>principio</span> <span class='ocrx_word' id='word_1_31' title='bbox 1312 433 1512 477; x_wconf 81' lang='lat' dir='ltr'>peculiari</span> <span class='ocrx_word' id='word_1_32' title='bbox 1532 432 1781 478; x_wconf 62' lang='lat' dir='ltr'>(Cveoe&#39;se&#39;tm),</span> <span class='ocrx_word' id='word_1_33' title='bbox 1815 436 1920 479; x_wconf 82' lang='lat' dir='ltr'>quod</span> 
     </span>
     <span class='ocr_line' id='line_1_5' title="bbox 92 487 1916 538; baseline -0.001 -8"><span class='ocrx_word' id='word_1_34' title='bbox 92 503 185 530; x_wconf 91' lang='lat' dir='ltr'>cum</span> <span class='ocrx_word' id='word_1_35' title='bbox 219 493 400 529; x_wconf 84' lang='lat' dir='ltr'>Genistis</span> <span class='ocrx_word' id='word_1_36' title='bbox 424 493 681 536; x_wconf 82' lang='lat' dir='ltr'>Spartiisque</span> <span class='ocrx_word' id='word_1_37' title='bbox 713 501 924 528; x_wconf 85' lang='lat' dir='ltr'>commune</span> <span class='ocrx_word' id='word_1_38' title='bbox 953 494 1094 538; x_wconf 84' lang='lat' dir='ltr'>habet,</span> <span class='ocrx_word' id='word_1_39' title='bbox 1135 491 1293 535; x_wconf 88' lang='lat' dir='ltr'>repetit.</span> <span class='ocrx_word' id='word_1_40' title='bbox 1356 487 1496 535; x_wconf 69' lang='lat' dir='ltr'>Cytisi</span> <span class='ocrx_word' id='word_1_41' title='bbox 1524 491 1788 525; x_wconf 70' lang='lat' dir='ltr'>ramentum·</span> <span class='ocrx_word' id='word_1_42' title='bbox 1808 493 1916 528; x_wconf 88' lang='lat' dir='ltr'>Sieb.</span> 
     </span>
     <span class='ocr_line' id='line_1_6' title="bbox 91 547 1916 596; baseline -0.001 -10"><span class='ocrx_word' id='word_1_43' title='bbox 91 549 250 595; x_wconf 77' lang='lat' dir='ltr'>(Cytisi</span> <span class='ocrx_word' id='word_1_44' title='bbox 276 550 482 585; x_wconf 74' lang='lat' dir='ltr'>w&#39;eldenii</span> <span class='ocrx_word' id='word_1_45' title='bbox 508 550 642 596; x_wconf 83' lang='lat' dir='ltr'>Vis.],</span> <span class='ocrx_word' id='word_1_46' title='bbox 675 550 716 585; x_wconf 89' lang='lat' dir='ltr'>in</span> <span class='ocrx_word' id='word_1_47' title='bbox 733 549 941 585; x_wconf 86' lang='lat' dir='ltr'>Dalmatia</span> <span class='ocrx_word' id='word_1_48' title='bbox 965 548 1211 592; x_wconf 88' lang='lat' dir='ltr'>crescentis,</span> <span class='ocrx_word' id='word_1_49' title='bbox 1242 547 1361 583; x_wconf 83' lang='lat' dir='ltr'>flores</span> <span class='ocrx_word' id='word_1_50' title='bbox 1385 547 1610 590; x_wconf 84' lang='lat' dir='ltr'>peculiaris</span> <span class='ocrx_word' id='word_1_51' title='bbox 1635 548 1768 583; x_wconf 85' lang='lat' dir='ltr'>odoris</span> <span class='ocrx_word' id='word_1_52' title='bbox 1793 551 1916 585; x_wconf 82' lang='lat' dir='ltr'>vehe-</span> 
     </span>
     <span class='ocr_line' id='line_1_7' title="bbox 90 602 1918 653; baseline -0.001 -11"><span class='ocrx_word' id='word_1_53' title='bbox 90 607 243 643; x_wconf 80' lang='lat' dir='ltr'>mentia</span> <span class='ocrx_word' id='word_1_54' title='bbox 274 610 397 648; x_wconf 85' lang='lat' dir='ltr'>caput.</span> <span class='ocrx_word' id='word_1_55' title='bbox 427 610 593 643; x_wconf 87' lang='lat' dir='ltr'>tentant.</span> <span class='ocrx_word' id='word_1_56' title='bbox 652 607 900 653; x_wconf 78' lang='lat' dir='ltr'>caprarum,</span> <span class='ocrx_word' id='word_1_57' title='bbox 933 615 1037 649; x_wconf 83' lang='lat' dir='ltr'>quae</span> <span class='ocrx_word' id='word_1_58' title='bbox 1068 605 1230 642; x_wconf 78' lang='lat' dir='ltr'>fruticis</span> <span class='ocrx_word' id='word_1_59' title='bbox 1258 602 1520 649; x_wconf 83' lang='lat' dir='ltr'>pulcherrimi</span> <span class='ocrx_word' id='word_1_60' title='bbox 1545 603 1657 639; x_wconf 84' lang='lat' dir='ltr'>foliis</span> <span class='ocrx_word' id='word_1_61' title='bbox 1681 609 1918 653; x_wconf 86' lang='lat' dir='ltr'>vescuntur,</span> 
     </span>
     <span class='ocr_line' id='line_1_8' title="bbox 92 663 731 700; baseline 0 -1"><span class='ocrx_word' id='word_1_62' title='bbox 92 665 159 699; x_wconf 87' lang='lat' dir='ltr'>lac</span> <span class='ocrx_word' id='word_1_63' title='bbox 176 673 256 699; x_wconf 89' lang='lat' dir='ltr'>non</span> <span class='ocrx_word' id='word_1_64' title='bbox 273 663 362 699; x_wconf 90' lang='lat' dir='ltr'>sine</span> <span class='ocrx_word' id='word_1_65' title='bbox 378 672 485 699; x_wconf 82' lang='lat' dir='ltr'>noxa</span> <span class='ocrx_word' id='word_1_66' title='bbox 503 664 702 700; x_wconf 77' lang='lat' dir='ltr'>hauritur.</span> <span class='ocrx_word' id='word_1_67' title='bbox 730 696 731 699; x_wconf 75' lang='grc'>,</span> 
     </span>
    </p>
   </div>
   <div class='ocr_carea' id='block_1_3' title="bbox 75 744 1926 2045">
    <p class='ocr_par' dir='ltr' id='par_1_3' title="bbox 75 744 1926 2041">
     <span class='ocr_line' id='line_1_9' title="bbox 237 744 1920 794; baseline 0.001 -13"><span class='ocrx_word' id='word_1_68' title='bbox 237 744 437 782; x_wconf 75' lang='grc' dir='ltr'>Οιιοηίιίιέ</span> <span class='ocrx_word' id='word_1_69' title='bbox 468 747 667 792; x_wconf 78' lang='lat' dir='ltr'>spinosae</span> <span class='ocrx_word' id='word_1_70' title='bbox 696 747 839 794; x_wconf 86' lang='lat' dir='ltr'>Linn.‚</span> <span class='ocrx_word' id='word_1_71' title='bbox 879 755 983 790; x_wconf 86' lang='lat' dir='ltr'>quae</span> <span class='ocrx_word' id='word_1_72' title='bbox 1015 745 1182 782; x_wconf 88' lang='lat' dir='ltr'>floribus</span> <span class='ocrx_word' id='word_1_73' title='bbox 1213 745 1370 781; x_wconf 86' lang='lat' dir='ltr'>decoris</span> <span class='ocrx_word' id='word_1_74' title='bbox 1401 746 1568 782; x_wconf 86' lang='lat' dir='ltr'>adultae</span> <span class='ocrx_word' id='word_1_75' title='bbox 1598 744 1771 781; x_wconf 80' lang='lat' dir='ltr'>aestatis</span> <span class='ocrx_word' id='word_1_76' title='bbox 1803 745 1920 782; x_wconf 81' lang='lat' dir='ltr'>nobis</span> 
     </span>
     <span class='ocr_line' id='line_1_10' title="bbox 87 795 1922 849; baseline -0.001 -9"><span class='ocrx_word' id='word_1_77' title='bbox 87 805 194 840; x_wconf 85' lang='lat' dir='ltr'>haud</span> <span class='ocrx_word' id='word_1_78' title='bbox 211 810 328 849; x_wconf 87' lang='lat' dir='ltr'>grata</span> <span class='ocrx_word' id='word_1_79' title='bbox 345 804 489 840; x_wconf 87' lang='lat' dir='ltr'>nuntia</span> <span class='ocrx_word' id='word_1_80' title='bbox 506 807 586 849; x_wconf 86' lang='lat' dir='ltr'>est,</span> <span class='ocrx_word' id='word_1_81' title='bbox 622 804 740 840; x_wconf 80' lang='lat' dir='ltr'>radix</span> <span class='ocrx_word' id='word_1_82' title='bbox 759 801 911 847; x_wconf 62' lang='lat' dir='ltr'>(radis</span> <span class='ocrx_word' id='word_1_83' title='bbox 934 795 1135 838; x_wconf 67' lang='lat' dir='ltr'>Oizrmide&#39;s</span> <span class='ocrx_word' id='word_1_84' title='bbox 1153 812 1185 838; x_wconf 85' lang='lat' dir='ltr'>s.</span> <span class='ocrx_word' id='word_1_85' title='bbox 1207 800 1363 836; x_wconf 81' lang='lat' dir='ltr'>Restae</span> <span class='ocrx_word' id='word_1_86' title='bbox 1380 801 1494 836; x_wconf 66' lang='lat' dir='ltr'>bovis</span> <span class='ocrx_word' id='word_1_87' title='bbox 1512 802 1648 847; x_wconf 81' lang='lat' dir='ltr'>Offic.)</span> <span class='ocrx_word' id='word_1_88' title='bbox 1668 812 1784 838; x_wconf 88' lang='lat' dir='ltr'>muco</span> <span class='ocrx_word' id='word_1_89' title='bbox 1798 812 1922 839; x_wconf 89' lang='lat' dir='ltr'>-sac-</span> 
     </span>
     <span class='ocr_line' id='line_1_11' title="bbox 92 858 1922 906; baseline -0.001 -10"><span class='ocrx_word' id='word_1_90' title='bbox 92 863 214 896; x_wconf 85' lang='lat' dir='ltr'>charo</span> <span class='ocrx_word' id='word_1_91' title='bbox 232 861 394 906; x_wconf 76' lang='lat' dir='ltr'>gravis,</span> <span class='ocrx_word' id='word_1_92' title='bbox 427 861 590 896; x_wconf 81' lang='lat' dir='ltr'>resinae</span> <span class='ocrx_word' id='word_1_93' title='bbox 608 861 672 895; x_wconf 91' lang='lat' dir='ltr'>sui</span> <span class='ocrx_word' id='word_1_94' title='bbox 691 860 853 904; x_wconf 85' lang='lat' dir='ltr'>generis</span> <span class='ocrx_word' id='word_1_95' title='bbox 871 860 956 895; x_wconf 88' lang='lat' dir='ltr'>acri</span> <span class='ocrx_word' id='word_1_96' title='bbox 973 859 1165 895; x_wconf 85' lang='lat' dir='ltr'>virtutem</span> <span class='ocrx_word' id='word_1_97' title='bbox 1190 861 1327 905; x_wconf 85' lang='lat' dir='ltr'>debet,</span> <span class='ocrx_word' id='word_1_98' title='bbox 1360 868 1516 903; x_wconf 86' lang='lat' dir='ltr'>organa</span> <span class='ocrx_word' id='word_1_99' title='bbox 1538 859 1813 904; x_wconf 87' lang='lat' dir='ltr'>secerneutia,</span> <span class='ocrx_word' id='word_1_100' title='bbox 1845 858 1922 895; x_wconf 92' lang='lat' dir='ltr'>im-</span> 
     </span>
     <span class='ocr_line' id='line_1_12' title="bbox 88 913 1921 961; baseline 0 -9"><span class='ocrx_word' id='word_1_101' title='bbox 88 918 232 961; x_wconf 84' lang='lat' dir='ltr'>primis</span> <span class='ocrx_word' id='word_1_102' title='bbox 252 917 432 953; x_wconf 87' lang='lat' dir='ltr'>urinalia</span> <span class='ocrx_word' id='word_1_103' title='bbox 448 917 535 952; x_wconf 89' lang='lat' dir='ltr'>miti</span> <span class='ocrx_word' id='word_1_104' title='bbox 552 917 717 952; x_wconf 89' lang='lat' dir='ltr'>stimulo</span> <span class='ocrx_word' id='word_1_105' title='bbox 734 917 1047 960; x_wconf 70' lang='lat' dir='ltr'>aggredientem.</span> <span class='ocrx_word' id='word_1_106' title='bbox 1094 913 1248 950; x_wconf 77' lang='lat' dir='ltr'>Ormm’s</span> <span class='ocrx_word' id='word_1_107' title='bbox 1266 913 1436 950; x_wconf 73' lang='lat' dir='ltr'>hircina</span> <span class='ocrx_word' id='word_1_108' title='bbox 1455 918 1569 958; x_wconf 85' lang='lat' dir='ltr'>Jacq.</span> <span class='ocrx_word' id='word_1_109' title='bbox 1582 942 1591 960; x_wconf 95' lang='lat'>‚</span> <span class='ocrx_word' id='word_1_110' title='bbox 1618 915 1807 959; x_wconf 87' lang='lat' dir='ltr'>aliaeque</span> <span class='ocrx_word' id='word_1_111' title='bbox 1824 925 1921 952; x_wconf 90' lang='lat' dir='ltr'>con-</span> 
     </span>
     <span class='ocr_line' id='line_1_13' title="bbox 86 972 1922 1020; baseline -0.001 -10"><span class='ocrx_word' id='word_1_112' title='bbox 86 984 257 1018; x_wconf 85' lang='lat' dir='ltr'>generes</span> <span class='ocrx_word' id='word_1_113' title='bbox 270 974 311 1009; x_wconf 91' lang='lat' dir='ltr'>in</span> <span class='ocrx_word' id='word_1_114' title='bbox 328 976 491 1016; x_wconf 79' lang='lat' dir='ltr'>Europa</span> <span class='ocrx_word' id='word_1_115' title='bbox 509 974 755 1009; x_wconf 82' lang='lat' dir='ltr'>australiore</span> <span class='ocrx_word' id='word_1_116' title='bbox 772 973 1006 1019; x_wconf 79' lang='lat' dir='ltr'>indigenae,</span> <span class='ocrx_word' id='word_1_117' title='bbox 1038 973 1127 1016; x_wconf 87' lang='lat' dir='ltr'>pari</span> <span class='ocrx_word' id='word_1_118' title='bbox 1144 974 1308 1017; x_wconf 87' lang='lat' dir='ltr'>virtute,</span> <span class='ocrx_word' id='word_1_119' title='bbox 1339 974 1412 1009; x_wconf 90' lang='lat' dir='ltr'>sed</span> <span class='ocrx_word' id='word_1_120' title='bbox 1430 974 1543 1009; x_wconf 83' lang='lat' dir='ltr'>visco</span> <span class='ocrx_word' id='word_1_121' title='bbox 1561 973 1737 1020; x_wconf 89' lang='lat' dir='ltr'>madent,</span> <span class='ocrx_word' id='word_1_122' title='bbox 1771 972 1922 1009; x_wconf 87' lang='lat' dir='ltr'>foetore</span> 
     </span>
     <span class='ocr_line' id='line_1_14' title="bbox 87 1026 1921 1078; baseline -0.001 -11"><span class='ocrx_word' id='word_1_123' title='bbox 87 1031 278 1067; x_wconf 73' lang='lat' dir='ltr'>insanies.</span> <span class='ocrx_word' id='word_1_124' title='bbox 329 1026 738 1078; x_wconf 71' lang='lat' dir='ltr'>Anagyre‘sfoelr&#39;da</span> <span class='ocrx_word' id='word_1_125' title='bbox 754 1030 896 1077; x_wconf 87' lang='lat' dir='ltr'>Linn.,</span> <span class='ocrx_word' id='word_1_126' title='bbox 928 1030 1065 1066; x_wconf 83' lang='lat' dir='ltr'>frutex</span> <span class='ocrx_word' id='word_1_127' title='bbox 1082 1030 1403 1065; x_wconf 81' lang='lat' dir='ltr'>mediterraneus</span> <span class='ocrx_word' id='word_1_128' title='bbox 1415 1057 1425 1070; x_wconf 80' lang='grc'>,</span> <span class='ocrx_word' id='word_1_129' title='bbox 1457 1031 1576 1065; x_wconf 86' lang='lat' dir='ltr'>odore</span> <span class='ocrx_word' id='word_1_130' title='bbox 1592 1029 1753 1076; x_wconf 79' lang='lat' dir='ltr'>graviS,</span> <span class='ocrx_word' id='word_1_131' title='bbox 1785 1029 1827 1066; x_wconf 88' lang='lat' dir='ltr'>vl</span> <span class='ocrx_word' id='word_1_132' title='bbox 1844 1029 1921 1065; x_wconf 85' lang='lat' dir='ltr'>sti-</span> 
     </span>
     <span class='ocr_line' id='line_1_15' title="bbox 87 1084 1923 1133; baseline -0.002 -9"><span class='ocrx_word' id='word_1_133' title='bbox 87 1089 270 1124; x_wconf 86' lang='lat' dir='ltr'>mulante</span> <span class='ocrx_word' id='word_1_134' title='bbox 294 1087 417 1122; x_wconf 82' lang='lat' dir='ltr'>simul</span> <span class='ocrx_word' id='word_1_135' title='bbox 445 1090 481 1122; x_wconf 87' lang='lat' dir='ltr'>et</span> <span class='ocrx_word' id='word_1_136' title='bbox 506 1091 704 1131; x_wconf 74' lang='lat' dir='ltr'>purgante</span> <span class='ocrx_word' id='word_1_137' title='bbox 728 1088 890 1131; x_wconf 85' lang='lat' dir='ltr'>gaudet.</span> <span class='ocrx_word' id='word_1_138' title='bbox 954 1084 1156 1120; x_wconf 80' lang='lat' dir='ltr'>Coluteae</span> <span class='ocrx_word' id='word_1_139' title='bbox 1180 1085 1493 1120; x_wconf 63' lang='lat' dir='ltr'>amarescentis</span> <span class='ocrx_word' id='word_1_140' title='bbox 1520 1086 1662 1133; x_wconf 88' lang='lat' dir='ltr'>Linn.,</span> <span class='ocrx_word' id='word_1_141' title='bbox 1694 1086 1737 1121; x_wconf 88' lang='lat' dir='ltr'>in</span> <span class='ocrx_word' id='word_1_142' title='bbox 1759 1088 1923 1129; x_wconf 79' lang='lat' dir='ltr'>Europa</span> 
     </span>
     <span class='ocr_line' id='line_1_16' title="bbox 86 1140 1922 1189; baseline -0.002 -8"><span class='ocrx_word' id='word_1_143' title='bbox 86 1144 332 1181; x_wconf 79' lang='lat' dir='ltr'>australiore</span> <span class='ocrx_word' id='word_1_144' title='bbox 351 1144 582 1187; x_wconf 73' lang='lat' dir='ltr'>indigenae,</span> <span class='ocrx_word' id='word_1_145' title='bbox 601 1146 637 1179; x_wconf 91' lang='lat' dir='ltr'>et</span> <span class='ocrx_word' id='word_1_146' title='bbox 659 1144 812 1186; x_wconf 84' lang='lat' dir='ltr'>passim</span> <span class='ocrx_word' id='word_1_147' title='bbox 831 1142 872 1178; x_wconf 91' lang='lat' dir='ltr'>in</span> <span class='ocrx_word' id='word_1_148' title='bbox 889 1144 1016 1179; x_wconf 86' lang='lat' dir='ltr'>hortis</span> <span class='ocrx_word' id='word_1_149' title='bbox 1036 1147 1166 1189; x_wconf 83' lang='lat' dir='ltr'>satae,</span> <span class='ocrx_word' id='word_1_150' title='bbox 1193 1143 1295 1178; x_wconf 85' lang='lat' dir='ltr'>folia</span> <span class='ocrx_word' id='word_1_151' title='bbox 1308 1140 1453 1185; x_wconf 76' lang='lat' dir='ltr'>(Folia</span> <span class='ocrx_word' id='word_1_152' title='bbox 1467 1141 1668 1177; x_wconf 77' lang='lat' dir='ltr'>Colaceae</span> <span class='ocrx_word' id='word_1_153' title='bbox 1686 1141 1922 1178; x_wconf 61' lang='lat' dir='ltr'>nesio-ariae</span> 
     </span>
     <span class='ocr_line' id='line_1_17' title="bbox 86 1197 1926 1246; baseline -0.001 -10"><span class='ocrx_word' id='word_1_154' title='bbox 86 1210 119 1237; x_wconf 89' lang='lat' dir='ltr'>s.</span> <span class='ocrx_word' id='word_1_155' title='bbox 134 1198 298 1235; x_wconf 72' lang='lat' dir='ltr'>Serenae</span> <span class='ocrx_word' id='word_1_156' title='bbox 310 1200 602 1246; x_wconf 73' lang='lat' dir='ltr'>germanicae)</span> <span class='ocrx_word' id='word_1_157' title='bbox 622 1203 760 1235; x_wconf 82' lang='lat' dir='ltr'>alvum</span> <span class='ocrx_word' id='word_1_158' title='bbox 778 1203 936 1246; x_wconf 86' lang='lat' dir='ltr'>laxant,</span> <span class='ocrx_word' id='word_1_159' title='bbox 955 1200 1116 1236; x_wconf 87' lang='lat' dir='ltr'>semina</span> <span class='ocrx_word' id='word_1_160' title='bbox 1130 1200 1297 1235; x_wconf 88' lang='lat' dir='ltr'>emesim</span> <span class='ocrx_word' id='word_1_161' title='bbox 1314 1204 1488 1236; x_wconf 82' lang='lat' dir='ltr'>movent.</span> <span class='ocrx_word' id='word_1_162' title='bbox 1523 1198 1768 1235; x_wconf 73' lang='lat' dir='ltr'>Corom‘lcae</span> <span class='ocrx_word' id='word_1_163' title='bbox 1779 1197 1926 1237; x_wconf 72' lang='lat' dir='ltr'>Emer-i</span> 
     </span>
     <span class='ocr_line' id='line_1_18' title="bbox 85 1256 1924 1303; baseline 0 -10"><span class='ocrx_word' id='word_1_164' title='bbox 85 1258 206 1294; x_wconf 90' lang='lat' dir='ltr'>Linn.</span> <span class='ocrx_word' id='word_1_165' title='bbox 237 1256 458 1300; x_wconf 84' lang='lat' dir='ltr'>(Coluteae</span> <span class='ocrx_word' id='word_1_166' title='bbox 489 1257 733 1300; x_wconf 88' lang='lat' dir='ltr'>scorpioidis</span> <span class='ocrx_word' id='word_1_167' title='bbox 757 1257 895 1301; x_wconf 81' lang='lat' dir='ltr'>Offic.)</span> <span class='ocrx_word' id='word_1_168' title='bbox 927 1257 1029 1293; x_wconf 84' lang='lat' dir='ltr'>folia</span> <span class='ocrx_word' id='word_1_169' title='bbox 1062 1265 1462 1303; x_wconf 85' lang='lat' dir='ltr'>nauseoso-amara,</span> <span class='ocrx_word' id='word_1_170' title='bbox 1495 1256 1589 1292; x_wconf 91' lang='lat' dir='ltr'>olim</span> <span class='ocrx_word' id='word_1_171' title='bbox 1614 1259 1662 1292; x_wconf 86' lang='lat' dir='ltr'>ad</span> <span class='ocrx_word' id='word_1_172' title='bbox 1690 1259 1828 1294; x_wconf 87' lang='lat' dir='ltr'>alvum</span> <span class='ocrx_word' id='word_1_173' title='bbox 1859 1259 1924 1293; x_wconf 89' lang='lat' dir='ltr'>la-</span> 
     </span>
     <span class='ocr_line' id='line_1_19' title="bbox 86 1311 1921 1360; baseline 0 -10"><span class='ocrx_word' id='word_1_174' title='bbox 86 1316 269 1351; x_wconf 84' lang='lat' dir='ltr'>xandum</span> <span class='ocrx_word' id='word_1_175' title='bbox 295 1323 321 1350; x_wconf 88' lang='lat' dir='ltr'>a</span> <span class='ocrx_word' id='word_1_176' title='bbox 344 1314 513 1349; x_wconf 82' lang='lat' dir='ltr'>medicis</span> <span class='ocrx_word' id='word_1_177' title='bbox 538 1314 815 1360; x_wconf 85' lang='lat' dir='ltr'>praescripta,</span> <span class='ocrx_word' id='word_1_178' title='bbox 847 1313 922 1348; x_wconf 79' lang='lat' dir='ltr'>vix</span> <span class='ocrx_word' id='word_1_179' title='bbox 946 1313 1065 1349; x_wconf 87' lang='lat' dir='ltr'>hodie</span> <span class='ocrx_word' id='word_1_180' title='bbox 1089 1314 1346 1349; x_wconf 87' lang='lat' dir='ltr'>adhibentur.</span> <span class='ocrx_word' id='word_1_181' title='bbox 1409 1311 1629 1347; x_wconf 74' lang='lat' dir='ltr'>Coronilla</span> <span class='ocrx_word' id='word_1_182' title='bbox 1651 1314 1778 1348; x_wconf 60' lang='lat' dir='ltr'>&lt;caria</span> <span class='ocrx_word' id='word_1_183' title='bbox 1801 1314 1921 1350; x_wconf 89' lang='lat' dir='ltr'>Linn.</span> 
     </span>
     <span class='ocr_line' id='line_1_20' title="bbox 88 1369 1921 1417; baseline -0.001 -10"><span class='ocrx_word' id='word_1_184' title='bbox 88 1370 237 1416; x_wconf 82' lang='lat' dir='ltr'>(vulgo</span> <span class='ocrx_word' id='word_1_185' title='bbox 270 1370 514 1414; x_wconf 86' lang='lat' dir='ltr'>Peltschen)</span> <span class='ocrx_word' id='word_1_186' title='bbox 548 1369 749 1413; x_wconf 83' lang='lat' dir='ltr'>principio</span> <span class='ocrx_word' id='word_1_187' title='bbox 781 1370 1010 1406; x_wconf 84' lang='lat' dir='ltr'>cathartino</span> <span class='ocrx_word' id='word_1_188' title='bbox 1043 1374 1192 1416; x_wconf 85' lang='lat' dir='ltr'>scatet,</span> <span class='ocrx_word' id='word_1_189' title='bbox 1239 1372 1459 1414; x_wconf 83' lang='lat' dir='ltr'>alvumque</span> <span class='ocrx_word' id='word_1_190' title='bbox 1497 1373 1753 1406; x_wconf 84' lang='lat' dir='ltr'>vehementer</span> <span class='ocrx_word' id='word_1_191' title='bbox 1790 1373 1921 1417; x_wconf 81' lang='lat' dir='ltr'>laxat,</span> 
     </span>
     <span class='ocr_line' id='line_1_21' title="bbox 87 1425 1922 1475; baseline -0.001 -10"><span class='ocrx_word' id='word_1_192' title='bbox 87 1428 211 1465; x_wconf 80' lang='lat' dir='ltr'>simul</span> <span class='ocrx_word' id='word_1_193' title='bbox 242 1428 402 1463; x_wconf 86' lang='lat' dir='ltr'>urinam</span> <span class='ocrx_word' id='word_1_194' title='bbox 433 1431 580 1462; x_wconf 81' lang='lat' dir='ltr'>movet.</span> <span class='ocrx_word' id='word_1_195' title='bbox 654 1427 796 1463; x_wconf 80' lang='lat' dir='ltr'>Virtus</span> <span class='ocrx_word' id='word_1_196' title='bbox 829 1437 1010 1471; x_wconf 84' lang='lat' dir='ltr'>purgans</span> <span class='ocrx_word' id='word_1_197' title='bbox 1041 1428 1082 1462; x_wconf 91' lang='lat' dir='ltr'>in</span> <span class='ocrx_word' id='word_1_198' title='bbox 1117 1425 1424 1472; x_wconf 72' lang='lat' dir='ltr'>Caesalpmieis</span> <span class='ocrx_word' id='word_1_199' title='bbox 1457 1426 1656 1469; x_wconf 85' lang='lat' dir='ltr'>imprimis</span> <span class='ocrx_word' id='word_1_200' title='bbox 1688 1427 1852 1475; x_wconf 84' lang='lat' dir='ltr'>emicat,</span> <span class='ocrx_word' id='word_1_201' title='bbox 1900 1437 1922 1464; x_wconf 83' lang='lat' dir='ltr'>c</span> 
     </span>
     <span class='ocr_line' id='line_1_22' title="bbox 88 1480 1923 1529; baseline -0.001 -9"><span class='ocrx_word' id='word_1_202' title='bbox 88 1494 260 1528; x_wconf 86' lang='lat' dir='ltr'>quarum</span> <span class='ocrx_word' id='word_1_203' title='bbox 280 1484 384 1519; x_wconf 84' lang='lat' dir='ltr'>tribu</span> <span class='ocrx_word' id='word_1_204' title='bbox 409 1481 681 1529; x_wconf 62' lang='lat' dir='ltr'>Tarum-indi,</span> <span class='ocrx_word' id='word_1_205' title='bbox 718 1481 896 1518; x_wconf 71' lang='lat' dir='ltr'>Cassiae</span> <span class='ocrx_word' id='word_1_206' title='bbox 913 1488 951 1520; x_wconf 83' lang='lat' dir='ltr'>et</span> <span class='ocrx_word' id='word_1_207' title='bbox 969 1480 1156 1517; x_wconf 60' lang='lat' dir='ltr'>Anao-ae</span> <span class='ocrx_word' id='word_1_208' title='bbox 1173 1484 1428 1527; x_wconf 88' lang='lat' dir='ltr'>potissimum</span> <span class='ocrx_word' id='word_1_209' title='bbox 1452 1485 1697 1520; x_wconf 75' lang='lat' dir='ltr'>laudandae.</span> <span class='ocrx_word' id='word_1_210' title='bbox 1762 1482 1923 1518; x_wconf 87' lang='lat' dir='ltr'>Tama-</span> 
     </span>
     <span class='ocr_line' id='line_1_23' title="bbox 88 1538 1923 1589; baseline 0.001 -13"><span class='ocrx_word' id='word_1_211' title='bbox 88 1540 237 1577; x_wconf 77' lang='lat' dir='ltr'>r1&#39;71das</span> <span class='ocrx_word' id='word_1_212' title='bbox 260 1538 402 1576; x_wconf 74' lang='lat' dir='ltr'>indica</span> <span class='ocrx_word' id='word_1_213' title='bbox 420 1541 562 1586; x_wconf 90' lang='lat' dir='ltr'>Linn.,</span> <span class='ocrx_word' id='word_1_214' title='bbox 594 1542 740 1576; x_wconf 88' lang='lat' dir='ltr'>decora</span> <span class='ocrx_word' id='word_1_215' title='bbox 764 1543 903 1587; x_wconf 86' lang='lat' dir='ltr'>arbor,</span> <span class='ocrx_word' id='word_1_216' title='bbox 936 1541 1041 1576; x_wconf 89' lang='lat' dir='ltr'>inter</span> <span class='ocrx_word' id='word_1_217' title='bbox 1065 1541 1239 1583; x_wconf 88' lang='lat' dir='ltr'>tropicos</span> <span class='ocrx_word' id='word_1_218' title='bbox 1263 1541 1413 1576; x_wconf 85' lang='lat' dir='ltr'>veteris</span> <span class='ocrx_word' id='word_1_219' title='bbox 1437 1541 1546 1576; x_wconf 84' lang='lat' dir='ltr'>orbis</span> <span class='ocrx_word' id='word_1_220' title='bbox 1563 1543 1706 1586; x_wconf 84' lang='lat' dir='ltr'>sponte</span> <span class='ocrx_word' id='word_1_221' title='bbox 1724 1542 1923 1589; x_wconf 87' lang='lat' dir='ltr'>nascitur,</span> 
     </span>
     <span class='ocr_line' id='line_1_24' title="bbox 85 1597 1921 1645; baseline -0.001 -10"><span class='ocrx_word' id='word_1_222' title='bbox 85 1598 129 1635; x_wconf 88' lang='lat' dir='ltr'>in</span> <span class='ocrx_word' id='word_1_223' title='bbox 147 1599 380 1634; x_wconf 85' lang='lat' dir='ltr'>Americam</span> <span class='ocrx_word' id='word_1_224' title='bbox 404 1601 453 1642; x_wconf 81' lang='lat' dir='ltr'>ab</span> <span class='ocrx_word' id='word_1_225' title='bbox 481 1597 715 1633; x_wconf 86' lang='lat' dir='ltr'>hominibus</span> <span class='ocrx_word' id='word_1_226' title='bbox 744 1601 980 1642; x_wconf 79' lang='lat' dir='ltr'>propagata.</span> <span class='ocrx_word' id='word_1_227' title='bbox 1038 1598 1265 1641; x_wconf 83' lang='lat' dir='ltr'>Legumina</span> <span class='ocrx_word' id='word_1_228' title='bbox 1288 1600 1415 1641; x_wconf 88' lang='lat' dir='ltr'>pulpa</span> <span class='ocrx_word' id='word_1_229' title='bbox 1437 1601 1594 1633; x_wconf 83' lang='lat' dir='ltr'>scatent</span> <span class='ocrx_word' id='word_1_230' title='bbox 1617 1599 1738 1634; x_wconf 87' lang='lat' dir='ltr'>odore</span> <span class='ocrx_word' id='word_1_231' title='bbox 1762 1599 1921 1645; x_wconf 55' lang='lat' dir='ltr'>intuso,</span> 
     </span>
     <span class='ocr_line' id='line_1_25' title="bbox 86 1654 1920 1704; baseline -0.001 -12"><span class='ocrx_word' id='word_1_232' title='bbox 86 1665 232 1699; x_wconf 83' lang='lat' dir='ltr'>sapore</span> <span class='ocrx_word' id='word_1_233' title='bbox 251 1655 415 1691; x_wconf 84' lang='lat' dir='ltr'>acidulo</span> <span class='ocrx_word' id='word_1_234' title='bbox 433 1654 646 1702; x_wconf 79' lang='lat' dir='ltr'>distincta,</span> <span class='ocrx_word' id='word_1_235' title='bbox 681 1664 785 1697; x_wconf 84' lang='lat' dir='ltr'>quae</span> <span class='ocrx_word' id='word_1_236' title='bbox 811 1664 902 1702; x_wconf 87' lang='lat' dir='ltr'>cum</span> <span class='ocrx_word' id='word_1_237' title='bbox 925 1654 1152 1690; x_wconf 83' lang='lat' dir='ltr'>seminibus</span> <span class='ocrx_word' id='word_1_238' title='bbox 1178 1658 1217 1690; x_wconf 87' lang='lat' dir='ltr'>et</span> <span class='ocrx_word' id='word_1_239' title='bbox 1240 1655 1459 1704; x_wconf 79' lang='lat' dir='ltr'>pericarpii</span> <span class='ocrx_word' id='word_1_240' title='bbox 1485 1654 1753 1699; x_wconf 80' lang='lat' dir='ltr'>fragminibus</span> <span class='ocrx_word' id='word_1_241' title='bbox 1778 1656 1920 1701; x_wconf 84' lang='lat' dir='ltr'>mixta,</span> 
     </span>
     <span class='ocr_line' id='line_1_26' title="bbox 75 1702 1919 1762; baseline -0.001 -15"><span class='ocrx_word' id='word_1_242' title='bbox 75 1711 308 1762; x_wconf 77' lang='lat' dir='ltr'>fructuum</span> <span class='ocrx_word' id='word_1_243' title='bbox 339 1708 696 1751; x_wconf 81' lang='lat' dir='ltr'>Tamar&#39;mdorum</span> <span class='ocrx_word' id='word_1_244' title='bbox 719 1710 882 1748; x_wconf 86' lang='lat' dir='ltr'>nomine</span> <span class='ocrx_word' id='word_1_245' title='bbox 907 1721 960 1746; x_wconf 83' lang='lat' dir='ltr'>ex</span> <span class='ocrx_word' id='word_1_246' title='bbox 984 1715 1155 1754; x_wconf 84' lang='lat' dir='ltr'>utraque</span> <span class='ocrx_word' id='word_1_247' title='bbox 1179 1712 1298 1747; x_wconf 83' lang='lat' dir='ltr'>India</span> <span class='ocrx_word' id='word_1_248' title='bbox 1321 1702 1664 1755; x_wconf 86' lang='lat' dir='ltr'>pharmacopoliis</span> <span class='ocrx_word' id='word_1_249' title='bbox 1691 1712 1919 1748; x_wconf 82' lang='lat' dir='ltr'>advehitur.</span> 
     </span>
     <span class='ocr_line' id='line_1_27' title="bbox 87 1768 1921 1821; baseline -0.001 -16"><span class='ocrx_word' id='word_1_250' title='bbox 87 1770 228 1806; x_wconf 68' lang='grc' dir='ltr'>Ηῑίυε</span> <span class='ocrx_word' id='word_1_251' title='bbox 256 1773 390 1805; x_wconf 87' lang='lat' dir='ltr'>tamen</span> <span class='ocrx_word' id='word_1_252' title='bbox 416 1768 692 1815; x_wconf 82' lang='lat' dir='ltr'>eccoprotica²</span> <span class='ocrx_word' id='word_1_253' title='bbox 724 1771 1028 1814; x_wconf 81' lang='lat' dir='ltr'>praevalentem</span> <span class='ocrx_word' id='word_1_254' title='bbox 1053 1769 1177 1804; x_wconf 90' lang='lat' dir='ltr'>simul</span> <span class='ocrx_word' id='word_1_255' title='bbox 1201 1768 1243 1804; x_wconf 86' lang='lat' dir='ltr'>in</span> <span class='ocrx_word' id='word_1_256' title='bbox 1269 1769 1351 1804; x_wconf 89' lang='lat' dir='ltr'>bile</span> <span class='ocrx_word' id='word_1_257' title='bbox 1374 1772 1615 1812; x_wconf 86' lang='lat' dir='ltr'>potestatem</span> <span class='ocrx_word' id='word_1_258' title='bbox 1634 1769 1921 1821; x_wconf 79' lang='lat' dir='ltr'>plilogisticam</span> 
     </span>
     <span class='ocr_line' id='line_1_28' title="bbox 83 1825 1922 1871; baseline 0 -9"><span class='ocrx_word' id='word_1_259' title='bbox 83 1829 273 1862; x_wconf 72' lang='lat' dir='ltr'>coercens</span> <span class='ocrx_word' id='word_1_260' title='bbox 306 1830 343 1861; x_wconf 88' lang='lat' dir='ltr'>et</span> <span class='ocrx_word' id='word_1_261' title='bbox 375 1826 546 1861; x_wconf 89' lang='lat' dir='ltr'>nimium</span> <span class='ocrx_word' id='word_1_262' title='bbox 568 1825 611 1860; x_wconf 87' lang='lat' dir='ltr'>in</span> <span class='ocrx_word' id='word_1_263' title='bbox 635 1826 840 1869; x_wconf 86' lang='lat' dir='ltr'>sanguine</span> <span class='ocrx_word' id='word_1_264' title='bbox 865 1829 903 1861; x_wconf 88' lang='lat' dir='ltr'>et</span> <span class='ocrx_word' id='word_1_265' title='bbox 926 1834 1119 1861; x_wconf 81' lang='lat' dir='ltr'>vasorum</span> <span class='ocrx_word' id='word_1_266' title='bbox 1143 1829 1367 1868; x_wconf 80' lang='lat' dir='ltr'>systemate</span> <span class='ocrx_word' id='word_1_267' title='bbox 1392 1826 1586 1869; x_wconf 86' lang='lat' dir='ltr'>impetum</span> <span class='ocrx_word' id='word_1_268' title='bbox 1610 1827 1846 1871; x_wconf 88' lang='lat' dir='ltr'>moderans,</span> <span class='ocrx_word' id='word_1_269' title='bbox 1878 1825 1922 1862; x_wconf 87' lang='lat' dir='ltr'>in</span> 
     </span>
     <span class='ocr_line' id='line_1_29' title="bbox 84 1882 1922 1928; baseline -0.001 -8"><span class='ocrx_word' id='word_1_270' title='bbox 84 1886 161 1920; x_wconf 87' lang='lat' dir='ltr'>hac</span> <span class='ocrx_word' id='word_1_271' title='bbox 177 1893 258 1922; x_wconf 88' lang='lat' dir='ltr'>non</span> <span class='ocrx_word' id='word_1_272' title='bbox 274 1886 323 1919; x_wconf 86' lang='lat' dir='ltr'>ab</span> <span class='ocrx_word' id='word_1_273' title='bbox 341 1883 413 1918; x_wconf 91' lang='lat' dir='ltr'>illo</span> <span class='ocrx_word' id='word_1_274' title='bbox 433 1882 632 1925; x_wconf 83' lang='lat' dir='ltr'>peculiari</span> <span class='ocrx_word' id='word_1_275' title='bbox 651 1883 850 1927; x_wconf 89' lang='lat' dir='ltr'>principio</span> <span class='ocrx_word' id='word_1_276' title='bbox 867 1885 1005 1918; x_wconf 80' lang='lat' dir='ltr'>alvum</span> <span class='ocrx_word' id='word_1_277' title='bbox 1028 1885 1197 1918; x_wconf 86' lang='lat' dir='ltr'>laxante</span> <span class='ocrx_word' id='word_1_278' title='bbox 1220 1885 1459 1928; x_wconf 86' lang='lat' dir='ltr'>repetenda,</span> <span class='ocrx_word' id='word_1_279' title='bbox 1492 1884 1563 1919; x_wconf 89' lang='lat' dir='ltr'>sed</span> <span class='ocrx_word' id='word_1_280' title='bbox 1589 1883 1724 1925; x_wconf 87' lang='lat' dir='ltr'>potius</span> <span class='ocrx_word' id='word_1_281' title='bbox 1748 1894 1770 1921; x_wconf 90' lang='lat' dir='ltr'>e</span> <span class='ocrx_word' id='word_1_282' title='bbox 1794 1893 1922 1928; x_wconf 86' lang='lat' dir='ltr'>pecu-</span> 
     </span>
     <span class='ocr_line' id='line_1_30' title="bbox 83 1939 1922 1988; baseline -0.001 -11"><span class='ocrx_word' id='word_1_283' title='bbox 83 1941 179 1977; x_wconf 90' lang='lat' dir='ltr'>liari</span> <span class='ocrx_word' id='word_1_284' title='bbox 204 1940 394 1977; x_wconf 84' lang='lat' dir='ltr'>sacchari</span> <span class='ocrx_word' id='word_1_285' title='bbox 420 1944 458 1975; x_wconf 91' lang='lat' dir='ltr'>et.</span> <span class='ocrx_word' id='word_1_286' title='bbox 472 1940 702 1988; x_wconf 73' lang='lat' dir='ltr'>aemorum,</span> <span class='ocrx_word' id='word_1_287' title='bbox 737 1940 888 1987; x_wconf 71' lang='lat' dir='ltr'>enrici,</span> <span class='ocrx_word' id='word_1_288' title='bbox 924 1939 1497 1986; x_wconf 86' lang='lat' dir='ltr'>tarlricietmalicimiscela,</span> <span class='ocrx_word' id='word_1_289' title='bbox 1531 1940 1752 1977; x_wconf 86' lang='lat' dir='ltr'>derivatur.</span> <span class='ocrx_word' id='word_1_290' title='bbox 1810 1941 1922 1976; x_wconf 88' lang='lat' dir='ltr'>Idem</span> 
     </span>
     <span class='ocr_line' id='line_1_31' title="bbox 85 1993 1919 2045; baseline 0 -12"><span class='ocrx_word' id='word_1_291' title='bbox 85 1999 132 2035; x_wconf 85' lang='lat' dir='ltr'>de</span> <span class='ocrx_word' id='word_1_292' title='bbox 153 1996 331 2032; x_wconf 74' lang='lat' dir='ltr'>Cassiae</span> <span class='ocrx_word' id='word_1_293' title='bbox 348 1993 545 2031; x_wconf 59' lang='lat' dir='ltr'>Fas-culae</span> <span class='ocrx_word' id='word_1_294' title='bbox 560 1997 701 2043; x_wconf 89' lang='lat' dir='ltr'>Liun.,</span> <span class='ocrx_word' id='word_1_295' title='bbox 728 1997 890 2033; x_wconf 87' lang='lat' dir='ltr'>indicae</span> <span class='ocrx_word' id='word_1_296' title='bbox 907 1996 1087 2042; x_wconf 84' lang='lat' dir='ltr'>arboris,</span> <span class='ocrx_word' id='word_1_297' title='bbox 1114 1996 1157 2032; x_wconf 91' lang='lat' dir='ltr'>in</span> <span class='ocrx_word' id='word_1_298' title='bbox 1176 1996 1323 2032; x_wconf 85' lang='lat' dir='ltr'>Africa</span> <span class='ocrx_word' id='word_1_299' title='bbox 1340 2001 1378 2032; x_wconf 84' lang='lat' dir='ltr'>et</span> <span class='ocrx_word' id='word_1_300' title='bbox 1392 1997 1587 2032; x_wconf 87' lang='lat' dir='ltr'>America</span> <span class='ocrx_word' id='word_1_301' title='bbox 1603 1999 1758 2045; x_wconf 86' lang='lat' dir='ltr'>cultae,</span> <span class='ocrx_word' id='word_1_302' title='bbox 1791 1999 1919 2041; x_wconf 87' lang='lat' dir='ltr'>pulpa</span> 
     </span>
    </p>
   </div>
   <div class='ocr_carea' id='block_1_4' title="bbox 84 2024 1919 2154">
    <p class='ocr_par' dir='ltr' id='par_1_4' title="bbox 84 2024 1919 2154">
     <span class='ocr_line' id='line_1_32' title="bbox 84 2024 1919 2115; baseline -0.001 -24"><span class='ocrx_word' id='word_1_303' title='bbox 84 2058 214 2101; x_wconf 83' lang='lat' dir='ltr'>v‚alet</span> <span class='ocrx_word' id='word_1_304' title='bbox 247 2063 352 2097; x_wconf 86' lang='lat' dir='ltr'>quae</span> <span class='ocrx_word' id='word_1_305' title='bbox 374 2063 426 2090; x_wconf 84' lang='lat' dir='ltr'>ex</span> <span class='ocrx_word' id='word_1_306' title='bbox 450 2056 623 2089; x_wconf 85' lang='lat' dir='ltr'>sacharo</span> <span class='ocrx_word' id='word_1_307' title='bbox 648 2058 687 2089; x_wconf 86' lang='lat' dir='ltr'>et</span> <span class='ocrx_word' id='word_1_308' title='bbox 710 2055 894 2099; x_wconf 85' lang='lat' dir='ltr'>gelatina</span> <span class='ocrx_word' id='word_1_309' title='bbox 917 2063 986 2097; x_wconf 82' lang='lat' dir='ltr'>pro</span> <span class='ocrx_word' id='word_1_310' title='bbox 1009 2024 1193 2090; x_wconf 53' lang='lat' dir='ltr'>ma&#39;xima</span> <span class='ocrx_word' id='word_1_311' title='bbox 1208 2054 1275 2091; x_wconf 83' lang='lat' dir='ltr'>sui</span> <span class='ocrx_word' id='word_1_312' title='bbox 1290 2058 1405 2098; x_wconf 87' lang='lat' dir='ltr'>parte</span> <span class='ocrx_word' id='word_1_313' title='bbox 1422 2058 1638 2115; x_wconf 80' lang='lat' dir='ltr'>constans,</span> <span class='ocrx_word' id='word_1_314' title='bbox 1670 2055 1723 2091; x_wconf 82' lang='lat' dir='ltr'>ad</span> <span class='ocrx_word' id='word_1_315' title='bbox 1740 2054 1919 2091; x_wconf 77' lang='lat' dir='ltr'>remedia</span> 
     </span>
     <span class='ocr_line' id='line_1_33' title="bbox 85 2110 752 2154; baseline -0.005 -5"><span class='ocrx_word' id='word_1_316' title='bbox 85 2111 283 2149; x_wconf 82' lang='lat' dir='ltr'>lenientia</span> <span class='ocrx_word' id='word_1_317' title='bbox 300 2110 553 2154; x_wconf 83' lang='lat' dir='ltr'>eccoprotica</span> <span class='ocrx_word' id='word_1_318' title='bbox 569 2111 752 2147; x_wconf 81' lang='lat' dir='ltr'>refertur.</span> 
     </span>
    </p>
   </div>
   <div class='ocr_carea' id='block_1_5' title="bbox 77 2156 1923 3026">
    <p class='ocr_par' dir='ltr' id='par_1_5' title="bbox 77 2156 1923 3026">
     <span class='ocr_line' id='line_1_34' title="bbox 227 2156 1921 2229; baseline 0 -11"><span class='ocrx_word' id='word_1_319' title='bbox 227 2182 484 2225; x_wconf 89' lang='lat' dir='ltr'>Principium</span> <span class='ocrx_word' id='word_1_320' title='bbox 514 2182 785 2218; x_wconf 85' lang='lat' dir='ltr'>catharticum</span> <span class='ocrx_word' id='word_1_321' title='bbox 815 2180 1018 2225; x_wconf 84' lang='lat' dir='ltr'>imprimis</span> <span class='ocrx_word' id='word_1_322' title='bbox 1049 2180 1092 2217; x_wconf 93' lang='lat' dir='ltr'>in</span> <span class='ocrx_word' id='word_1_323' title='bbox 1116 2156 1282 2217; x_wconf 78' lang='lat' dir='ltr'>Sennae</span> <span class='ocrx_word' id='word_1_324' title='bbox 1296 2179 1426 2229; x_wconf 75' lang='lat' dir='ltr'>fol-iis</span> <span class='ocrx_word' id='word_1_325' title='bbox 1451 2181 1598 2218; x_wconf 85' lang='lat' dir='ltr'>efficax</span> <span class='ocrx_word' id='word_1_326' title='bbox 1622 2184 1698 2219; x_wconf 85' lang='lat' dir='ltr'>est.</span> <span class='ocrx_word' id='word_1_327' title='bbox 1756 2183 1869 2218; x_wconf 83' lang='lat' dir='ltr'>Haec</span> <span class='ocrx_word' id='word_1_328' title='bbox 1899 2193 1921 2219; x_wconf 84' lang='lat' dir='ltr'>e</span> 
     </span>
     <span class='ocr_line' id='line_1_35' title="bbox 85 2237 1922 2287; baseline -0.001 -12"><span class='ocrx_word' id='word_1_329' title='bbox 85 2237 247 2275; x_wconf 80' lang='lat' dir='ltr'>Cassiis</span> <span class='ocrx_word' id='word_1_330' title='bbox 270 2239 470 2274; x_wconf 77' lang='lat' dir='ltr'>africanis</span> <span class='ocrx_word' id='word_1_331' title='bbox 485 2266 494 2276; x_wconf 88' lang='lat'><strong>.</strong></span> <span class='ocrx_word' id='word_1_332' title='bbox 529 2237 690 2285; x_wconf 77' lang='lat' dir='ltr'>Cassia.</span> <span class='ocrx_word' id='word_1_333' title='bbox 705 2237 953 2273; x_wconf 68' lang='lat' dir='ltr'>lanceolata</span> <span class='ocrx_word' id='word_1_334' title='bbox 977 2240 1146 2286; x_wconf 80' lang='lat' dir='ltr'>Forsk.,</span> <span class='ocrx_word' id='word_1_335' title='bbox 1182 2237 1337 2273; x_wconf 77' lang='lat' dir='ltr'>Cassia</span> <span class='ocrx_word' id='word_1_336' title='bbox 1361 2237 1596 2287; x_wconf 71' lang='lat' dir='ltr'>acutz&#39;folia</span> <span class='ocrx_word' id='word_1_337' title='bbox 1618 2241 1731 2286; x_wconf 88' lang='lat' dir='ltr'>Del.,</span> <span class='ocrx_word' id='word_1_338' title='bbox 1767 2237 1922 2274; x_wconf 72' lang='lat' dir='ltr'>Cassia</span> 
     </span>
     <span class='ocr_line' id='line_1_36' title="bbox 84 2293 1917 2339; baseline 0.001 -10"><span class='ocrx_word' id='word_1_339' title='bbox 84 2295 269 2331; x_wconf 79' lang='lat' dir='ltr'>olmvaca</span> <span class='ocrx_word' id='word_1_340' title='bbox 295 2297 452 2332; x_wconf 80' lang='lat' dir='ltr'>Conad.</span> <span class='ocrx_word' id='word_1_341' title='bbox 489 2299 527 2332; x_wconf 87' lang='lat' dir='ltr'>et</span> <span class='ocrx_word' id='word_1_342' title='bbox 560 2294 715 2331; x_wconf 69' lang='lat' dir='ltr'>Cassia</span> <span class='ocrx_word' id='word_1_343' title='bbox 746 2295 950 2331; x_wconf 75' lang='lat' dir='ltr'>obtusam</span> <span class='ocrx_word' id='word_1_344' title='bbox 972 2298 1109 2338; x_wconf 83' lang='lat' dir='ltr'>Hayn.</span> <span class='ocrx_word' id='word_1_345' title='bbox 1140 2299 1389 2339; x_wconf 85' lang='lat' dir='ltr'>repetuntur.</span> <span class='ocrx_word' id='word_1_346' title='bbox 1451 2293 1591 2330; x_wconf 77' lang='lat' dir='ltr'>Senna</span> <span class='ocrx_word' id='word_1_347' title='bbox 1623 2294 1917 2332; x_wconf 64' lang='lat' dir='ltr'>alexandrina</span> 
     </span>
     <span class='ocr_line' id='line_1_37' title="bbox 85 2350 1921 2398; baseline 0.001 -10"><span class='ocrx_word' id='word_1_348' title='bbox 85 2351 249 2396; x_wconf 79' lang='lat' dir='ltr'>(Senna</span> <span class='ocrx_word' id='word_1_349' title='bbox 272 2355 320 2389; x_wconf 89' lang='lat' dir='ltr'>de</span> <span class='ocrx_word' id='word_1_350' title='bbox 343 2356 387 2389; x_wconf 90' lang='lat' dir='ltr'>la</span> <span class='ocrx_word' id='word_1_351' title='bbox 403 2353 546 2397; x_wconf 83' lang='lat' dir='ltr'>Palte)</span> <span class='ocrx_word' id='word_1_352' title='bbox 568 2353 741 2396; x_wconf 73' lang='lat' dir='ltr'>reliquis</span> <span class='ocrx_word' id='word_1_353' title='bbox 765 2353 994 2397; x_wconf 81' lang='lat' dir='ltr'>praefertur</span> <span class='ocrx_word' id='word_1_354' title='bbox 1016 2364 1038 2389; x_wconf 90' lang='lat' dir='ltr'>e</span> <span class='ocrx_word' id='word_1_355' title='bbox 1065 2350 1219 2389; x_wconf 76' lang='lat' dir='ltr'>Cassia</span> <span class='ocrx_word' id='word_1_356' title='bbox 1237 2351 1489 2389; x_wconf 78' lang='lat' dir='ltr'>,lanceolata</span> <span class='ocrx_word' id='word_1_357' title='bbox 1506 2355 1650 2389; x_wconf 85' lang='lat' dir='ltr'>Forsk.</span> <span class='ocrx_word' id='word_1_358' title='bbox 1672 2353 1718 2389; x_wconf 88' lang='lat' dir='ltr'>in</span> <span class='ocrx_word' id='word_1_359' title='bbox 1735 2355 1921 2398; x_wconf 80' lang='lat' dir='ltr'>Aegvpto</span> 
     </span>
     <span class='ocr_line' id='line_1_38' title="bbox 87 2405 1917 2457; baseline 0 -11"><span class='ocrx_word' id='word_1_360' title='bbox 87 2413 282 2457; x_wconf 82' lang='lat' dir='ltr'>collecta,</span> <span class='ocrx_word' id='word_1_361' title='bbox 317 2419 422 2453; x_wconf 81' lang='lat' dir='ltr'>quae</span> <span class='ocrx_word' id='word_1_362' title='bbox 446 2415 580 2446; x_wconf 89' lang='lat' dir='ltr'>tamen</span> <span class='ocrx_word' id='word_1_363' title='bbox 604 2411 801 2446; x_wconf 84' lang='lat' dir='ltr'>admixtis</span> <span class='ocrx_word' id='word_1_364' title='bbox 819 2408 1209 2444; x_wconf 70' lang='lat' dir='ltr'>Solenosemmnacz·s</span> <span class='ocrx_word' id='word_1_365' title='bbox 1226 2405 1386 2456; x_wconf 67' lang='lat' dir='ltr'>Arga,</span> <span class='ocrx_word' id='word_1_366' title='bbox 1419 2413 1585 2453; x_wconf 87' lang='lat' dir='ltr'>plantae</span> <span class='ocrx_word' id='word_1_367' title='bbox 1600 2411 1917 2457; x_wconf 84' lang='lat' dir='ltr'>Asclepiadeae,</span> 
     </span>
     <span class='ocr_line' id='line_1_39' title="bbox 85 2464 1923 2512; baseline 0 -8"><span class='ocrx_word' id='word_1_368' title='bbox 85 2467 198 2504; x_wconf 80' lang='lat' dir='ltr'>foliis</span> <span class='ocrx_word' id='word_1_369' title='bbox 226 2470 464 2511; x_wconf 84' lang='lat' dir='ltr'>plerumque</span> <span class='ocrx_word' id='word_1_370' title='bbox 489 2468 769 2504; x_wconf 83' lang='lat' dir='ltr'>contaminata</span> <span class='ocrx_word' id='word_1_371' title='bbox 791 2470 867 2503; x_wconf 87' lang='lat' dir='ltr'>est..</span> <span class='ocrx_word' id='word_1_372' title='bbox 930 2467 1050 2503; x_wconf 83' lang='lat' dir='ltr'>Folia</span> <span class='ocrx_word' id='word_1_373' title='bbox 1074 2464 1240 2501; x_wconf 82' lang='lat' dir='ltr'>Sennae</span> <span class='ocrx_word' id='word_1_374' title='bbox 1260 2465 1547 2512; x_wconf 70' lang='lat' dir='ltr'>‚tripolitanae</span> <span class='ocrx_word' id='word_1_375' title='bbox 1570 2468 1923 2504; x_wconf 79' lang='lat' dir='ltr'>nominevenalia</span> 
     </span>
     <span class='ocr_line' id='line_1_40' title="bbox 90 2522 1920 2571; baseline 0.001 -13"><span class='ocrx_word' id='word_1_376' title='bbox 90 2523 268 2559; x_wconf 71' lang='lat' dir='ltr'>Cassiae</span> <span class='ocrx_word' id='word_1_377' title='bbox 293 2522 565 2558; x_wconf 77' lang='lat' dir='ltr'>lanceolacae</span> <span class='ocrx_word' id='word_1_378' title='bbox 597 2528 635 2560; x_wconf 86' lang='lat' dir='ltr'>et</span> <span class='ocrx_word' id='word_1_379' title='bbox 661 2523 840 2558; x_wconf 76' lang='lat' dir='ltr'>Cassiae</span> <span class='ocrx_word' id='word_1_380' title='bbox 865 2522 1072 2559; x_wconf 78' lang='lat' dir='ltr'>obovacae</span> <span class='ocrx_word' id='word_1_381' title='bbox 1096 2525 1232 2567; x_wconf 80' lang='lat' dir='ltr'>Hayn.</span> <span class='ocrx_word' id='word_1_382' title='bbox 1263 2524 1366 2561; x_wconf 83' lang='lat' dir='ltr'>folia</span> <span class='ocrx_word' id='word_1_383' title='bbox 1394 2533 1507 2560; x_wconf 85' lang='lat' dir='ltr'>mera</span> <span class='ocrx_word' id='word_1_384' title='bbox 1530 2524 1690 2567; x_wconf 89' lang='lat' dir='ltr'>quidem</span> <span class='ocrx_word' id='word_1_385' title='bbox 1714 2525 1920 2571; x_wconf 77' lang='lat' dir='ltr'>exhibent,</span> 
     </span>
     <span class='ocr_line' id='line_1_41' title="bbox 85 2577 1919 2628; baseline -0.002 -10"><span class='ocrx_word' id='word_1_386' title='bbox 85 2583 157 2618; x_wconf 84' lang='lat' dir='ltr'>sed</span> <span class='ocrx_word' id='word_1_387' title='bbox 182 2584 417 2625; x_wconf 87' lang='lat' dir='ltr'>plerumque</span> <span class='ocrx_word' id='word_1_388' title='bbox 434 2584 601 2628; x_wconf 83' lang='lat' dir='ltr'>pulvere</span> <span class='ocrx_word' id='word_1_389' title='bbox 617 2581 831 2624; x_wconf 82' lang='lat' dir='ltr'>inquinata</span> <span class='ocrx_word' id='word_1_390' title='bbox 848 2585 885 2617; x_wconf 88' lang='lat' dir='ltr'>et</span> <span class='ocrx_word' id='word_1_391' title='bbox 902 2582 985 2618; x_wconf 85' lang='lat' dir='ltr'>situ</span> <span class='ocrx_word' id='word_1_392' title='bbox 1000 2581 1204 2624; x_wconf 82' lang='lat' dir='ltr'>squalida.</span> <span class='ocrx_word' id='word_1_393' title='bbox 1265 2577 1430 2615; x_wconf 68' lang='lat' dir='ltr'>Serenae</span> <span class='ocrx_word' id='word_1_394' title='bbox 1454 2579 1671 2626; x_wconf 76' lang='lat' dir='ltr'>aleppicae</span> <span class='ocrx_word' id='word_1_395' title='bbox 1688 2585 1725 2617; x_wconf 89' lang='lat' dir='ltr'>et</span> <span class='ocrx_word' id='word_1_396' title='bbox 1740 2579 1919 2615; x_wconf 76' lang='lat' dir='ltr'>italicae</span> 
     </span>
     <span class='ocr_line' id='line_1_42' title="bbox 87 2629 1920 2681; baseline 0.001 -7"><span class='ocrx_word' id='word_1_397' title='bbox 87 2639 249 2674; x_wconf 88' lang='lat' dir='ltr'>nomine</span> <span class='ocrx_word' id='word_1_398' title='bbox 269 2637 445 2672; x_wconf 73' lang='lat' dir='ltr'>Cassiae</span> <span class='ocrx_word' id='word_1_399' title='bbox 469 2637 677 2675; x_wconf 79' lang='lat' dir='ltr'>obovatae</span> <span class='ocrx_word' id='word_1_400' title='bbox 704 2643 743 2674; x_wconf 87' lang='lat' dir='ltr'>et</span> <span class='ocrx_word' id='word_1_401' title='bbox 769 2637 996 2673; x_wconf 77' lang='lat' dir='ltr'>obtusatae</span> <span class='ocrx_word' id='word_1_402' title='bbox 1021 2629 1123 2673; x_wconf 85' lang='lat' dir='ltr'>folia</span> <span class='ocrx_word' id='word_1_403' title='bbox 1145 2641 1336 2673; x_wconf 83' lang='lat' dir='ltr'>veneunt.</span> <span class='ocrx_word' id='word_1_404' title='bbox 1385 2636 1541 2673; x_wconf 69' lang='lat' dir='ltr'>Cassia</span> <span class='ocrx_word' id='word_1_405' title='bbox 1564 2636 1768 2673; x_wconf 68' lang='lat' dir='ltr'>obtusam</span> <span class='ocrx_word' id='word_1_406' title='bbox 1784 2639 1920 2681; x_wconf 77' lang='lat' dir='ltr'>Hayn.</span> 
     </span>
     <span class='ocr_line' id='line_1_43' title="bbox 88 2694 1922 2743; baseline 0.001 -13"><span class='ocrx_word' id='word_1_407' title='bbox 88 2694 156 2739; x_wconf 82' lang='lat' dir='ltr'>(C.</span> <span class='ocrx_word' id='word_1_408' title='bbox 179 2697 318 2731; x_wconf 87' lang='lat' dir='ltr'>Senna</span> <span class='ocrx_word' id='word_1_409' title='bbox 333 2695 496 2743; x_wconf 67' lang='lat' dir='ltr'>Lam),</span> <span class='ocrx_word' id='word_1_410' title='bbox 520 2695 564 2731; x_wconf 89' lang='lat' dir='ltr'>in</span> <span class='ocrx_word' id='word_1_411' title='bbox 581 2697 768 2740; x_wconf 80' lang='lat' dir='ltr'>Aegypto</span> <span class='ocrx_word' id='word_1_412' title='bbox 789 2696 1007 2742; x_wconf 77' lang='lat' dir='ltr'>indigena,</span> <span class='ocrx_word' id='word_1_413' title='bbox 1039 2695 1136 2730; x_wconf 89' lang='lat' dir='ltr'>olim</span> <span class='ocrx_word' id='word_1_414' title='bbox 1153 2694 1193 2730; x_wconf 91' lang='lat' dir='ltr'>in</span> <span class='ocrx_word' id='word_1_415' title='bbox 1210 2695 1334 2731; x_wconf 83' lang='lat' dir='ltr'>Italia</span> <span class='ocrx_word' id='word_1_416' title='bbox 1350 2697 1463 2730; x_wconf 87' lang='lat' dir='ltr'>culta</span> <span class='ocrx_word' id='word_1_417' title='bbox 1480 2695 1574 2742; x_wconf 79' lang='lat' dir='ltr'>fuit3</span> <span class='ocrx_word' id='word_1_418' title='bbox 1605 2696 1775 2732; x_wconf 85' lang='lat' dir='ltr'>eandem</span> <span class='ocrx_word' id='word_1_419' title='bbox 1797 2695 1922 2732; x_wconf 86' lang='lat' dir='ltr'>etiam</span> 
     </span>
     <span class='ocr_line' id='line_1_44' title="bbox 87 2750 1919 2796; baseline 0 -9"><span class='ocrx_word' id='word_1_420' title='bbox 87 2753 129 2788; x_wconf 89' lang='lat' dir='ltr'>iu</span> <span class='ocrx_word' id='word_1_421' title='bbox 155 2752 327 2788; x_wconf 87' lang='lat' dir='ltr'>Antillis</span> <span class='ocrx_word' id='word_1_422' title='bbox 351 2756 503 2788; x_wconf 85' lang='lat' dir='ltr'>serunt.</span> <span class='ocrx_word' id='word_1_423' title='bbox 562 2752 680 2788; x_wconf 84' lang='lat' dir='ltr'>Folia</span> <span class='ocrx_word' id='word_1_424' title='bbox 705 2750 868 2787; x_wconf 72' lang='lat' dir='ltr'>Serenae</span> <span class='ocrx_word' id='word_1_425' title='bbox 892 2750 1058 2786; x_wconf 63' lang='lat' dir='ltr'>indicae</span> <span class='ocrx_word' id='word_1_426' title='bbox 1082 2751 1268 2795; x_wconf 84' lang='lat' dir='ltr'>(Sennae</span> <span class='ocrx_word' id='word_1_427' title='bbox 1292 2753 1341 2787; x_wconf 92' lang='lat' dir='ltr'>de</span> <span class='ocrx_word' id='word_1_428' title='bbox 1364 2751 1533 2796; x_wconf 83' lang='lat' dir='ltr'>Mocca]</span> <span class='ocrx_word' id='word_1_429' title='bbox 1557 2763 1578 2787; x_wconf 90' lang='lat' dir='ltr'>e</span> <span class='ocrx_word' id='word_1_430' title='bbox 1599 2750 1753 2787; x_wconf 75' lang='lat' dir='ltr'>Cassia</span> <span class='ocrx_word' id='word_1_431' title='bbox 1775 2752 1919 2787; x_wconf 77' lang='lat' dir='ltr'>aculi-</span> 
     </span>
     <span class='ocr_line' id='line_1_45' title="bbox 77 2807 1917 2858; baseline 0.001 -16"><span class='ocrx_word' id='word_1_432' title='bbox 77 2807 200 2858; x_wconf 81' lang='lat' dir='ltr'>fole&#39;a</span> <span class='ocrx_word' id='word_1_433' title='bbox 216 2810 304 2845; x_wconf 90' lang='lat' dir='ltr'>Del.</span> <span class='ocrx_word' id='word_1_434' title='bbox 323 2811 534 2855; x_wconf 85' lang='lat' dir='ltr'>leguntur,</span> <span class='ocrx_word' id='word_1_435' title='bbox 568 2808 715 2845; x_wconf 85' lang='lat' dir='ltr'>frutice</span> <span class='ocrx_word' id='word_1_436' title='bbox 733 2819 803 2852; x_wconf 89' lang='lat' dir='ltr'>per</span> <span class='ocrx_word' id='word_1_437' title='bbox 818 2809 1005 2845; x_wconf 83' lang='lat' dir='ltr'>Africam</span> <span class='ocrx_word' id='word_1_438' title='bbox 1025 2808 1218 2851; x_wconf 83' lang='lat' dir='ltr'>tropicam</span> <span class='ocrx_word' id='word_1_439' title='bbox 1234 2809 1420 2857; x_wconf 85' lang='lat' dir='ltr'>vulgari,</span> <span class='ocrx_word' id='word_1_440' title='bbox 1453 2810 1575 2845; x_wconf 87' lang='lat' dir='ltr'>etiam</span> <span class='ocrx_word' id='word_1_441' title='bbox 1592 2809 1633 2844; x_wconf 89' lang='lat' dir='ltr'>in</span> <span class='ocrx_word' id='word_1_442' title='bbox 1649 2809 1768 2845; x_wconf 85' lang='lat' dir='ltr'>India</span> <span class='ocrx_word' id='word_1_443' title='bbox 1784 2808 1917 2845; x_wconf 86' lang='lat' dir='ltr'>obvio.</span> 
     </span>
     <span class='ocr_line' id='line_1_46' title="bbox 88 2863 1917 2913; baseline 0.001 -13"><span class='ocrx_word' id='word_1_444' title='bbox 88 2863 253 2900; x_wconf 66' lang='lat' dir='ltr'>Serenae</span> <span class='ocrx_word' id='word_1_445' title='bbox 277 2875 446 2910; x_wconf 82' lang='lat' dir='ltr'>parvae</span> <span class='ocrx_word' id='word_1_446' title='bbox 475 2866 635 2901; x_wconf 86' lang='lat' dir='ltr'>nomine</span> <span class='ocrx_word' id='word_1_447' title='bbox 667 2866 857 2902; x_wconf 84' lang='lat' dir='ltr'>foliorum</span> <span class='ocrx_word' id='word_1_448' title='bbox 889 2866 1094 2910; x_wconf 81' lang='lat' dir='ltr'>fragmina</span> <span class='ocrx_word' id='word_1_449' title='bbox 1123 2869 1419 2913; x_wconf 84' lang='lat' dir='ltr'>proponuntur,</span> <span class='ocrx_word' id='word_1_450' title='bbox 1466 2866 1750 2912; x_wconf 83' lang='lat' dir='ltr'>Colutearum,</span> <span class='ocrx_word' id='word_1_451' title='bbox 1794 2865 1917 2912; x_wconf 85' lang='lat' dir='ltr'>Buxi,</span> 
     </span>
     <span class='ocr_line' id='line_1_47' title="bbox 89 2919 1919 2967; baseline 0 -9"><span class='ocrx_word' id='word_1_452' title='bbox 89 2923 226 2967; x_wconf 88' lang='lat' dir='ltr'>Ilicis,</span> <span class='ocrx_word' id='word_1_453' title='bbox 258 2923 407 2967; x_wconf 89' lang='lat' dir='ltr'>Lauri,</span> <span class='ocrx_word' id='word_1_454' title='bbox 440 2922 519 2958; x_wconf 90' lang='lat' dir='ltr'>imo</span> <span class='ocrx_word' id='word_1_455' title='bbox 545 2927 581 2958; x_wconf 89' lang='lat' dir='ltr'>et</span> <span class='ocrx_word' id='word_1_456' title='bbox 606 2923 815 2959; x_wconf 74' lang='lat' dir='ltr'>coriariae</span> <span class='ocrx_word' id='word_1_457' title='bbox 840 2923 950 2958; x_wconf 84' lang='lat' dir='ltr'>foliis</span> <span class='ocrx_word' id='word_1_458' title='bbox 981 2922 1162 2958; x_wconf 87' lang='lat' dir='ltr'>concisis</span> <span class='ocrx_word' id='word_1_459' title='bbox 1191 2923 1436 2959; x_wconf 86' lang='lat' dir='ltr'>adulterata.</span> <span class='ocrx_word' id='word_1_460' title='bbox 1495 2922 1683 2959; x_wconf 88' lang='lat' dir='ltr'>Boreali-</span> <span class='ocrx_word' id='word_1_461' title='bbox 1695 2919 1919 2960; x_wconf 85' lang='lat' dir='ltr'>americani</span> 
     </span>
     <span class='ocr_line' id='line_1_48' title="bbox 93 2977 1326 3026; baseline 0.002 -13"><span class='ocrx_word' id='word_1_462' title='bbox 93 2978 272 3016; x_wconf 69' lang='lat' dir='ltr'>Cassiae</span> <span class='ocrx_word' id='word_1_463' title='bbox 288 2977 611 3026; x_wconf 73' lang='lat' dir='ltr'>marylandz‘cae</span> <span class='ocrx_word' id='word_1_464' title='bbox 626 2980 746 3016; x_wconf 90' lang='lat' dir='ltr'>Linn.</span> <span class='ocrx_word' id='word_1_465' title='bbox 765 2979 867 3016; x_wconf 86' lang='lat' dir='ltr'>folia</span> <span class='ocrx_word' id='word_1_466' title='bbox 883 2983 1043 3016; x_wconf 85' lang='lat' dir='ltr'>Sennae</span> <span class='ocrx_word' id='word_1_467' title='bbox 1058 2982 1145 3015; x_wconf 92' lang='lat' dir='ltr'>loco</span> <span class='ocrx_word' id='word_1_468' title='bbox 1161 2982 1326 3015; x_wconf 87' lang='lat' dir='ltr'>habent.</span> 
     </span>
    </p>
   </div>
   <div class='ocr_carea' id='block_1_6' title="bbox 89 3045 1919 3266">
    <p class='ocr_par' dir='ltr' id='par_1_6' title="bbox 89 3045 1919 3266">
     <span class='ocr_line' id='line_1_49' title="bbox 234 3045 1918 3097; baseline 0.001 -12"><span class='ocrx_word' id='word_1_469' title='bbox 234 3049 414 3086; x_wconf 79' lang='lat' dir='ltr'>Cassiae</span> <span class='ocrx_word' id='word_1_470' title='bbox 437 3045 580 3086; x_wconf 81' lang='lat' dir='ltr'>Absns</span> <span class='ocrx_word' id='word_1_471' title='bbox 602 3051 745 3097; x_wconf 89' lang='lat' dir='ltr'>Linn.,</span> <span class='ocrx_word' id='word_1_472' title='bbox 775 3053 927 3087; x_wconf 83' lang='lat' dir='ltr'>herbae</span> <span class='ocrx_word' id='word_1_473' title='bbox 956 3059 1140 3095; x_wconf 86' lang='lat' dir='ltr'>annuae,</span> <span class='ocrx_word' id='word_1_474' title='bbox 1172 3050 1332 3089; x_wconf 86' lang='lat' dir='ltr'>semina</span> <span class='ocrx_word' id='word_1_475' title='bbox 1362 3049 1643 3095; x_wconf 86' lang='lat' dir='ltr'>amarissima,</span> <span class='ocrx_word' id='word_1_476' title='bbox 1680 3045 1918 3087; x_wconf 77' lang='lat' dir='ltr'>subaroma-</span> 
     </span>
     <span class='ocr_line' id='line_1_50' title="bbox 90 3105 1919 3155; baseline -0.001 -12"><span class='ocrx_word' id='word_1_477' title='bbox 90 3108 192 3155; x_wconf 85' lang='lat' dir='ltr'>tica,</span> <span class='ocrx_word' id='word_1_478' title='bbox 217 3109 519 3154; x_wconf 85' lang='lat' dir='ltr'>mucilaginosa</span> <span class='ocrx_word' id='word_1_479' title='bbox 537 3106 684 3151; x_wconf 82' lang='lat' dir='ltr'>(vulgo</span> <span class='ocrx_word' id='word_1_480' title='bbox 698 3105 893 3155; x_wconf 67' lang='lat' dir='ltr'>Chic-lma,</span> <span class='ocrx_word' id='word_1_481' title='bbox 916 3106 1163 3151; x_wconf 67' lang='lat' dir='ltr'>Cismataa)</span> <span class='ocrx_word' id='word_1_482' title='bbox 1181 3117 1234 3143; x_wconf 84' lang='lat' dir='ltr'>ex</span> <span class='ocrx_word' id='word_1_483' title='bbox 1249 3107 1419 3144; x_wconf 84' lang='lat' dir='ltr'>Africae</span> <span class='ocrx_word' id='word_1_484' title='bbox 1437 3108 1714 3151; x_wconf 82' lang='lat' dir='ltr'>penetralibus</span> <span class='ocrx_word' id='word_1_485' title='bbox 1730 3109 1919 3143; x_wconf 85' lang='lat' dir='ltr'>Alexan-</span> 
     </span>
     <span class='ocr_line' id='line_1_51' title="bbox 89 3164 1918 3214; baseline 0.001 -14"><span class='ocrx_word' id='word_1_486' title='bbox 89 3165 220 3201; x_wconf 87' lang='lat' dir='ltr'>driam</span> <span class='ocrx_word' id='word_1_487' title='bbox 237 3169 275 3200; x_wconf 89' lang='lat' dir='ltr'>et</span> <span class='ocrx_word' id='word_1_488' title='bbox 290 3166 487 3201; x_wconf 72' lang='lat' dir='ltr'>Kalliram</span> <span class='ocrx_word' id='word_1_489' title='bbox 504 3167 583 3202; x_wconf 82' lang='lat' dir='ltr'>adv</span> <span class='ocrx_word' id='word_1_490' title='bbox 587 3169 781 3213; x_wconf 85' lang='lat' dir='ltr'>chuntur,</span> <span class='ocrx_word' id='word_1_491' title='bbox 814 3165 1038 3214; x_wconf 78' lang='lat' dir='ltr'>tutissimo,</span> <span class='ocrx_word' id='word_1_492' title='bbox 1071 3168 1115 3201; x_wconf 89' lang='lat' dir='ltr'>ut</span> <span class='ocrx_word' id='word_1_493' title='bbox 1137 3165 1370 3213; x_wconf 81' lang='lat' dir='ltr'>perhibent,</span> <span class='ocrx_word' id='word_1_494' title='bbox 1402 3166 1481 3201; x_wconf 81' lang='lat' dir='ltr'>adv</span> <span class='ocrx_word' id='word_1_495' title='bbox 1484 3174 1602 3202; x_wconf 89' lang='lat' dir='ltr'>ersus</span> <span class='ocrx_word' id='word_1_496' title='bbox 1626 3164 1918 3209; x_wconf 84' lang='lat' dir='ltr'>ophthalmiam</span> 
     </span>
     <span class='ocr_line' id='line_1_52' title="bbox 90 3222 590 3266; baseline 0.002 -7"><span class='ocrx_word' id='word_1_497' title='bbox 90 3222 382 3266; x_wconf 79' lang='lat' dir='ltr'>aegyptiacam</span> <span class='ocrx_word' id='word_1_498' title='bbox 401 3223 590 3261; x_wconf 87' lang='lat' dir='ltr'>remedio.</span> 
     </span>
    </p>
   </div>
   <div class='ocr_carea' id='block_1_7' title="bbox 230 3281 1917 3340">
    <p class='ocr_par' dir='ltr' id='par_1_7' title="bbox 230 3281 1917 3340">
     <span class='ocr_line' id='line_1_53' title="bbox 230 3281 1917 3340; baseline 0 -12"><span class='ocrx_word' id='word_1_499' title='bbox 230 3293 444 3340; x_wconf 83' lang='lat' dir='ltr'>Principia</span> <span class='ocrx_word' id='word_1_500' title='bbox 473 3281 860 3340; x_wconf 84' lang='lat' dir='ltr'>narcotico-acria,</span> <span class='ocrx_word' id='word_1_501' title='bbox 893 3292 1034 3337; x_wconf 82' lang='lat' dir='ltr'>qualia</span> <span class='ocrx_word' id='word_1_502' title='bbox 1058 3291 1101 3328; x_wconf 89' lang='lat' dir='ltr'>in</span> <span class='ocrx_word' id='word_1_503' title='bbox 1123 3285 1324 3328; x_wconf 76' lang='lat' dir='ltr'>Andae&#39;rae</span> <span class='ocrx_word' id='word_1_504' title='bbox 1348 3294 1388 3327; x_wconf 84' lang='lat' dir='ltr'>et</span> <span class='ocrx_word' id='word_1_505' title='bbox 1414 3283 1678 3338; x_wconf 66' lang='lat' dir='ltr'>Geoffroyae</span> <span class='ocrx_word' id='word_1_506' title='bbox 1699 3290 1917 3336; x_wconf 83' lang='lat' dir='ltr'>speciebus</span> 
     </span>
    </p>
   </div>
   <div class='ocr_carea' id='block_1_8' title="bbox 88 3348 1918 3443">
    <p class='ocr_par' dir='ltr' id='par_1_8' title="bbox 88 3348 1918 3443">
     <span class='ocr_line' id='line_1_54' title="bbox 88 3348 1918 3398; baseline 0.001 -13"><span class='ocrx_word' id='word_1_507' title='bbox 88 3352 306 3394; x_wconf 77' lang='lat' dir='ltr'>observata</span> <span class='ocrx_word' id='word_1_508' title='bbox 329 3350 515 3398; x_wconf 82' lang='lat' dir='ltr'>fuerunt,</span> <span class='ocrx_word' id='word_1_509' title='bbox 546 3350 654 3387; x_wconf 90' lang='lat' dir='ltr'>inter</span> <span class='ocrx_word' id='word_1_510' title='bbox 674 3350 914 3389; x_wconf 85' lang='lat' dir='ltr'>rarissimas</span> <span class='ocrx_word' id='word_1_511' title='bbox 937 3350 981 3386; x_wconf 90' lang='lat' dir='ltr'>in</span> <span class='ocrx_word' id='word_1_512' title='bbox 1005 3350 1158 3394; x_wconf 87' lang='lat' dir='ltr'>plantis</span> <span class='ocrx_word' id='word_1_513' title='bbox 1180 3348 1471 3396; x_wconf 81' lang='lat' dir='ltr'>Leguminosis</span> <span class='ocrx_word' id='word_1_514' title='bbox 1493 3349 1752 3387; x_wconf 77' lang='lat' dir='ltr'>substantias</span> <span class='ocrx_word' id='word_1_515' title='bbox 1774 3359 1918 3386; x_wconf 88' lang='lat' dir='ltr'>nume-</span> 
     </span>
     <span class='ocr_line' id='line_1_55' title="bbox 92 3410 249 3443; baseline 0 -1"><span class='ocrx_word' id='word_1_516' title='bbox 92 3410 249 3443; x_wconf 84' lang='lat' dir='ltr'>rantur.</span> 
     </span>
    </p>
   </div>
   <div class='ocr_carea' id='block_1_9' title="bbox 89 3464 1918 3583">
    <p class='ocr_par' dir='ltr' id='par_1_9' title="bbox 89 3464 1918 3583">
     <span class='ocr_line' id='line_1_56' title="bbox 232 3464 1918 3527; baseline 0.002 -16"><span class='ocrx_word' id='word_1_517' title='bbox 232 3470 428 3512; x_wconf 75' lang='lat' dir='ltr'>Andirae</span> <span class='ocrx_word' id='word_1_518' title='bbox 441 3481 617 3514; x_wconf 80' lang='lat' dir='ltr'>retusae</span> <span class='ocrx_word' id='word_1_519' title='bbox 632 3480 682 3516; x_wconf 87' lang='grc' dir='ltr'>Η.</span> <span class='ocrx_word' id='word_1_520' title='bbox 698 3480 745 3516; x_wconf 87' lang='grc' dir='ltr'>Β.</span> <span class='ocrx_word' id='word_1_521' title='bbox 762 3480 834 3527; x_wconf 90' lang='grc' dir='ltr'>Κ.,</span> <span class='ocrx_word' id='word_1_522' title='bbox 860 3478 1023 3515; x_wconf 65' lang='lat' dir='ltr'>‘arboris</span> <span class='ocrx_word' id='word_1_523' title='bbox 1038 3466 1352 3525; x_wconf 84' lang='lat' dir='ltr'>surinamensis,</span> <span class='ocrx_word' id='word_1_524' title='bbox 1378 3464 1517 3514; x_wconf 84' lang='lat' dir='ltr'>cortex</span> <span class='ocrx_word' id='word_1_525' title='bbox 1533 3477 1695 3522; x_wconf 83' lang='lat' dir='ltr'>(cortex</span> <span class='ocrx_word' id='word_1_526' title='bbox 1710 3477 1918 3514; x_wconf 72' lang='lat' dir='ltr'>Geoffreae</span> 
     </span>
     <span class='ocr_line' id='line_1_57' title="bbox 89 3532 1915 3583; baseline 0.001 -12"><span class='ocrx_word' id='word_1_527' title='bbox 89 3534 396 3573; x_wconf 84' lang='lat' dir='ltr'>surinamensis</span> <span class='ocrx_word' id='word_1_528' title='bbox 413 3535 552 3582; x_wconf 82' lang='lat' dir='ltr'>Offic.)</span> <span class='ocrx_word' id='word_1_529' title='bbox 566 3543 596 3573; x_wconf 81' lang='lat' dir='ltr'>a</span> <span class='ocrx_word' id='word_1_530' title='bbox 610 3536 847 3574; x_wconf 83' lang='lat' dir='ltr'>substantia</span> <span class='ocrx_word' id='word_1_531' title='bbox 861 3535 1062 3581; x_wconf 86' lang='lat' dir='ltr'>peculiari</span> <span class='ocrx_word' id='word_1_532' title='bbox 1082 3532 1415 3583; x_wconf 64' lang='lat' dir='ltr'>(Sur-maminot),</span> <span class='ocrx_word' id='word_1_533' title='bbox 1434 3537 1656 3580; x_wconf 79' lang='lat' dir='ltr'>crystallus</span> <span class='ocrx_word' id='word_1_534' title='bbox 1672 3534 1915 3582; x_wconf 78' lang='lat' dir='ltr'>acuformes,</span> 
     </span>
    </p>
   </div>
  </div>
 </body>
</html>
