2147 3756
952 127 1062 179 615

837 205 1187 215 .-—·-e——-—-———-

238 296 671 354 Geographia.
729 302 938 340 Rutaceae
967 296 1107 339 omnes
1132 302 1422 349 gerontogeae,
1454 298 1497 338 in
1519 300 1826 345 hemisphaerae
1848 305 1920 339 bo-

100 360 225 398 realis
251 365 376 405 plaga
400 366 622 405 temperata
642 361 847 407 habitant,
879 360 922 396 in
946 361 1110 404 regione
1131 358 1429 394 mediterranea
1450 362 1487 393 et
1507 359 1659 394 Sibiria
1676 361 1921 396 australiore

99 418 475 463 frequentissimae,
507 427 653 453 versus
676 420 810 460 polum
835 421 873 460 et
892 421 1153 459 aequatorem
1175 424 1340 451 numero
1366 416 1486 450 valde
1504 414 1727 451 imminuto.
1786 414 1922 450 Boen-

99 471 410 521 m'ngleansem'a
428 474 468 509 in
486 474 660 517 Nepalia
676 473 845 510 habitat.

240 537 605 589 Qualitates
630 548 666 579 et
692 550 860 582 usus.
921 544 1067 578 Omnes
1092 541 1349 580 substantiae
1372 549 1558 587 amarae,
1591 541 1753 577 resinae
1777 541 1860 577 acri
1883 544 1924 578 et.

98 601 185 638 oleo
211 604 419 647 aethereo,
454 603 554 643 quod
580 602 619 635 in
644 601 834 637 foliorum
856 600 1074 641 florumque
1091 599 1301 642 glandulis
1318 603 1518 634 secretum
1535 601 1701 642 gerunt,
1733 598 1924 635 virtutem

99 660 242 694 debent
264 658 403 693 valide
427 658 716 693 stimulantem.
778 655 920 690 vRnlnre
934 653 1222 701 graveolentis
1241 652 1362 691 Limt.
1389 653 1544 697 (Butae
1567 655 1770 690 hortensis
1795 655 1922 701 Offic.,

98 708 349 762 πήγανον),
384 717 548 757 plantae
572 715 610 748 in
630 714 797 749 Africae
821 722 892 748 ora
907 712 1062 747 boreali
1079 717 1349 756 spontaneae,
1382 712 1535 754 passim
1553 711 1593 746 in
1610 710 1737 746 hortis
1754 715 1869 746 satae
1886 716 1926 747 et

97 781 169 814 per
194 780 348 806 omnem
374 771 576 814 regionem
600 770 937 805 mediterraneam
962 770 1171 814 efferatae,
1203 772 1323 803 vetus
1348 768 1457 803 fama
1481 772 1556 803 est.
1615 770 1790 803 Acetum
1807 777 1858 803 ex
1876 776 1925 803 ea

96 827 321 863 confectum
341 827 540 863 adversus
558 835 717 861 venena
736 825 930 868 pestifera
946 835 1017 868 per
1032 827 1162 859 multa
1178 827 1350 859 saecula
1365 825 1518 870 valuit,
1544 823 1665 860 etiam
1682 824 1926 867 epispastici

98 886 186 919 loco
212 885 297 926 jam
327 885 532 919 veteribus
565 883 759 918 adhibita.
819 883 929 917 Usus
960 882 1065 916 inter
1095 881 1275 915 ciborum
1302 881 1579 927 condimenta,
1612 891 1728 924 quem
1754 881 1928 917 Romani

101 942 293 986 docuere,
325 940 368 974 in
400 940 617 974 Germania
655 943 719 973 sat
751 938 942 979 frequens
973 937 1137 973 obtinet.
1198 938 1346 972 Velata
1377 947 1521 983 manu,
1553 939 1604 974 ad
1637 939 1926 981 praecavenda,

97 999 257 1042 ulcera,
290 996 540 1031 runcandam
565 999 722 1030 veteres
745 998 920 1030 monent.
981 991 1123 1027 Ratae
1140 997 1369 1028 montanae
1387 995 1528 1041 Linn.,
1559 995 1601 1030 in
1620 995 1822 1038 Hispania
1838 1003 1927 1031 cre-

97 1053 274 1099 scentis,
308 1056 459 1087 tantam
484 1051 747 1087 acrimoniam
774 1061 866 1086 esse
890 1051 1121 1096 perhibent,
1155 1055 1197 1085 ut.
1223 1060 1293 1094 per
1317 1051 1500 1094 triplices
1525 1051 1779 1087 chirothecas
1798 1053 1848 1088 ad
1865 1054 1926 1087 le-

96 1110 230 1153 gentis
260 1118 408 1144 manus
441 1112 655 1152 penetrare
686 1108 836 1154 possit,
869 1110 906 1142 et
931 1107 1057 1150 capiti
1080 1108 1186 1142 nudo
1209 1108 1400 1150 imposita
1423 1107 1654 1151 erysipelas
1677 1112 1716 1144 et
1738 1111 1928 1151 pustulas

95 1168 307 1201 ulcerosas
339 1165 498 1201 excitet.
567 1162 685 1198 Ruta
709 1163 937 1198 bracceosa
961 1165 1064 1209 DC„
1098 1161 1219 1198 Rata
1242 1160 1504 1209 chapelensv's
1528 1165 1668 1212 Linn„
1707 1162 1823 1200 Ruta
1844 1175 1926 1199 ‹m-

92 1220 322 1271 gustvfolia
345 1223 458 1259 Pers.
483 1221 673 1264 aliaeque
698 1221 901 1265 ejusmodi
922 1221 1104 1270 specieS,
1136 1223 1224 1257 loco
1250 1224 1414 1264 plantae
1438 1222 1656 1258 officinalis
1679 1222 1927 1266 saepissime

96 1280 350 1315 adhibentur.
1844 1317 1845 1320 Ἴ

238 1333 575 1382 Haplopleyllmn
595 1332 1142 1370 tuber-culatmnAeruss.
1161 1331 1529 1378 (Maddjenninae)
1547 1335 1588 1371 in
1607 1335 1780 1371 desertis
1797 1335 1928 1371 Kahi-

94 1392 195 1429 ricis
225 1393 422 1428 nascitur.
483 1393 588 1428 Odor
617 1394 749 1428 Rutae
780 1392 997 1429 hortensis.
1056 1393 1216 1427 Herbae
1238 1391 1281 1427 in
1306 1401 1415 1434 aqua
1439 1396 1634 1428 contusae
1656 1402 1779 1428 succo
1804 1396 1928 1435 caput

94 1450 289 1486 mulieres
306 1448 524 1494 aegyptiae
540 1452 680 1485 lavant
694 1476 703 1494 ‚
730 1452 769 1484 ut
789 1449 925 1484 crines
941 1453 1147 1493 crescant,
1181 1457 1281 1491 quos
1298 1451 1440 1493 longos
1459 1453 1610 1485 amant.
1670 1449 1928 1493 COllgenereS

100 1507 423 1542 mediterraneae
448 1506 645 1548 qualitate
668 1508 800 1541 Rutae
824 1505 1077 1549 graveolenti
1099 1505 1270 1541 similes.
1329 1504 1546 1552 Peganum
1565 1503 1784 1540 Harmala
1806 1506 1928 1543 Linn.

101 1555 326 1613 (πήγανον
343 1554 522 1612 ἄγριον)
548 1572 618 1606 per
641 1563 844 1607 regionem
870 1562 1205 1598 mediterraneam
1230 1566 1269 1599 et
1284 1563 1488 1599 Orientem
1510 1563 1552 1598 in
1577 1566 1665 1599 solo
1681 1566 1874 1599 sabuloso
1890 1568 1930 1600 et

96 1621 235 1655 effoeto
261 1620 420 1656 crescit.
486 1621 592 1655 Odor
620 1623 739 1664 teter,
771 1619 924 1663 gravis.
991 1621 1121 1662 Sapor
1151 1629 1241 1655 cum
1272 1620 1412 1662 aliqua
1434 1620 1698 1656 mordacitate
1721 1620 1929 1657 resinoso-

97 1684 275 1712 amarus.
321 1677 481 1713 Arabes
497 1679 662 1712 herbam
680 1677 881 1712 adversus
899 1677 1044 1719 pedum
1062 1677 1273 1712 oedemata
1287 1676 1502 1724 adhibent,
1526 1679 1684 1713 'Furcae
1701 1676 1928 1715 seminibus

95 1733 340 1770 condimenti
356 1735 444 1770 loco
462 1738 497 1769 et
516 1734 566 1769 ad
583 1735 811 1777 parandum
828 1735 1004 1769 colorem
1021 1735 1185 1769 rubrum
1202 1737 1384 1770 utuntur.

468 1898 639 1944 ordo
671 1873 895 1945 CCLV.
961 1899 1451 1956 zygophylleae.

238 1999 696 2063 Herbac,srectz'ces
726 2018 771 2048 v.
803 2001 1020 2048 arbores.
1073 2002 1216 2048 Folia
1248 1992 1496 2064 opposita,
1519 1998 1752 2047 interdum
1784 1999 1926 2048 alter-

99 2071 242 2118 natim
276 2072 514 2129 abortiva,
550 2073 834 2135 composita,
868 2089 990 2119 nunc
1017 2073 1396 2135 imparipinnata,
1431 2080 1634 2135 tuncque
1660 2071 1930 2118 foliolorum

104 2142 364 2190 lateralium
399 2142 567 2188 abortu
601 2142 831 2190 interdum
864 2143 1117 2206 simplicia,
1152 2140 1274 2189 nunc
1306 2142 1502 2205 abrupte
1534 2144 1750 2205 pinnata,
1784 2158 1927 2206 saepe

101 2213 319 2276 unijuga,
353 2214 533 2276 peliolo
565 2215 700 2276 apice
733 2215 778 2259 in
812 2230 1083 2260 mucronem
1118 2213 1309 2260 brevem
1335 2231 1378 2259 v.
1407 2214 1652 2260 lacinulam
1677 2212 1928 2277 producto,

101 2284 334 2331 interdum
369 2280 664 2348 complanato
697 2302 738 2332 v.
764 2287 973 2348 margine
1008 2285 1214 2331 foliaceo
1250 2285 1429 2342 cincto,
1463 2285 1640 2331 foliolis
1666 2285 1927 2343 sessilibus,

101 2356 329 2419 oppositis
360 2364 440 2402 aut
471 2356 621 2403 rarius
661 2357 880 2414 alternis,
928 2357 1270 2419 integerrimis,
1318 2357 1606 2419 epunctatis,
1655 2357 1927 2418 saepissime

100 2427 476 2490 inaequilateris,
523 2428 671 2490 planis
710 2436 789 2473 aut
825 2426 1127 2473 subcarnosis
1167 2436 1215 2474 et
1243 2425 1476 2473 interdum
1508 2426 1754 2473 teretibus.
1830 2428 1929 2473 Sti-

95 2499 246 2560 pulae
283 2496 342 2544 ad
380 2497 527 2544 basim
570 2498 850 2561 p'etiolorum
893 2499 1133 2560 geminae,
1180 2498 1513 2561 persistentes,
1561 2496 1794 2544 interdum
1833 2499 1928 2560 spi-

102 2577 353 2616 neseentes
399 2585 441 2615 v.
483 2569 634 2614 rarius
682 2567 928 2616 deciduae.
1002 2570 1174 2616 Flores
1218 2569 1443 2632 perfecti,
1493 2568 1766 2631 regulareS,
1816 2569 1925 2623 albi,

103 2638 345 2699 caerulei,
385 2635 696 2686 rubescentes
742 2649 822 2686 aut
867 2640 1053 2702 saepius
1100 2640 1239 2696 lutei,
1286 2640 1331 2685 in
1378 2632 1654 2702 pedunculis
1695 2639 1926 2700 ‘unissoris,

103 2711 380 2774 saepissime
423 2711 669 2767 solitariis,
717 2710 993 2757 axillaribus
1034 2726 1073 2758 v.
1106 2711 1230 2757 inter
1266 2710 1400 2757 binas
1432 2710 1653 2756 foliorum
1685 2712 1928 2773 opposito-

102 2796 202 2828 rum
234 2782 427 2844 stipulas
460 2781 791 2838 nascentibus,
835 2780 1138 2828 ebractealis.
1218 2782 1375 2843 Calyoe
1406 2781 1552 2838 liber,
1586 2783 1849 2844 persistens
1881 2798 1924 2828 v.

102 2852 253 2898 rarius
295 2851 545 2909 deciduus,
594 2851 1228 2918 quadri·quinquepartitus,
1276 2852 1460 2898 laciniis
1499 2853 1809 2898 aestivatione
1843 2853 1929 2899 im-

102 2921 298 2969 bricatis
344 2933 424 2969 aut
468 2924 707 2970 rarissime
755 2924 968 2969 valvatis.
1051 2923 1277 2970 Corollae
1315 2922 1474 2986 petala
1511 2923 1818 2986 receptaculo
1858 2924 1930 2969 in-

103 3002 254 3051 serta,
289 2994 467 3058 calycis
501 2994 684 3041 laciniis
716 3010 909 3042 numero
943 2994 1180 3057 aequalia,
1214 2992 1381 3041 iisdem
1413 2994 1594 3045 alterna
1619 3003 1668 3041 et
1692 2994 1925 3057 longiora,

102 3065 414 3111 aestivatione
462 3066 745 3112 convolutim
793 3064 1065 3122 imbricata,
1113 3063 1332 3111 decidua.
1407 3066 1629 3112 Stamina
1668 3064 1806 3128 duplo
1844 3081 1928 3127 pe-

104 3134 303 3182 talorum
329 3152 546 3193 numero,
580 3136 883 3199 receptaculo
912 3137 1114 3193 inserta,
1150 3135 1374 3194 decidua,
1406 3135 1654 3193 biseriata,
1685 3136 1930 3182 exteriora

105 3204 284 3269 calycis
331 3206 513 3253 laciniis
553 3209 770 3271 opposita
807 3207 1082 3271 plerumque
1122 3208 1365 3269 longiora,
1413 3207 1650 3254 rarissime
1688 3206 1924 3253 breviora.

102 3277 378 3324 Fz‘lamenta
425 3273 984 3335 filiformia,rarissime-
1019 3279 1119 3325 basi
1167 3277 1316 3336 nuda,
1367 3277 1585 3341 aequalia
1628 3294 1674 3323 v.
1718 3275 1927 3337 dilatata,

103 3346 381 3411 plerumque
416 3364 634 3411 squamae
659 3350 900 3411 integrae,
925 3350 1255 3412 emarginatae
1280 3366 1323 3397 v.
1350 3350 1538 3396 lacerae
1566 3346 1706 3394 dorso
1732 3349 1928 3399 inserta.

103 3418 363 3466 Antherac
407 3419 668 3477 introrsae,
713 3419 1024 3478 biloculares,
1072 3429 1265 3468 erectae
1312 3414 1371 3467 νζ
1397 3418 1540 3467 dorso
1587 3435 1729 3483 supra
1763 3411 1929 3477 basim,

100 3489 301 3548 affixae,
335 3491 618 3537 connectivo
646 3489 888 3550 obsolet0‚
922 3490 1329 3554 longitudinaliter
1353 3489 1671 3539 dehiscentes.
1728 3493 1929 3538 Gcrmen
