2147 3756
1082 132 1194 181 170

228 305 332 346 clus
370 296 540 357 nudus,
587 315 630 346 v.
669 300 917 363 perigenio
958 300 1486 347 membranaceo-sicco
1525 309 1605 348 aut
1649 299 1878 349 interdum
1924 302 2038 352 bac-

229 377 334 415 cato
382 370 610 427 inclusus,
659 370 958 417 indehiscens
1005 371 1246 433 epicarpio
1294 370 1651 419 membranaceo
1690 390 1734 419 v.
1775 382 2037 434 mustaceo,

226 439 347 486 laevi
386 449 464 486 aut
503 440 822 498 tuberculum,
870 440 1102 487 interdum
1131 457 1407 503 ⁴compresso
1440 459 1486 488 v.
1522 452 1717 505 anguste
1750 444 2040 491 membrana-
2086 467 2089 477 ·

227 510 499 557 ceo-alato.
573 513 744 559 Semen
777 527 802 557 e
835 511 934 556 basi
967 520 1198 566 erectum,
1243 512 1565 573 integumento
1596 514 1866 560 tenuissime
1899 530 2041 561 mem-

225 579 488 639 branaceo,
549 583 732 645 saepius
780 597 882 627 cum
937 580 1223 644 endocarpio
1280 591 1498 629 connato.
1601 584 1811 646 Embryo
1864 585 1909 630 in
1963 587 2039 631 axi

226 650 469 697 albuminis
517 653 727 706 carnosi,
776 652 876 714 plus
922 653 1071 698 minus
1120 653 1301 715 copiosi
1348 654 1634 714 antitropus,
1684 653 1893 715 ejusdem
1938 655 2040 702 fere

225 720 540 783 longitudine,
589 721 955 784 cotyledom'bus
992 723 1162 781 ovans,
1211 723 1383 787 planis,
1430 725 1655 791 radicula
1686 723 1844 782 brevi,
1892 725 2042 790 cylin-

227 789 381 851 drica,
413 809 596 856 supera.

992 912 1024 945 G
1042 918 1067 945 ε
1087 918 1117 945 Ν
1138 918 1161 946 Ε
1182 918 1210 945 a
1230 919 1275 948 A.

315 994 432 1029 1879.
465 992 605 1030 Urtica
627 991 830 1043 Tonrnef·
1248 997 1366 1031 1884.
1396 994 1613 1031 Bohmeria
1629 994 1756 1042 Jacq.

375 1062 412 1082 a.
440 1049 570 1083 Urtica
593 1049 782 1084 Gaecmliclt.
1481 1043 1675 1078 Neraudia
1696 1042 1885 1079 Gaudich,

374 1098 407 1132 b.
434 1099 556 1132 Urera
577 1098 765 1132 Gaudich.
1308 1104 1345 1126 a.
1373 1091 1570 1126 Biihmeria
1591 1093 1795 1143 ‘3¹1²11lt'sl1·,

374 1158 405 1180 c.
434 1147 623 1190 Laportea
644 1148 834 1182 Gundiclz.
1479 1135 1643 1168 Dumna
1664 1134 1855 1169 Gau'dwh'

368 1197 403 1230 d.
431 1195 597 1238 Fleurya
618 1197 809 1231 Gauda-h.
1306 1182 1341 1217 b.
1365 1183 1522 1217 Procris
1543 1184 1747 1218 Commers.

374 1256 403 1278 e.
433 1245 653 1279 Girardinia
674 1245 863 1281 Gande'clz.
1266 1263 1267 1266 ¹
1311 1244 1342 1266 ι’·
1366 1232 1564 1266 Neffludfst
1585 1232 1775 1266 G‘W‘ff‘l‘-

1248 1285 1365 1319 1885.
1398 1284 1627 1319 Parietaria
1651 1281 1852 1333 Tam-nef,

1307 1343 1343 1365 α.
1370 1333 1585 1365 Parietaria
1608 1331 1797 1366 (laudii-h.

1307 1382 1340 1416 b.
1365 1382 1526 1415 Freirea
1545 1381 1735 1415 Gamlich.

1308 1441 1340 1464 c.
1366 1430 1600 1463 Thaumuria
1623 1428 1815 1465 Grcudiclz.

1309 1482 1345 1513 d.
1373 1480 1607 1513 Gesnoninia
1628 1479 1818 1514 Gaudich.

1310 1540 1340 1562 e.
1364 1528 1575 1562 l'ouzolzia
1595 1528 1786 1562 Gandich.

1482 1570 1717 1604 Memor-ielis
1735 1571 1898 1607 Hamilc.

314 1303 432 1339 1880.
464 1305 756 1340 Elatostennna
775 1302 916 1340 Fors-t.

379 1370 415 1391 (ι.
443 1357 640 1401 Sciophila
661 1358 851 1393 Gauriich.

551 1408 709 1441 Procris
729 1408 934 1443 commen.

377 1455 409 1490 b.
438 1455 709 1490 Elatostemma
729 1459 852 1490 Forst.

550 1505 806 1546 Langexeidia
826 1504 1015 1541 Gattdich.

548 1553 717 1588 Vaniera
734 1555 907 1589 Loureir.

314 1599 434 1655 1882.
466 1605 666 1641 Malaisia
682 1602 859 1640 Blcmco.
1299 1619 1343 1664 f
1369 1619 1573 1653 Rousselifl
1594 1619 1784 1655 (gausach

315 1662 432 1697 188¹-
462 1663 804 1706 scnycnowskya
820 1660 944 1698 Etedl·
1103 1706 1116 1711 χ
1248 1672 1367 1707 1886.
1398 1670 1616 1707 soleii—ona
1636 1668 1843 1706 Gaudia-h.

313 1719 434 1754 1882.
465 1719 583 1755 Pilea.
598 1715 734 1755 [ΛΜΝ.
1483 1718 1650 1752 Helxine
1669 1719 1790 1765 [ἔφη.

550 1767 781 1800 Dubrueilia
803 1767 992 1801 Gaudia-lt.
1246 1771 1365 1806 1887.
1396 1770 1622 1805 Forskolea
1640 1766 1761 1804 Lime.

551 1817 708 1858 Haynea
726 1816 881 1850 Schnm.
1485 1817 1671 1860 Cuidheja
1685 1816 1820 1853 Forsk.

314 1867 434 1903 1883.
465 1867 669 1903 Pellionia
689 1864 896 1902 Gcztcdz'cfe.
1283 1887 1340 1894 -—-
1404 1868 1422 1905 ἓ
1438 1868 1682 1905 Australina
1701 1866 1909 1904 Gaudidz.

366 1959 688 2006 Affinitas.
761 1966 1001 2002 Urticaceae
1031 1969 1081 2002 ab
1114 1965 1348 2013 ordinibus,
1389 1967 1630 2010 quibuscum
1660 1968 1755 2003 olim
1790 1969 2046 2015 conjunctae,

226 2026 429 2066 gemmula
461 2034 482 2058 e
513 2023 602 2059 basi
632 2023 759 2059 loculi
789 2027 924 2059 erecta
955 2026 992 2059 et
1024 2026 1241 2066 embryone
1265 2025 1373 2061 intra
1396 2027 1583 2059 albumen
1609 2033 1822 2060 carnosum
1846 2025 2047 2068 antitropo

228 2079 371 2121 optime
397 2080 615 2115 distinctae
632 2083 747 2129 sunt,
778 2080 1052 2117 mediantibus
1069 2080 1287 2126 generibus
1303 2080 1444 2116 florum
1460 2083 1717 2125 receptaculo
1735 2090 1904 2118 carnoso
1922 2084 2049 2118 dotta-

230 2134 281 2171 tis
298 2136 449 2171 Mor-eis
468 2137 689 2180 proximae.

369 2214 794 2271 Geogl'aphia-
867 2222 915 2257 In
951 2221 1185 2267 regionibus
1225 2221 1391 2265 tropicis
1430 2220 1753 2265 subtr-opicisque
1785 2222 1908 2258 totius
1939 2223 2048 2259 orbis

227 2277 392 2323 obviae,
425 2279 599 2313 maximo
629 2287 794 2313 numero
825 2276 869 2313 in
898 2278 1007 2314 Asia
1037 2278 1234 2315 calidiore
1264 2278 1506 2324 gignuntur,
1538 2278 1580 2313 in
1613 2280 1845 2322 temperatis
1872 2282 1910 2315 et
1934 2279 2051 2322 frigi-

227 2333 754 2377 diusculishemisphaerae
770 2335 946 2370 borealis
963 2335 1213 2381 rarissimae,
1238 2345 1312 2371 nec
1329 2338 1377 2370 ab
1395 2335 1600 2370 hominum
1618 2336 1836 2371 domiciliis
1854 2339 2042 2379 remotae,

227 2390 270 2424 in
301 2391 522 2437 ruderatis,
561 2391 753 2428 maceriis
783 2394 822 2428 et
853 2391 975 2429 cultis
1003 2394 1206 2429 hortorum
1236 2391 1338 2428 locis
1368 2391 1648 2441 luxuriantes,
1681 2394 1845 2440 sylvas,
1879 2401 1980 2428 arva
2011 2396 2049 2428 et

229 2448 345 2490 alpes
362 2446 537 2492 fugiunt.

370 2525 731 2578 &ualitates
749 2534 788 2568 et
801 2536 971 2571 usus.
1014 2532 1159 2569 Exiles
1176 2536 1267 2568 sunt
1285 2532 1613 2579 Urticacearum,
1640 2536 1756 2576 prout
1771 2535 1845 2568 hoc
1861 2533 1950 2569 loco
1967 2532 2046 2568 cir-

228 2589 572 2636 cumscribuntur,
605 2590 715 2625 vires
733 2593 769 2625 et
787 2599 957 2636 succus,
990 2589 1116 2632 quiin
1136 2590 1372 2635 generibus,
1406 2589 1448 2625 in
1466 2590 1733 2633 proximorum
1752 2590 1935 2625 ordinum
1954 2599 2051 2625 con-

231 2645 459 2680 tubernium
492 2645 652 2692 relatis,
684 2647 938 2682 substantias
969 2646 1126 2682 viribus
1159 2646 1433 2688 peculiaribus
1460 2647 1666 2689 praeditas
1689 2646 1821 2692 vehit,
1854 2648 1985 2681 colore
2009 2647 2051 2682 in

232 2702 436 2744 plerisque
459 2704 589 2738 lacteo
616 2703 815 2750 imbutus,
847 2702 1042 2745 limpidus
1068 2703 1108 2737 in
1125 2703 1352 2738 Urticaceis
1375 2707 1531 2747 manat,
1557 2703 1806 2746 mucilagine
1830 2706 1867 2738 et
1891 2703 2051 2739 salibus

232 2758 475 2801 quibusdam
500 2758 646 2795 foetus.
705 2761 751 2795 In
776 2759 1021 2803 epidermide
1044 2759 1307 2801 plurimarum
1330 2761 1552 2803 glandulae
1575 2759 1798 2802 piliformes
1822 2763 2049 2794 nascuntur

230 2813 449 2861 (stimuli),
467 2815 674 2850 materiem
693 2825 823 2851 acrem
841 2816 1087 2859 peculiarem
1106 2814 1425 2858 [ammoniacum
1443 2814 1768 2857 bicarbonicum]
1786 2815 2051 2851 continentes.

231 2871 322 2907 Cuti
355 2872 504 2907 admoti
533 2871 690 2907 stimuli
719 2872 895 2908 aliarum
926 2871 1151 2914 specierum
1181 2875 1312 2907 lenem
1344 2872 1540 2914 pruritum
1564 2875 1756 2915 causant,
1790 2880 1827 2906 v.
1855 2872 2048 2919 ardorem,

232 2931 416 2963 ruborem
443 2931 481 2963 et
504 2927 713 2963 vesiculas
738 2928 938 2973 excitant,
972 2931 1214 2973 nonnullae,
1246 2936 1348 2970 quas
1373 2928 1478 2963 inter
1499 2924 1654 2960 Urtiea
1677 2925 1900 2961 stz'nmlans
1916 2928 2050 2973 Linn.‚

237 2981 287 3020 U.
306 2982 534 3018 crenulata
550 2985 678 3019 Roxb.
697 2988 733 3019 et
751 2981 799 3020 U.
817 2982 1090 3018 meracissima
1109 2986 1236 3019 Blum.
1255 2980 1596 3028 (Daounsetan),
1615 2984 1721 3026 apud
1739 2985 1859 3019 Indos
1877 2992 2051 3019 nascen-

230 3044 314 3086 tes,
347 3041 617 3076 nominandae
642 3044 755 3084 sunt,
787 3041 934 3076 leviter
958 3044 1090 3075 tactae
1105 3040 1308 3084 ingentem
1325 3040 1521 3086 dolorem,
1553 3041 1682 3082 partis
1699 3042 1840 3075 laesae
1859 3044 2051 3076 tumorem

230 3100 270 3132 et
288 3095 640 3132 inflammationem
658 3100 694 3131 et
712 3096 922 3131 diuturnos
939 3096 1167 3143 cruciatus,
1198 3099 1290 3139 post
1307 3105 1484 3131 annuam
1502 3104 1663 3143 pacem,
1695 3097 1856 3133 admota
1872 3099 2048 3132 membro

189 3150 195 3151 ’
232 3153 328 3188 olim
363 3147 589 3190 vulnerato‘
616 3161 722 3195 aqua
760 3152 882 3195 priori
917 3152 1174 3188 vehementia
1210 3153 1559 3199 recrudescentes,
1605 3161 1824 3196 provocare
1861 3156 2044 3196 possunt.

232 3210 396 3245 Usticas
413 3212 635 3254 nostrates,
675 3206 869 3243 Unicum
886 3206 1063 3242 di‘ov'cmn
1081 3210 1126 3244 L.
1144 3211 1181 3244 et
1205 3206 1399 3242 Urtv'cam
1419 3212 1610 3243 urentem
1626 3211 1673 3244 L.
1693 3208 1838 3253 (vulgo
1853 3211 1999 3245 Nessel
2015 3211 2053 3244 et-

233 3266 545 3312 Brennnessel),
564 3267 614 3302 ad
630 3265 897 3310 flagellandas
915 3269 1051 3309 partes
1070 3268 1258 3301 externas
1270 3263 1582 3307 (Urticationem
1597 3265 1639 3301 id
1656 3266 1828 3310 vocant)
1846 3266 1887 3301 in
1904 3265 2052 3301 arthri-

231 3321 325 3365 tide,
352 3323 535 3366 paralysi
552 3320 594 3358 et
608 3320 842 3365 impotentia
857 3321 967 3357 virili
985 3330 1010 3357 a
1024 3321 1190 3358 medicis
1209 3321 1391 3357 adhiberi
1409 3325 1545 3357 notum
1563 3325 1637 3358 est.
1682 3322 1802 3357 Succi
1820 3331 1871 3357 ex
1893 3318 2047 3355 Unica

232 3374 372 3412 ‹Iioe'ca
395 3380 442 3414 11-
476 3378 641 3423 (Urtica
663 3380 814 3422 majore
843 3376 980 3422 ome.)
1011 3377 1219 3423 expressi,
1251 3378 1433 3414 subsalsi
1463 3378 1567 3414 inter
1591 3378 1768 3414 remedia
1796 3377 1941 3413 leniter
1965 3379 2047 3413 sol-

236 3433 373 3469 ventia
397 3445 495 3471 usus
519 3435 601 3471 sere
626 3437 810 3472 exoletus
833 3437 907 3471 est·
965 3434 1130 3470 Semina
1154 3436 1312 3480 oleosa,
1344 3434 1663 3482 mucilaginosa,
1695 3434 1769 3469 vix
1784 3433 1960 3478 amplius
1977 3433 2050 3468 ad·-

233 3489 433 3527 hibentur.
493 3491 613 3528 Folia
637 3492 803 3535 juniora
834 3498 922 3528 cum
948 3491 1167 3535 Spinaciae
1198 3492 1322 3527 herba
1345 3490 1544 3527 interdum
1568 3494 1804 3534 coquuntur.
1871 3487 2049 3524 Urct'cae
