2147 3756
1089 146 1199 195 lac

231 314 377 359 quibus
401 317 726 353 Amarantaceae
749 325 839 352 cuin
857 316 1198 359 Chenopodiaceis
1225 324 1247 350 a
1272 315 1500 361 nonnullis,
1530 324 1603 350 nec
1629 315 1815 352 fortassis
1840 315 2048 361 immerito,

230 373 539 418 adscribuntur,
585 373 878 416 Paronychieis
917 373 1124 416 proximae
1162 375 1277 418 sunt,
1323 371 1568 415 stipularum
1609 376 1643 407 et
1684 374 1860 408 corollae
1891 372 2051 409 defectu

232 431 391 465 abunde
418 430 617 465 diversae.

374 493 798 549 Geographia.
837 500 896 534 De
913 501 1305 534 Amarantacearum
1324 508 1392 541 per
1406 500 1539 533 orbem
1557 500 1751 533 terrarum
1769 496 2051 534 distributione

230 556 518 599 quaerentibus
536 559 723 600 apparet,
758 555 837 591 vim
855 555 1027 601 ordinis,
1060 557 1217 590 coelum
1234 554 1425 598 frigidum
1443 554 1602 596 penitus
1621 553 1813 597 fugientis
1826 581 1835 599 ,
1862 553 1903 589 in
1920 554 2052 598 regio-

229 612 351 648 nibus
376 612 542 655 tropicis
567 612 764 657 residere,
798 611 996 653 plurimas
1019 610 1062 646 in
1080 610 1270 646 America
1294 610 1430 646 calida
1452 610 1658 655 generari,
1689 610 1884 646 minorem
1901 619 1992 645 esse
2008 609 2051 645 in

229 669 337 704 Asia
367 668 523 704 fervida
554 666 620 710 (in
650 667 792 710 majori
816 676 1007 710 generum
1036 667 1286 702 naturalium
1315 665 1539 708 varietate]
1571 665 1798 709 specierum
1827 675 2052 713 numerum⁷

233 734 309 759 nec
333 733 448 760 raras
474 734 566 760 esse
592 724 738 759 formas
760 724 802 759 in
826 724 990 769 Africa,
1024 732 1192 766 quarum
1217 723 1416 766 plurimae
1434 725 1589 769 tamen,
1621 723 1797 757 nondum
1814 721 1935 757 certis
1951 722 2052 758 locis

233 789 259 816 a
275 780 476 816 botanicis
494 780 745 825 adscriptae,
778 781 819 815 in
843 780 1175 823 phytophylaciis
1194 779 1449 816 delitescunt.
1507 780 1553 813 In
1571 771 1766 814 America
1783 778 2059 821 extratropica'·

233 846 364 879 usque
386 838 437 872 ad
461 832 536 871 44⁰
557 838 604 872 L.
628 838 673 871 B.
698 839 737 871 et.
761 838 810 872 ad
829 833 908 871 36⁰
927 839 972 872 L.
990 837 1041 873 A.
1065 838 1174 872 haud
1190 836 1466 878 infrequentes
1482 834 1686 880 habitant,
1718 834 1761 869 in
1778 834 1885 870 Asia
1898 834 2053 870 boreali

235 894 525 939 extratropica,
558 892 593 928 si
625 892 829 937 regionem
850 892 1160 940 occidentalem,
1193 892 1363 928 Africae
1385 892 1501 926 littus
1525 894 1795 937 spectantem,
1828 891 2052 935 exceperis,

234 949 471 985 rarissimae
496 952 609 995 sunt3
640 952 777 1001 plures
802 953 914 985 trans
931 950 1212 992 capricornum
1235 951 1499 994 generantur,
1531 947 1574 982 in
1590 946 1739 983 Africa-
1763 947 1933 990 capensi
1956 955 2050 989 par-

233 1005 322 1041 cius
351 1005 602 1052 habitantes,
633 1005 839 1048 copiosius
861 1008 999 1042 Novae
1022 1006 1266 1041 Hollandiae
1294 1013 1385 1040 oras
1417 1007 1456 1040 et
1486 1003 1665 1039 insulam
1686 1004 1855 1039 Diemeu
1881 1003 2053 1038 circum-

234 1064 384 1097 colunt.
443 1064 601 1098 Genera
631 1062 812 1098 antheris
837 1062 1164 1098 unilocularibus
1195 1063 1345 1097 donata
1369 1059 1721 1105 (Gomphreneae)
1745 1060 1788 1094 in
1812 1062 1922 1094 Novo
1947 1059 2052 1094 Con—

235 1118 405 1163 tinente,
438 1119 598 1160 reliqua
612 1117 656 1153 in
673 1119 799 1154 veteri
815 1118 1064 1161 frequentius
1082 1118 1202 1165 obvia
1217 1121 1425 1153 habemus.
1470 1118 1504 1152 Ε
1521 1116 1791 1159 polyspermis
1808 1114 2055 1160 (Celosieis)

234 1175 511 1218 paucissimae
527 1174 685 1219 species
700 1176 742 1210 in
758 1175 951 1211 America
966 1179 1148 1218 repertae
1164 1175 1339 1210 fuerunt.
1377 1175 1576 1208 Generum
1592 1174 1878 1208 nonnullorum
1894 1171 2054 1214 species

234 1233 317 1267 late
348 1231 603 1279 divulgatae,
643 1232 728 1267 alia
757 1234 895 1267 Novae
925 1231 1190 1275 [iollandiae,
1231 1230 1366 1273 Capiti
1393 1233 1522 1266 bonae
1553 1228 1662 1274 spei,
1700 1228 1832 1264 Asiae
1865 1228 2054 1273 tropicae,

234 1291 433 1323 nonnulla
462 1287 591 1324 veteri
620 1289 728 1334 orbi,
761 1289 958 1331 quaedam
989 1297 1093 1323 novo
1116 1287 1278 1332 propria
1301 1289 1408 1323 sunt.
1466 1287 1808 1321 Alternantherae
1831 1283 1992 1328 generis
2017 1289 2055 1320 et

233 1345 546 1380 Amarantorum
575 1345 694 1380 sedes
723 1345 927 1381 latissime
957 1347 1108 1387 patent.
1167 1346 1318 1379 Horum
1348 1344 1572 1378 nonnullae
1602 1342 1784 1389 species,
1830 1341 2056 1384 opitulante

235 1403 420 1448 cultura,
451 1411 521 1444 per
551 1405 746 1436 terrarum
776 1404 910 1451 orbem
941 1401 1111 1437 diffusae
1142 1404 1256 1447 sunt,
1290 1401 1489 1442 quaedam
1520 1399 1562 1434 in
1591 1399 1756 1440 Europa
1787 1397 2055 1444 reperiuntur,

233 1466 314 1493 non
336 1460 455 1501 longe
480 1460 529 1493 ab
547 1457 751 1492 hominum
769 1457 972 1492 domicilio
989 1460 1182 1503 remotae,
1214 1459 1308 1492 loca
1323 1458 1435 1491 culta
1452 1458 1490 1490 et.
1505 1455 1682 1497 inquieto
1698 1454 1929 1490 mortalium
1945 1463 2052 1490 com-

232 1513 383 1550 mercio
402 1513 514 1560 trita,
548 1513 689 1556 qualia
707 1513 1056 1557 chenopodiaceis
1078 1512 1303 1548 familiaria
1318 1521 1410 1548 esse
1427 1513 1581 1558 solent,
1613 1513 1815 1557 tenentes,
1845 1513 2001 1546 montes
2018 1514 2057 1545 et

234 1573 447 1613 sylvarum
463 1579 652 1606 recessus
668 1569 844 1613 fugiunt.
874 1570 1157 1612 Achyranthis
1174 1579 1301 1613 genus
1318 1578 1343 1604 a
1360 1567 1522 1611 regione
1538 1567 1832 1616 mediterranea
1848 1570 1886 1601 et
1904 1566 2056 1602 insulis

237 1626 470 1671 atlanticis,
501 1636 572 1669 per
599 1636 755 1662 omnem
776 1626 963 1662 Africam
988 1629 1027 1661 et
1049 1626 1196 1661 Asiam
1219 1625 1475 1671 calidiorem,
1505 1623 1549 1659 in
1570 1625 1725 1658 Novam
1741 1623 2000 1658 Hollandiam
2018 1627 2056 1658 et
2096 1612 2101 1618 ⁸

233 1681 473 1719 Norfolkiae
497 1683 677 1719 insulam
700 1682 900 1727 excurrit,
931 1682 975 1717 in
991 1682 1184 1718 America
1200 1680 1352 1716 nemini
1367 1680 1515 1716 visum.
1573 1679 1911 1715 Americanarum
1927 1679 2057 1722 pluri-

233 1748 324 1777 mas
342 1742 427 1775 solo
444 1742 557 1775 salso
574 1739 788 1785 delectari,
820 1738 1021 1774 littorales
1038 1738 1226 1774 sociatim
1240 1737 1399 1783 vivere,
1427 1739 1652 1780 sylvestres
1670 1739 1707 1770 et
1723 1736 1961 1772 monticolas
1973 1763 1983 1783 ,
2012 1736 2055 1771 in

235 1796 396 1841 granite
420 1798 457 1831 et
473 1796 627 1832 schisto
642 1795 820 1831 micaceo
837 1796 1045 1844 sedentes,
1078 1794 1254 1839 sparsim
1272 1802 1476 1841 crescere,
1508 1795 1679 1829 relatum
1695 1794 1769 1828 est.
1824 1791 2055 1828 Indicarum

239 1854 437 1896 quaedam
453 1852 651 1889 stationes
668 1854 800 1888 elatas
820 1855 969 1888 tenent.

378 1916 738 1969 &ualitates
765 1925 804 1959 et
823 1928 994 1962 usus·
1067 1923 1394 1958 Amarantaceae
1431 1922 1592 1968 plureS,
1639 1919 1829 1956 foliorum
1864 1922 2056 1956 contextu

233 1980 468 2018 laxiusculo
486 1981 680 2027 donatae,
711 1980 961 2024 mucilagine
977 1978 1159 2022 insipida
1176 1983 1215 2014 et
1230 1981 1428 2014 saccharo
1445 1977 1597 2024 foetae,
1622 1976 1727 2012 inter
1743 1979 1907 2019 plantas
1924 1978 2057 2012 olera-

234 2046 330 2074 ceas
351 2036 510 2073 vilioris
533 2039 653 2072 notae
676 2039 913 2083 censentur,
951 2035 1056 2070 inter
1072 2035 1429 2077 Clienopodiaceas
1451 2033 1704 2080 Spinaciae,
1723 2032 1995 2074 Atriplicibus
2019 2037 2057 2068 et

233 2097 402 2131 betaceo
426 2093 526 2128 oleri
549 2094 866 2139 comparandae,
899 2092 1051 2134 quibus
1071 2091 1191 2127 etiam
1216 2101 1295 2126 usu
1317 2094 1356 2126 et.
1380 2089 1578 2133 qualitate
1599 2090 1755 2125 medica
1778 2088 2056 2134 refrigerante,

235 2150 466 2187 emolliente
488 2153 524 2184 et
548 2152 832 2192 expectorante
848 2148 1006 2184 similes
1022 2151 1129 2184 sunt.
1188 2150 1420 2183 Nonnullae
1436 2146 1585 2182 virtute
1600 2147 1746 2181 leniter
1762 2145 2054 2191 adstringente,

234 2208 344 2244 aliae
375 2205 536 2242 viribus
567 2205 857 2249 diaphoreticis
887 2209 926 2240 et
956 2205 1190 2251 diureticis,
1221 2204 1496 2247 paucissimae
1519 2202 1665 2238 tonicis
1689 2206 1724 2237 et
1749 2197 2056 2238 stimulantibus

234 2263 467 2310 praeditae,
499 2263 605 2298 inter
625 2262 806 2298 medicas
829 2262 1019 2297 Indorum
1043 2263 1080 2296 et
1101 2260 1436 2301 Americanorum
1460 2261 1624 2301 plantas
1648 2261 1867 2304 habentur,
1899 2257 1979 2293 imo
2003 2260 2051 2293 ob

235 2320 396 2358 semina
411 2322 642 2366 amylacea,
673 2319 717 2353 in
740 2326 945 2353 annonam
960 2318 1254 2362 convertenda,
1287 2324 1368 2351 una
1386 2318 1424 2350 et
1440 2317 1569 2350 altera
1585 2314 1627 2349 in
1641 2315 1760 2350 India
1775 2316 1972 2349 coluntur.

376 2370 642 2409 Amarantus
669 2372 829 2408 Rlz'tum
851 2374 970 2409 Linn.
1002 2376 1040 2408 et
1061 2374 1222 2416 species
1245 2372 1386 2408 affines
1411 2371 1571 2415 (Herba
1591 2371 1713 2415 Bliti]
1737 2370 1943 2406 veteribus
1965 2379 2055 2405 cum

235 2432 507 2476 Atriplicibus
530 2432 636 2467 inter
650 2431 827 2467 remedia
843 2429 1070 2475 adhibitus,
1101 2429 1316 2465 hodiedum
1333 2437 1357 2464 a
1373 2428 1530 2463 rustica
1547 2428 1707 2463 Galliae
1723 2433 1762 2462 et
1776 2427 1922 2462 Italiae
1939 2429 2056 2469 plebe

237 2489 459 2533 Spinaciae
473 2491 561 2524 loco
578 2488 775 2530 coquitur.
834 2487 955 2530 Apud
970 2487 1113 2532 Indos,
1138 2486 1282 2528 quibus
1301 2494 1463 2520 carnem
1479 2485 1684 2520 comedere
1703 2483 1844 2526 religio
1861 2486 1942 2530 est,
1967 2485 2056 2526 plu-

234 2546 328 2583 rimi
343 2545 558 2581 Amaranti
580 2545 623 2579 iu
644 2543 813 2579 cibariis
835 2546 942 2579 sunt.
1005 2539 1315 2586 Gomlmrenam
1337 2539 1552 2588 globosam
1575 2539 1714 2586 Linn.,
1750 2538 1957 2574 Celo-siam
1982 2548 2056 2573 ar-

231 2605 426 2649 genteam
443 2600 581 2649 Linn.,
610 2599 816 2634 Gelasium
833 2599 1195 2645 margarz'taceam
1212 2599 1352 2645 Linn.,
1378 2594 1558 2631 Aet-vam
1577 2595 1772 2631 lanatam
1790 2596 1909 2632 Linn.
1928 2596 2058 2632 alias-v

235 2667 315 2702 que
338 2659 496 2695 similes
514 2661 676 2702 plantas
693 2657 799 2692 inter
812 2659 960 2692 herbas
979 2658 1185 2691 solventes
1202 2657 1385 2690 laudant.
1444 2650 1727 2688 Amarantam
1744 2650 1918 2687 viridem
1934 2652 2053 2688 Linn.

235 2712 442 2759 (Carum)
467 2714 709 2760 Brasiliani,
743 2711 1025 2747 Amarantam
1057 2711 1268 2757 spinosum
1291 2711 1411 2747 Linn.
1443 2711 1728 2750 Jamaicenses
1756 2709 1862 2745 inter
1885 2708 2057 2752 opsonia

233 2775 401 2815 ponunt.
461 2768 718 2816 Deerz’agv‘ae
736 2767 969 2805 celosz'oide’s
992 2771 1039 2804 R.
1059 2770 1124 2804 Br.
1150 2768 1262 2804 foliis
1287 2767 1608 2803 amaricantibus
1634 2766 1887 2802 etacridulis
1906 2763 2056 2800 Javani

235 2828 280 2864 in
302 2828 475 2864 variolis
498 2830 678 2863 utuntur.
738 2824 945 2872 Pecpalz'ae
956 2824 1211 2870 prostratae
1228 2827 1347 2860 Mart.
1371 2827 1497 2859 herba
1520 2824 1628 2866 apud
1643 2824 1764 2858 Indos
1782 2821 1980 2865 plurimae
1997 2824 2057 2855 est

234 2885 386 2930 laudis,
404 2885 447 2920 in
464 2884 758 2920 diversissimis
775 2883 924 2919 morbis
940 2882 1230 2918 commendata.
1255 2881 1496 2916 combustae
1513 2879 1669 2914 cineres
1687 2878 1844 2913 famosa
1859 2877 1900 2912 in
1917 2876 2057 2913 scabie

235 2941 456 2977 medicina.
513 2936 812 2985 Aehyraumes
842 2947 999 2984 aspera
1018 2938 1137 2973 Linn.
1170 2935 1426 2979 (chirchita)
1457 2939 1495 2971 et
1521 2931 1818 2980 Achyrantlaes
1830 2932 2057 2982 fruticosa

237 2997 357 3034 Linn.
383 2997 427 3032 in
445 2998 621 3039 hydrope
645 2996 992 3040 commendantur,
1024 2993 1198 3036 priorem
1212 2992 1334 3028 etiam
1350 2993 1548 3028 adversus
1566 2994 1797 3033 serpentum
1812 2999 1971 3026 morsus
1988 2998 2058 3026 sa-

235 3049 411 3090 lutarent
441 3053 569 3099 credi,
600 3055 771 3088 relatum
803 3055 876 3087 est.
937 3047 1128 3084 Celosz’ae
1152 3049 1363 3083 cristatae
1385 3047 1506 3084 Linn.
1537 3047 1683 3091 [vulgo
1706 3040 2055 3091 Ha‘hnenkammJ,

236 3109 427 3154 plurimis
450 3109 721 3145 varietatibus
744 3108 933 3143 Sinai-um
952 3107 1002 3142 ad
1019 3107 1247 3149 exemplum
1263 3105 1306 3139 in
1322 3107 1479 3148 patrum
1496 3108 1724 3139 nostrorum
1738 3102 1950 3139 viridariis
1967 3103 2055 3137 cul-

237 3169 326 3213 tae,
357 3166 475 3202 flores
493 3164 770 3210 adstringunt,
800 3164 844 3198 in
860 3163 965 3199 Asia
981 3164 1181 3198 adversus
1205 3161 1457 3208 diarrhoeas,
1483 3162 1821 3206 biennorrhoeas,
1847 3158 2056 3201 copiosum

239 3225 535 3259 menstruorum
556 3220 728 3268 fluxum,
759 3219 1090 3256 haematemesim
1112 3217 1298 3260 aliosque
1320 3219 1476 3253 morbos
1498 3216 1682 3260 indigeni
1702 3225 1817 3252 usus.
1875 3212 2054 3249 Desmo-

241 3272 421 3312 ebriet-ae
445 3279 785 3324 atroparpureae
807 3276 888 3312 Dc.
916 3279 954 3310 et
976 3271 1314 3319 Desmoclcaetae
1324 3269 1605 3319 flavescentes
1620 3273 1703 3309 Dc.
1721 3271 1841 3308 radix
1857 3271 2056 3309 adversus

240 3333 524 3371 intestinorum
550 3334 724 3370 tormina
740 3336 777 3370 et
793 3333 836 3368 in
850 3330 1226 3368 haemorrhoidibus
1242 3329 1389 3366 efficax
1404 3332 1580 3372 putatur.
1641 3325 1934 3373 Gomphrenae
1953 3335 2054 3361 vcr-

240 3389 460 3425 micularis
477 3393 563 3426 SW.
581 3390 682 3426 folia
696 3390 740 3426 in
755 3389 928 3426 Antillis
945 3390 1058 3425 aceto
1075 3387 1237 3423 condita
1252 3387 1483 3431 comedunt,
1499 3385 1659 3422 viribus
1676 3384 1886 3421 diuretica.
1926 3380 2055 3417 Gom-

235 3443 425 3491 plat-enac
447 3443 682 3494 officinalis
704 3449 833 3483 Mart„
854 3449 893 3482 et
925 3441 1220 3490 Gompkrenae
1242 3438 1594 3488 neam-acephalae
1611 3442 1674 3477 St.
1697 3441 1780 3477 Hil.
1813 3435 2053 3483 (Perpetua,

241 3502 345 3539 Raiz
363 3503 409 3540 de
427 3504 557 3540 Padi-e
574 3503 782 3550 Salerma)
801 3502 919 3540 radix
935 3503 1123 3541 tuberosa
1138 3499 1286 3538 virtute
1303 3499 1459 3547 tonica,
1491 3489 1728 3538 stimulante
1743 3498 1924 3545 pollens,
1949 3495 2053 3532 Bra-
