2147 3756
940 108 1057 158 565

828 192 870 195 ..ψ
879 188 1173 195 --——--—c....e..v-q

229 280 423 329 Nephelr‘i
443 283 603 326 generis
619 284 800 320 maxima
815 283 921 320 inter
938 284 1169 320 fructiferas
1186 284 1317 320 Asiae
1334 288 1498 322 arbores
1515 290 1606 324 laus
1623 295 1696 326 est.
1744 288 1910 337 Nephe-

88 340 187 376 Iium
218 337 366 374 Litcln·
394 341 530 376 Camb.
563 339 768 385 (Litclii),
801 338 1045 386 Nephelv'nm
1069 339 1293 387 longanum
1325 341 1460 377 Camb.
1494 343 1724 389 (Longam)
1756 352 1794 384 et
1826 346 1910 382 Ne-

80 395 267 444 phelv'um
305 395 550 441 lappacezcm
581 398 700 432 Linn.
739 396 1014 443 [Rambutan,
1053 397 1328 442 Rampostan)
1360 398 1550 441 aliaeque
1582 411 1826 445 congeneres
1860 409 1908 441 ob

86 454 290 489 fructuum
317 456 483 495 pulpam
509 448 715 498 vinosam,
748 454 884 497 gustui
909 455 1185 498 gratissimam
1210 457 1248 489 et
1271 454 1314 489 in
1331 454 1512 490 febribus
1529 456 1854 496 inflammatoriis
1871 466 1911 498 et

86 510 249 546 biliosis
266 510 404 544 utilem
417 538 426 553 ,
459 510 500 544 in
519 510 647 546 Asiae
663 509 899 554 regionibus
918 511 1082 553 tropicis
1098 511 1254 554 passini
1272 516 1388 547 sat-ae
1405 511 1683 550 inveniuntur.
1742 513 1907 561 Nephe-

88 564 188 600 lium
205 565 388 614 informe
405 567 543 602 Camb.
568 569 693 609 pulpa
718 571 883 602 austera
908 568 1064 604 inutile.
1124 568 1307 603 Omnium
1332 568 1492 604 semina
1515 578 1668 605 amara.
1730 569 1909 607 pierar-

85 620 158 656 dv‘a
182 622 327 656 sativa
343 625 460 658 Jack.
486 627 521 658 et
540 620 774 656 Pe’erardsa
789 621 922 658 duleis
940 625 1057 660 Jack.
1076 622 1280 666 (Rambeli
1304 629 1339 660 et
1358 625 1525 670 Chupa]
1543 635 1634 662 cum
1653 624 1909 675 {Jedqcarpo

85 678 308 724 [Tampui]
326 680 446 715 dubie
464 681 513 715 ad
531 680 810 723 Sapindaceas
827 683 1002 727 relatae,
1027 682 1252 716 secundum
1270 689 1295 717 a
1311 682 1522 725 Nepheliis
1539 685 1672 719 Iocum
1687 685 1882 722 obtinent.

226 759 451 809 Ser-jamne
473 768 511 800 et,
530 762 770 798 Panllz'm‘ae
795 764 1055 800 americanae
1076 769 1304 801 venenatae
1327 771 1492 816 suntbv.
1517 767 1656 804 saltim
1679 774 1909 812 suspectae.

83 816 310 865 Serjam‘ae
327 818 499 855 lethalis
516 824 572 856 St.
593 822 688 866 Hil.,
713 820 875 857 fruticis
894 821 1167 868 masiliensis,
1186 832 1355 858 succum
1372 824 1790 873 resinoso-amarum,
1812 836 1910 863 nar-

82 878 255 913 coticum
286 879 509 920 perhibent.
566 878 658 912 Indi
689 880 916 919 sylvestres
940 879 1014 913 hoc
1039 877 1184 914 frutice
1210 881 1261 914 ad
1282 879 1543 917 inebriandos
1566 881 1703 924 pisces
1728 887 1908 920 utuntur.

79 934 193 976 Apes
225 936 502 976 lecheguanae
532 942 584 968 ex
612 935 735 976 liujus
766 937 805 969 et
834 933 1109 969 consimilium
1137 936 1303 971 floribus
1332 938 1525 972 venenati
1553 939 1690 974 mellis
1713 940 1907 989 speciem,

80 991 199 1032 cujus
225 990 476 1026 dirissimum
498 989 616 1025 virus
640 990 703 1024 vir
725 990 903 1025 illustris
919 991 1134 1034 Augustus
1160 993 1208 1027 de
1224 994 1281 1028 St.
1298 994 1458 1028 Hilaire
1483 994 1524 1028 in
1550 1005 1595 1030 se
1619 1000 1812 1038 expertus
1830 1001 1906 1043 cst,

78 1056 225 1090 sugere
249 1048 478 1082 creduntur.
540 1043 744 1090 Serjam'a
766 1046 903 1080 noxia
926 1048 982 1082 St.
1002 1047 1082 1082 Hil.
1108 1049 1330 1090 pecudibus
1354 1050 1531 1086 exitiosa
1554 1052 1743 1089 creditur.
1805 1048 1908 1088 Ser-

72 1100 227 1148 juniae
245 1102 508 1137 tre'ternatae
525 1103 686 1149 Willd„
711 1103 937 1139 inAntillis
951 1103 1186 1151 indigenae,
1211 1107 1676 1149 ramuliSassaparillae
1693 1111 1781 1145 loco
1798 1115 1907 1147 sunt.

76 1157 322 1194 Panlle‘m'ae
348 1158 518 1194 Cnrnrzc
541 1160 660 1196 Linn.
687 1159 958 1205 (AzucaritoJ
989 1169 1138 1204 magna
1166 1163 1275 1205 apud
1301 1163 1557 1199 Guianenses
1581 1164 1688 1200 feros
1711 1165 1753 1201 in
1777 1167 1908 1203 medi-

79 1217 224 1253 candis
250 1217 384 1251 toxico
406 1216 734 1252 narcotico-acri
759 1217 923 1261 sagittis
948 1217 1058 1254 fama
1074 1222 1149 1255 est.
1209 1220 1350 1255 Oleum
1367 1229 1458 1255 cum
1476 1219 1677 1257 fructibus
1694 1228 1851 1259 coctum
1868 1227 1908 1260 et

76 1274 195 1310 radix
224 1274 466 1309 medicinam
491 1273 738 1309 narcoticam
759 1270 1004 1318 largiuntur.
1062 1272 1283 1310 Paullz'm’a
1297 1276 1486 1322 pinnata
1509 1276 1651 1324 Linn.,
1682 1279 1808 1315 latius
1833 1290 1906 1324 per

75 1331 308 1366 Americam
339 1331 533 1373 tropicam
566 1331 735 1376 diffusa,
765 1331 1090 1368 venenatissima
1115 1333 1305 1370 creditur.
1363 1333 1534 1369 Radicis
1556 1334 1837 1378 seminumque
1860 1337 1905 1374 in

73 1387 284 1423 veneficiis
309 1389 417 1429 apud
434 1387 615 1431 Nigritas
640 1397 782 1423 servos
806 1398 908 1423 usus
925 1391 999 1424 est.
1054 1389 1291 1431 Expressus
1312 1389 1502 1425 foliorum
1519 1400 1670 1426 succus
1685 1393 1797 1429 Indis
1815 1396 1904 1436 syl-

73 1444 279 1480 vestribus
298 1454 367 1487 per
383 1444 588 1479 Brasiliae
611 1447 746 1479 saltus
765 1445 996 1480 errantibus
1013 1446 1233 1482 remedium
1251 1446 1412 1490 egregie
1427 1447 1707 1483 vulnerarium
1724 1453 1904 1492 praebet.

74 1498 294 1535 Panlle'm'a
318 1498 530 1534 australis
555 1502 610 1536 St.
636 1501 717 1537 Hil.
751 1511 906 1537 summe
927 1506 1146 1538 venenata.
1206 1501 1429 1538 Paullim’a
1456 1501 1634 1549 Capaneu
1660 1506 1707 1542 H.
1725 1507 1769 1541 B.
1787 1507 1836 1542 K.
1860 1507 1905 1544 in

73 1558 324 1594 obumbratis
349 1557 526 1593 fluminis
552 1558 713 1593 Orinoci
736 1558 838 1601 ripis
862 1559 1062 1595 nascitur.
1107 1561 1241 1602 Hujus
1263 1560 1422 1596 semina
1447 1561 1619 1597 contrita
1635 1565 1671 1597 et
1690 1562 1905 1600 Cassavae

72 1617 224 1660 mixta,
256 1614 447 1657 foliisque
479 1615 651 1658 palmeis
675 1625 712 1650 v.
736 1615 943 1651 musaceis
966 1615 1153 1652 involuta
1178 1617 1269 1652 Indi
1294 1626 1402 1660 aqua
1428 1618 1687 1660 perfundunt.
1746 1620 1904 1656 Deinde

71 1672 368 1715 putrefactione
391 1672 463 1706 vix
479 1670 661 1717 incepta,
694 1680 842 1714 aquam
859 1675 992 1708 colore
1009 1682 1149 1709 croceo
1166 1673 1335 1710 tinctam
1351 1674 1593 1718 saporisque
1609 1675 1740 1711 amari
1757 1676 1904 1713 defun-

72 1730 190 1772 dunt,
224 1737 392 1771 eamque
422 1737 530 1771 aqua
560 1737 672 1764 mera
703 1729 871 1765 dilutam
902 1730 1109 1765 hauriunt.
1168 1730 1407 1767 Consimilis
1431 1731 1632 1767 seminum
1655 1728 1902 1768 Paulle‘m‘ae

69 1784 240 1819 sor-bilis
258 1780 378 1821 Mart.
396 1786 502 1827 apud
520 1785 800 1821 Brasilienses
816 1795 919 1821 usus
935 1790 1010 1822 est.
1039 1788 1141 1822 Nam
1159 1788 1333 1823 contrita
1348 1788 1390 1822 in
1407 1791 1617 1831 pulverem
1634 1789 1793 1825 semina
1809 1800 1901 1826 cum

40 1858 52 1863 -
68 1850 177 1885 aqua
208 1842 250 1877 in
281 1842 472 1885 pastillos
503 1842 753 1884 cylindricos
778 1852 817 1878 v.
841 1845 983 1886 globos
1008 1840 1159 1886 (vulgo
1184 1840 1399 1878 Gaurana
1424 1844 1577 1889 dictos]
1598 1844 1792 1890 formata,
1826 1856 1902 1882 ex·

69 1898 292 1935 siccantur.
351 1899 435 1934 Hos
465 1898 706 1934 itinerantes
738 1908 879 1934 secum
909 1901 1077 1945 vehere,
1110 1904 1149 1935 et
1179 1900 1372 1936 contritos
1398 1910 1488 1936 cum
1511 1910 1620 1944 aqua
1643 1906 1679 1936 et
1702 1905 1900 1939 saccharo

67 1956 332 1998 potiunculae
355 1955 638 1999 refrigerantis
661 1959 699 1991 et
722 1955 972 1991 antifebrilis
986 1957 1076 1991 loco
1094 1958 1256 1992 sorbere
1272 1958 1417 1993 solent.
1476 1955 1643 1992 Pastae
1662 1955 1900 1994 Guarcmae

68 2011 112 2047 in
128 2014 332 2055 Europam
355 2013 551 2047 advectae
569 2011 703 2048 odoris
718 2011 961 2059 peculiaris,
985 2013 1146 2056 saporis
1164 2022 1253 2048 cum
1269 2013 1413 2056 aliqua
1429 2013 1702 2050 amaritudine
1718 2017 1900 2053 adstrin-

68 2069 219 2114 gentis,
258 2068 511 2104 examinanti
545 2068 724 2104 chemico
754 2072 916 2112 praeter
947 2070 1176 2111 pauxillum
1207 2070 1391 2115 resinae,
1426 2070 1655 2117 tanninam,
1687 2073 1899 2123 materiem

66 2125 355 2170 extractivam,
388 2134 551 2161 mucum
573 2130 611 2160 et
634 2127 836 2172 amylum,
868 2126 1141 2161 substantiam
1165 2126 1416 2169 peculiarem
1431 2120 1801 2175 YGuaretm'n'amy,
1834 2132 1898 2165 al-

65 2182 262 2218 caloideis
279 2182 524 2218 substantiis
539 2183 869 2230 adnumeratam,
895 2191 1018 2225 quam
1032 2182 1179 2226 majori
1195 2183 1284 2219 dosi
1300 2183 1449 2220 veneni
1465 2184 1663 2220 narcotici
1678 2185 1721 2221 in
1736 2187 1896 2222 modum

64 2247 187 2283 agere
203 2239 413 2282 perbibent
424 2265 435 2285 ,
466 2241 713 2274 obtulerunt.

207 2307 526 2355 Carde‘ospermz'
553 2307 818 2344 Halz'eaeabi
844 2309 986 2356 Linn.,
1018 2309 1125 2346 inter
1153 2310 1328 2354 tropicos
1359 2310 1484 2347 totius
1513 2311 1624 2348 orbis
1655 2313 1895 2360 crescentis,

64 2366 183 2402 radix
205 2376 394 2414 mucosa,
428 2375 656 2413 nauseosa,
686 2365 838 2402 virtute
862 2367 1089 2413 aperiente,
1121 2366 1421 2414 diaphoretica,
1454 2368 1657 2405 diuretica
1683 2373 1721 2406 et
1742 2370 1896 2407 lithon-

62 2422 225 2467 triptica
239 2426 390 2467 pollere
401 2424 596 2469 creditur.
652 2423 772 2459 Folia
788 2423 831 2458 in
847 2424 1049 2460 Moluccis
1067 2433 1157 2459 cum
1177 2424 1357 2461 oleribus
1374 2429 1612 2468 coquuntur.

202 2491 543 2529 Dodonaeaceae
582 2498 762 2530 aromate
797 2493 952 2530 modico
982 2496 1348 2540 commendantur,
1373 2505 1395 2531 e
1425 2496 1661 2533 substantia
1690 2498 1892 2546 resinosa,

62 2559 183 2593 quam
200 2552 401 2594 plurimae
418 2562 440 2587 e
458 2551 568 2587 foliis
584 2551 822 2594 capsulisve
839 2551 1002 2596 sudant,
1023 2553 1235 2594 pendente.
1265 2548 1528 2586 Dodonaeae
1544 2546 1737 2589 viscosae
1752 2555 1890 2599 Linn.,

61 2601 169 2643 inter
192 2606 368 2652 tropicos
394 2608 515 2644 totius
541 2607 648 2643 orbis
672 2607 919 2653 crescentis,
954 2607 1054 2643 folia
1078 2608 1240 2644 balneis
1263 2608 1533 2652 fomentisque
1548 2611 1765 2648 adduntur.
1817 2613 1892 2647 Se-

58 2664 171 2700 mina
205 2666 428 2700 esculenta.
486 2660 748 2698 Dodonaeae
770 2661 935 2698 de‘m‘cae
956 2666 1108 2711 Roxb.,
1141 2663 1305 2701 fruticis
1326 2665 1474 2711 indici,
1505 2666 1664 2711 lignum
1694 2667 1738 2703 in
1759 2667 1893 2705 colica

60 2720 276 2757 flatulenta
289 2722 494 2759 laudatur.
531 2718 792 2755 Dodonaeae
815 2718 1166 2767 Thunbergv'cmae
1181 2723 1299 2759 Eckl.
1317 2725 1353 2758 et
1367 2723 1514 2769 Zeyh.,
1538 2722 1582 2759 in
1599 2723 1742 2767 Capite
1757 2726 1890 2761 bonae

59 2777 149 2821 spei
165 2777 385 2824 crescenti,
417 2778 608 2814 virtutem
625 2778 770 2813 leniter
785 2782 1046 2823 purgantem,
1077 2778 1201 2814 simul
1218 2782 1257 2814 et
1272 2778 1549 2814 antisebrilem
1566 2779 1760 2817 tribuunt.

81 2884 83 2886 .
196 2849 307 2884 Inter
328 2857 482 2893 genera
503 2850 696 2884 anomala
711 2846 916 2894 Magonia
930 2848 1030 2884 mihi
1044 2850 1319 2884 memoranda.
1377 2845 1608 2895 Magonem
1616 2849 1888 2895 pubescentis

59 2905 115 2940 St.
132 2904 214 2940 ΗΠ.
228 2932 238 2952 ,
270 2905 429 2941 arboris
445 2905 706 2942 brasiliensis
719 2932 729 2950 ,
761 2905 860 2941 folia
877 2902 1074 2951 (Tz'nguz')
1094 2904 1419 2948 stupefaciendis
1434 2905 1619 2949 piscibus
1642 2907 1886 2944 inserviunt.

55 2961 198 2997 Flores
220 2961 421 2998 mellificis
444 2962 592 3005 apibus
614 2961 891 3006 perniciosum
913 2961 1196 3007 viruslargire
1212 2963 1443 3013 creduntur.
1500 2958 1649 2999 Cortex
1665 2967 1887 3000 suberosus

55 3018 105 3052 ad
127 3019 364 3061 depuranda
386 3028 579 3062 equorum
601 3014 744 3055 u‘lcera
759 3027 784 3054 a
799 3018 1073 3065 mangonibus
1091 3019 1312 3063 colligitur.
1368 3015 1884 3068 Plo'ssleaefloribwndae,

55 3082 108 3110 ex
122 3073 293 3111 Africae
307 3076 587 3118 penetralibus
602 3085 731 3119 nuper
746 3077 920 3123 relatae,
951 3076 1101 3112 ramuli
1116 3076 1269 3121 gummi
1286 3077 1486 3112 exsudato
1503 3077 1653 3113 consiti
1667 3082 1778 3115 sunt.

169 3145 378 3188 Capensia
407 3154 560 3190 genera
587 3145 708 3182 dubie
735 3148 816 3183 huc
844 3148 978 3183 relata
1005 3142 1206 3190 imprimis
1229 3149 1277 3183 ob
1301 3146 1522 3183 utilitatem
1543 3147 1749 3194 materiei,
1777 3156 1884 3191 quae

55 3199 177 3237 etiam
200 3201 245 3237 in
260 3202 454 3245 legitimis
470 3206 688 3245 praestans
708 3207 787 3250 est,
820 3206 1092 3250 celebrantur,
1150 3201 1546 3249 Ptaeroxyliutilis
1561 3205 1680 3240 Eckl.
1697 3208 1737 3240 et
1750 3205 1882 3248 Zeyb.

53 3256 210 3301 lignum
240 3258 560 3306 solidissimum,
590 3259 843 3296 swieteniae
865 3260 1086 3306 Mahagoni
1108 3260 1453 3303 pulchritudinem
1476 3263 1727 3309 aemulatur,
1759 3265 1882 3305 atque

54 3315 106 3349 ad
122 3314 241 3351 varia
255 3315 453 3351 utensilia
467 3316 654 3358 paranda
669 3324 694 3352 a
711 3316 865 3352 colonis
881 3317 1113 3363 adhibetur,
1145 3317 1214 3360 qui
1230 3319 1412 3354 arborem
1428 3320 1478 3353 ob
1495 3319 1657 3354 scobem
1673 3321 1880 3356 sternuta-

54 3370 212 3417 toriam,
238 3372 331 3409 dum
348 3372 391 3408 in
407 3380 570 3408 asseres
585 3376 766 3420 secatur,
791 3376 1026 3411 avolantem
1040 3376 1163 3418 vulgo
1184 3370 1390 3408 Niesleout
1401 3373 1596 3410 vocitant.
1636 3371 1738 3412 Cum
1752 3375 1878 3411 etiam

52 3426 191 3462 vlrens
207 3427 408 3464 flammam
424 3428 566 3471 rapide
579 3429 776 3477 concipit,
798 3431 944 3466 alendo
960 3430 1047 3476 igni
1063 3439 1090 3467 a
1104 3430 1461 3476 peregrinantibus
1477 3430 1696 3475 colligitur.
1739 3431 1878 3468 Etiam

53 3478 332 3530 Hippobromi
351 3483 468 3521 alati
487 3486 606 3523 Eckl.
630 3489 670 3524 et
683 3487 813 3531 Zeyli.
837 3485 987 3533 (vulgo
1001 3487 1227 3534 Pardepis)
1250 3487 1408 3533 lignum
1425 3487 1477 3523 ad
1493 3487 1613 3532 varia
1626 3490 1734 3526 vasa
1748 3487 1876 3525 fabri-

1419 3550 1526 3606 36*
