2147 3756
1046 92 1165 144 666
1218 88 1220 91 ’

196 264 398 329 pei-fecti
437 271 516 310 aut
561 263 799 310 rarissime
845 262 1012 310 abortu
1060 263 1349 325 imperfecti,
1396 261 1708 326 irregulares,
1757 265 2013 327 racemosi‚=

195 336 362 398 spicati
395 335 681 398 incapitati,
713 335 862 380 rarius
895 333 1147 396 paniculati
1178 350 1221 380 v.
1255 333 1477 391 solitarii,
1511 332 1620 380 nudi
1651 342 1729 380 aut
1760 334 2007 394 bracteati,

195 404 442 469 pedicellis
481 405 755 469 saepissime
796 404 1122 462 bracteolatis‚
1169 404 1334 467 calyce
1376 421 1466 449 non
1506 420 1614 451 raro
1647 403 2008 452 bibracteolato.

201 478 355 537 Calyoe
386 475 527 533 liber,
569 475 914 538 gamopliyllus‚
952 483 1274 538 pentamerus,
1317 473 1492 529 foliolis
1526 475 1625 537 plus
1658 475 1804 522 minus
1837 475 2010 523 eoliae-

195 547 427 604 r-entibus,
483 546 843 608 subaequalibus
888 561 930 592 v.
960 546 1126 607 ,magis
1171 546 1381 591 minusve
1427 544 1773 608 inaequalibus,
1830 545 2009 593 (luobus

193 619 388 681 posticis
435 633 576 679 saepe
624 616 859 672 connatis,
914 614 1143 661 interdum
1192 616 1238 661 in
1285 617 1468 662 unicum
1522 617 1782 673 concretis,
1839 616 2007 663 labium

193 689 427 752 superius,
478 688 577 749 plus
617 686 765 732 minus
799 685 1066 732 distinctum
1098 686 1431 743 formantibus,
1479 686 1662 733 laciniis
1691 703 1779 749 per
1807 687 2009 734 aestiva-

193 761 366 806 tionem
408 758 664 804 imbricatis
703 773 744 804 v.
785 756 1084 805 subvalvatis,
1163 758 1391 804 Corollae
1436 757 1592 820 petala
1640 759 1866 822 quinque,
1916 759 2006 804 tori

137 838 142 839 ⁷
193 830 390 876 laminae
421 829 555 874 imum
583 828 761 891 calyeis
786 826 973 874 fundum
1006 845 1046 874 v.
1074 827 1305 874 interdum
1339 827 1551 890 ejusdem
1583 827 1740 874 tubum
1772 829 2006 886 vestienti,

192 910 239 947 et
271 902 313 946 in
348 900 561 946 annulum
598 899 743 961 magis
774 900 982 945 minusve
1023 899 1314 945 manifestum
1354 900 1549 946 tumenti
1586 899 1785 956 inserta,
1834 900 2010 963 saepis-

191 973 304 1017 sime
345 970 634 1032 inaequalia,
686 969 729 1015 in
771 969 993 1015 corollam
1035 970 1411 1033 papilionaceam
1449 986 1491 1018 v.
1532 969 2008 1034 subpapilionaceam‚

190 1042 427 1088 rarissime
460 1040 813 1103 subi-egularem
846 1039 1093 1104 disposita,
1128 1041 1356 1104 posticum
1387 1041 1666 1101 (veoez‘llum)
1696 1041 2007 1088 aestivatione

193 1114 410 1159 extimum
444 1112 797 1175 complicatum,
836 1110 1273 1174 heteromorplium,
1315 1110 1404 1158 duo
1440 1111 1651 1158 lateralia
1686 1113 1848 1171 (alae)
1883 1112 2011 1159 inter

189 1199 240 1230 se
281 1183 564 1240 conformia,
613 1181 701 1229 ‹luo
745 1179 900 1229 antica
935 1184 1160 1242 (carina)
1196 1183 1329 1245 apice
1371 1182 1646 1245 saepissime
1686 1182 1812 1229 inter
1841 1198 1893 1229 se
1926 1198 2010 1229 co-

189 1254 436 1301 haerentia
481 1262 561 1301 aut
603 1254 790 1316 penitus
838 1252 1032 1309 coalita,
1080 1251 1318 1299 interdum
1364 1252 1609 1311 nonnulla,
1656 1253 1807 1299 rarius
1854 1253 2009 1300 omnia

190 1324 417 1372 abortiva.
492 1326 714 1372 Stamina
747 1340 850 1371 eum
883 1323 1050 1386 petalis
1083 1324 1281 1380 inserta,
1330 1322 1468 1386 duplo
1501 1321 1758 1371 eorundem
1797 1339 2007 1382 numero,

190 1395 357 1443 decem
403 1404 484 1442 aut
530 1394 764 1441 interdum
810 1394 980 1440 abortu
1026 1395 1263 1458 pauciora.
1350 1396 1625 1442 Fe'lamenla
1676 1409 1798 1441 nunc
1854 1395 2009 1442 omnia

191 1467 368 1523 libera,
416 1482 537 1512 nunc
570 1467 613 1511 in
647 1465 804 1512 tubum
839 1465 1066 1523 clausum,
1107 1482 1147 1513 v.
1181 1466 1225 1512 in
1259 1468 1476 1529 vaginam
1508 1466 1614 1512 binc
1648 1467 1801 1512 fissam
1834 1465 2009 1513 coalita

186 1547 235 1585 et
266 1536 374 1584 ideo
407 1535 738 1599 monfidelpha,
773 1545 1018 1583 nunc'uno
1052 1534 1237 1599 postico
1274 1537 1466 1596 (vexillo
1500 1535 1725 1600 obverso)
1759 1553 1784 1583 a
1810 1537 2005 1601 reliquis

188 1608 408 1655 distincto
450 1617 642 1655 caetera
683 1608 728 1653 in
767 1608 986 1670 vaginam
1026 1608 1442 1665 lissamconnata,
1489 1607 1745 1668 rarissime·
1775 1608 1821 1653 in
1867 1607 2009 1655 fasci-

189 1679 320 1726 culos
367 1677 482 1725 duos
528 1679 839 1725 isostemones
879 1678 1084 1725 collecta
1123 1687 1171 1724 et
1208 1677 1318 1726 ideo
1360 1676 1630 1741 diadelpha,
1677 1679 1812 1742 apice
1854 1678 2008 1725 omnia

184 1766 368 1814 semper
415 1749 651 1797 distincta.
747 1749 1005 1797 Atztleerae
1051 1750 1310 1808 introrsae‚
1360 1749 1670 1807 biloculares,
1716 1757 1909 1796 erectae
1955 1765 2002 1796 v.

184 1820 532 1877 incumbentes,
579 1820 800 1884 aequales
844 1836 886 1868 v,
929 1820 1140 1866 alternae
1188 1820 1582 1884 heteromorpbae
1621 1821 1887 1867 autxrarius
1926 1819 2008 1867 ab-

163 1893 393 1951 -ortivae3
430 1892 572 1939 loculi
604 1888 1012 1955 longitudinaliter
1042 1908 1084 1939 v.
1116 1893 1243 1954 poris
1278 1891 1594 1939 dehiscentes.
1665 1892 1867 1938 Germen
1900 1891 2008 1936 sim-

183 1963 316 2027 plex,
365 1964 529 2010 sessile
562 1979 607 2010 v.
644 1963 814 2024 stipiti,
862 1960 1095 2009 interdum
1135 1964 1228 2009 tori
1266 1978 1494 2026 processu
1534 1961 1744 2009 annulari
1786 1962 2004 2025 vaginato
2040 1973 2045 1975 “

164 2035 474 2097 ΙΓἰῐηΡΟείῐυηι,
525 2033 896 2097 monopliyllum,
946 2033 1253 2097 carpophyllo
1287 2042 1395 2080 ante
1428 2033 1607 2097 calycis
1640 2033 1851 2078 foliolum
1884 2032 2005 2078 anti·

184 2121 297 2163 cum,
320 2106 435 2161 sito,
483 2104 890 2167 longitudinaliter
921 2104 1228 2167 complicato,
1280 2103 1340 2150 ad
1370 2104 1610 2166 margines
1641 2103 1858 2150 valvatim
1891 2119 2005 2150 con-

183 2184 318 2223 natos
350 2185 429 2222 aut
459 2177 609 2222 rarius
641 2176 920 2221 introssexos
952 2175 1298 2237 gemmulifero.
1325 2216 1329 2221 ,
1352 2175 1623 2221 Gemmulae
1641 2173 1775 2235 juxta
1799 2182 2004 2220 suturam

181 2247 357 2294 vexillo
400 2246 646 2292 obversam
693 2245 968 2309 saepissime
1014 2245 1194 2307 plures,
1241 2244 1522 2303 biseriatae,
1569 2245 1719 2291 rarius
1765 2245 2004 2291 solitariae

182 2326 262 2364 ant
307 2316 663 2373 subsolitariae‚
720 2315 1042 2379 amphitropae
1089 2332 1129 2362 v.
1177 2324 1449 2379 anatropae.
1539 2316 1704 2377 Stylus
1757 2315 2004 2374 filiformis,

182 2388 394 2451 simplex.
471 2389 660 2449 Sligma
697 2386 943 2434 terminale
982 2403 1025 2433 v.
1060 2386 1180 2433 infra
1212 2386 1322 2450 styli
1353 2387 1536 2449 apicem
1568 2385 1788 2443 laterale,
1835 2385 2005 2433 indivi-

181 2475 300 2516 sum,
350 2457 518 2506 nudum
566 2466 646 2505 aut
690 2457 947 2504 barbatum.
1022 2458 1254 2504 Fructus:
1308 2459 1553 2520 Legumen
1599 2455 2007 2520 longitudinaliter

179 2529 391 2587 bivalve,
441 2529 757 2586 uniloculare,
805 2526 1036 2574 interdum
1083 2528 1370 2589 marginibus
1416 2527 2004 2589 introflexisbiloeulare,

181 2618 226 2648 v.
263 2601 443 2647 isthmis
475 2602 598 2647 inter
629 2601 806 2647 semina
837 2600 1486 2662 transversisinterceptum,
1535 2600 1580 2644 in
1615 2598 1796 2645 loculos
1828 2595 2003 2662 plures,
2059 2620 2063 2628 f

180 2688 563 2735 monospermos,
620 2671 890 2735 periearpio
939 2671 1161 2716 continuo
1211 2668 1427 2728 divisum,
1483 2686 1523 2716 v.
1570 2670 1837 2732 periearpio
1883 2670 2007 2729 inter

182 2744 362 2794 semina
401 2743 659 2788 constricto
699 2742 745 2788 in
786 2740 1009 2788 articulos
1051 2739 1261 2793 dilabens
1297 2742 1631 2802 (lomentum),
1679 2742 1831 2786 rarius
1871 2738 2005 2786 inde-

180 2813 393 2871 liiscens,
441 2813 789 2876 polyspermum
837 2820 916 2858 aut
960 2810 1128 2858 abortu
1174 2826 1566 2875 monospermum.
1640 2812 1836 2858 Semina
1868 2810 2004 2872 juxta

180 2893 388 2934 suturam
419 2883 990 2931 vexillaremalternatim
1023 2882 1270 2939 biseriata,
1318 2884 1421 2946 plus
1452 2883 1601 2929 minus
1640 2881 1915 2935 reniformia
1954 2897 1999 2928 v.

181 2955 358 3012 oralia,
407 2955 612 3001 funiculo
646 2955 795 3017 magis
827 2955 1038 3000 minusve
1072 2952 1315 3011 distincto,
1362 2952 1594 3000 interdum
1627 2953 1671 2998 in
1706 2952 2004 3000 carunculam

180 3041 407 3088 expanso,
481 3027 864 3088 Integzcmentmn
903 3025 1112 3071 exterius
1152 3025 1309 3080 laeve,
1356 3024 1553 3070 interius
1598 3022 2004 3070 membranaceum

178 3113 221 3142 v.
259 3094 496 3143 tumidum.
569 3096 812 3144 Albumen
845 3094 1017 3142 nullum
1054 3103 1134 3141 aut
1172 3111 1377 3157 parcum.
1451 3093 1662 3156 Embryo
1703 3102 1920 3142 curvatus
1958 3109 2002 3141 v.

181 3176 362 3214 rectus.
447 3167 768 3229 Cotyledones
796 3166 898 3230 plus
930 3166 1080 3213 minus
1113 3180 1326 3224 crassae,
1373 3165 1719 3229 germinatione
1751 3163 2000 3222 foliaceae,

180 3255 220 3283 v.
261 3238 532 3302 hypogeae,
567 3252 816 3287 carnosae.
1844 3234 1847 3237 ’

331 3406 554 3446 TRIBUS
574 3408 612 3446 Ι.
643 3406 1086 3446 PODALYRIEAE.
1148 3407 1322 3444 Cor-olla
1338 3403 1684 3460 papilionaeea,
1724 3404 1920 3443 Stamina
1937 3402 2006 3453 10,

184 3461 344 3504 libera.
407 3464 615 3515 Legnmen
629 3462 834 3516 bii-alre,
863 3464 1106 3506 rarissime
1121 3461 1415 3525 indehiscens
1435 3467 1481 3504 et
1500 3467 1610 3504 tunc
1627 3459 1786 3514 calyce
1801 3459 2003 3522 brevius.
