2147 3756
956 135 1071 186 555

107 319 290 366 sertae,
334 306 680 356 adscendentes
712 325 758 357 v.
796 306 1052 372 pendulae,
1099 313 1378 368 anatropae.
1456 306 1620 367 Stylus
1652 306 1923 362 terminalis)

107 380 330 443 simplex,
377 381 554 441 stigma
600 380 724 442 apici
769 379 879 443 styli
925 394 1045 424 nunc
1093 377 1312 440 aequale,
1361 392 1481 422 nuuc
1522 376 1682 434 latius,
1729 376 1926 439 peltato-

107 449 419 505 discoideum,
452 451 634 512 angulis
660 467 700 498 v.
727 450 895 496 lohulis
920 448 1181 496 loculorum
1212 462 1405 493 numero
1438 454 1661 492 notatum.
1721 448 1928 509 Capsula

106 521 313 583 lignosa,
361 521 917 583 tri·quinqueloculariS,
964 520 1223 582 septil'rage
1258 516 1733 580 triquinquevalvis,
1781 517 1927 563 valvis

106 591 163 638 ab
191 607 336 637 axeos
364 592 585 637 centralis
612 607 823 648 crassae,
857 591 1254 652 tri-pentagonae
1282 604 1327 635 v.
1356 588 1509 635 alatae
1534 587 1716 649 angulis
1741 595 1924 649 septan-

105 662 234 708 tibus'
281 662 465 708 solutis.
549 663 744 708 Semina
784 661 922 723 juxta
968 660 1227 705 loculorum
1274 659 1490 721 angulum
1537 657 1795 704 neutralem
1846 673 1928 703 co-

106 733 290 779 lumnae
340 731 538 778 centrali
585 732 844 778 biseriatim
891 731 1091 786 inserta,
1138 730 1298 792 plana,
1347 729 1614 785 imbricata,
1663 726 1925 783 exafilina,

104 802 308 866 pendula
363 820 407 849 v.
458 802 824 858 adscendentia,
889 802 1214 862 integumento
1269 798 1928 862 fungoso-membraniformi,

104 873 205 920 basi
232 890 271 919 v.
300 875 433 934 apice
459 882 538 918 aut
563 873 766 934 undique
793 872 839 917 in
872 871 989 917 alam
1023 886 1255 933 expanso,
1289 871 1517 917 interiore
1550 870 1927 926 membranaceo,

104 944 200 990 hilo
239 943 430 989 hasilari
473 960 513 990 v.
547 943 747 990 laterali.
821 941 1065 988 Albumea
1106 957 1379 999 carnosum,
1426 957 1616 1004 parcum
1656 957 1700 987 v.
1741 940 1929 987 nullum.

100 1014 311 1076 Embryo
366 1030 487 1060 nunc
541 1013 773 1060 albumine
829 1012 1036 1058 inclusus
1089 1013 1350 1075 partimque
1407 1028 1507 1058 cum
1556 1012 1643 1061 illo,
1683 1012 1924 1067 confusuS,

104 1101 224 1131 nunc
274 1084 677 1141 exalbuminosus,
726 1083 1057 1146 orthotropuS‚
1108 1091 1292 1138 rectus,
1340 1082 1643 1145 subobliquus
1688 1091 1929 1141 intrans-

102 1171 292 1214 versus3
328 1156 696 1216 cotyleclom'bus
723 1155 935 1202 carnosis
961 1171 1003 1200 v.
1024 1153 1353 1216 planiusculis‚
1386 1154 1611 1200 radicula
1636 1152 1928 1209 brevissima,

102 1226 243 1273 hilum
277 1227 589 1290 respiciente,
624 1242 817 1289 supera,
851 1226 1005 1272 infera
1037 1241 1082 1272 v.
1120 1225 1402 1288 centripeta.

249 1353 472 1390 TRIBUS
500 1354 537 1391 I.
585 1351 989 1392 SWJETENIAE.
1050 1353 1247 1389 Corollae
1264 1349 1512 1390 aestivatio
1533 1336 1765 1389 contorta.
1826 1351 1928 1388 Sla-

100 1412 215 1448 mae'na
231 1408 277 1449 in
296 1409 452 1449 tubum
474 1408 662 1450 coalita.
723 1410 851 1449 Hilus
868 1409 913 1449 in
934 1408 1062 1462 apice
1079 1408 1182 1449 alae
1198 1407 1377 1461 rhaphe
1395 1418 1646 1460 percursae
1665 1407 1799 1447 situs.

893 1514 1139 1549 GENERA.

212 1601 262 1635 55
274 1599 336 1634 49.
368 1597 595 1634 Swietenia
613 1593 736 1632 Lime.
1151 1598 1277 1633 5551.
1308 1595 1504 1639 Soymida
1519 1590 1622 1629 Aclr.
1639 1593 1757 1631 JuSS.

428 1647 605 1697 mangoni
621 1648 771 1681 Adam.
1152 1656 1276 1690 5552.
1309 1652 1578 1691 Chickrassia
1595 1648 1694 1684 Λᾶν.
1714 1649 1834 1687 Ιαεε.

424 1689 521 1722 Rota
540 1688 658 1738 SfflP:
1368 1701 1585 1734 Cliukrasia
1602 1699 1694 1733 Adr.
1715 1700 1821 1733 Jnss.

426 1732 572 1765 Cedrus
591 1732 692 1765 ΠῙῑῖῘ-
1365 1743 1609 1787 Plagiotaxis
1634 1742 1752 1777 Wall.

213 1783 338 1820 5550.
370 1783 520 1827 Khaya
538 1779 641 1821 Adr.
658 1780 777 1818 Juss.
824 1805 826 1807 -

247 1888 471 1930 TRIBUS
500 1893 564 1930 ῙῙ.
612 1892 987 1932 CEDRELEAE.
1057 1890 1255 1930 Coronae
1287 1889 1535 1930 aestivatio
1561 1887 1859 1929 convolutixa
1894 1902 1930 1928 r.

100 1949 679 1990 contorto-convulutiva,
756 1948 1150 2001 Stamina-libera.
1222 1949 1354 1987 Hilas
1384 1947 1426 1988 si
1455 1959 1614 1987 semen
1649 1957 1852 2004 superne
1883 1944 1931 1985 in

99 2007 223 2047 alam
241 2005 524 2061 productum
541 2005 600 2046 ad
618 2006 720 2059 ejus
738 2006 890 2047 basim
909 2007 1041 2046 situs.

874 2111 1159 2146 GENERA.

213 2182 337 2217 5553.
370 2181 643 2225 Chloroxylon
659 2177 752 2216 DC.
1208 2170 1242 2206 b·
1269 2170 1404 2246 Τοοηό
1419 2170 1533 2205 Endl.
1700 2226 1702 2229 ι

210 2241 290 2273 555
300 2241 337 2274 4.
369 2238 606 2275 55555555
627 2236 674 2272 R.
692 2236 771 2274 Br.
1367 2211 1735 2300 8335533032522355

211 2296 336 2331 5555.
369 2296 530 2338 oxleya
548 2291 594 2331 A.
618 2294 750 2330 Cunn-

211 2353 337 2388 5556.
369 2350 540 2388 Cedrela
559 2349 680 2386 Limz.
1252 2358 1444 2400 Genus
1477 2359 1717 2400 dubium·

424 2400 612 2434 Jonsonia
628 2401 776 2434 Adane.

427 2443 574 2476 Ceth-us
591 2443 695 2477 Mill.
711 2445 825 2489 part.
1151 2435 1278 2472 5557.
1309 2436 1579 2473 Ixionanlhus
1596 2431 1725 2470 Jack.

271 2497 308 2520 a.
336 2484 483 2519 Cedrus
499 2485 616 2520 Endl.

241 2571 566 2617 Affinitas.
626 2578 839 2615 Meliaceis
869 2585 922 2614 ex
952 2586 1048 2614 asse
1079 2577 1244 2623 affines,
1277 2577 1348 2613 sed
1380 2575 1564 2621 capsulis
1597 2574 1870 2619 polysperrnis
1895 2578 1935 2612 et

99 2634 300 2673 seminum
325 2636 599 2679 integumento
624 2635 667 2670 in
693 2638 801 2673 alam
826 2638 1180 2671 membranaceam
1196 2643 1379 2678 expanso
1398 2634 1638 2682 distinctae,
1670 2633 1816 2669 iisdem
1834 2642 1935 2676 quo—

100 2694 153 2729 ad
169 2692 346 2735 reliquos
363 2691 739 2728 necessitudinibus
757 2696 956 2728 tenentur.
1785 2696 1787 2698 ·

242 2756 674 2812 Geographia.
734 2763 889 2798 Partim
906 2773 998 2799 cum
1013 2761 1228 2799 Meliaceis
1245 2762 1400 2798 sedent.
1460 2757 1732 2795 Sw2·etem·eae
1754 2759 1935 2803 singulis

97 2819 318 2866 generibus
335 2820 377 2854 in
394 2819 589 2855 America
613 2824 652 2856 et
665 2819 821 2855 Africa‘
837 2820 1013 2866 tropica,
1046 2819 1201 2862 duplici
1225 2821 1372 2855 saltem
1394 2817 1438 2853 in
1462 2818 1578 2853 India
1603 2816 1792 2852 orientali
1815 2816 1936 2852 habi-

99 2880 198 2913 tant.
263 2878 296 2912 E
331 2873 541 2911 Cedreleis
576 2877 851 2919 Chloroxylon
880 2877 1022 2912 Indiae
1052 2877 1345 2920 continentem,
1390 2873 1648 2909 Flindersiae
1679 2876 1716 2908 et
1748 2874 1934 2915 oxleyae

97 2933 260 2969 insulas
278 2935 491 2969 Moluccas
509 2937 547 2969 et
563 2936 717 2969 Novam
733 2934 998 2969 Hollandiam
1015 2933 1211 2976 tropicam
1235 2935 1273 2968 et
1297 2931 1570 2974 suntropicam
1592 2930 1777 2966 incolunt
1845 2929 1928 2980 Ce-

99 2990 238 3027 drelae
255 2990 344 3033 pari
361 2989 445 3026 fere
461 3000 626 3026 numero
642 3000 714 3034 per
727 2989 875 3026 Asiam
891 2997 930 3029 et
946 2990 1182 3026 Americam
1198 2989 1376 3027 calidam
1394 2988 1567 3024 divisae.

243 3055 619 3112 finalitatesv
631 3065 669 3098 ct
691 3067 862 3100 usus.
905 3062 1088 3097 Arbores
1105 3063 1153 3096 ob
1170 3060 1355 3096 materiei
1371 3058 1714 3103 pulchritudinem
1732 3059 1929 3102 celebres,

101 3127 180 3153 non
197 3117 332 3153 minus
349 3118 498 3155 virtute
515 3119 721 3155 senatrice
738 3119 1088 3163 commendantur,
1120 3127 1216 3153 nam
1233 3127 1371 3152 omnes
1390 3117 1432 3152 vi
1458 3116 1758 3163 adstringente,
1790 3122 1934 3151 amara

101 3178 140 3210 et
155 3174 286 3210 tonica
308 3177 482 3221 pollent,
514 3175 663 3218 quinus
680 3176 722 3212 in
739 3175 950 3211 nonnullis
968 3174 1215 3218 principium
1231 3174 1496 3209 aromaticum
1514 3173 1686 3208 accedit.

240 3227 463 3275 Soymidae
475 3230 732 3280 febrifugae
754 3233 853 3268 Adr.
879 3233 993 3267 Juss.
1025 3235 1163 3266 cortex
1185 3230 1390 3266 maximae
1414 3230 1519 3265 inter
1542 3230 1731 3265 Indorum
1763 3226 1934 3264 medici·

100 3296 178 3324 nas
211 3287 437 3332 febrifugas
466 3289 604 3324 laudis
635 3292 717 3335 est,
750 3288 873 3325 etiam
904 3296 1134 3331 europaeae
1165 3289 1333 3324 scholae
1362 3287 1530 3322 medicis
1561 3286 1667 3320 inter
1699 3285 1934 3320 Cinchonae

100 3346 361 3380 succedanea
378 3346 702 3391 commendatus,
735 3345 1008 3380 amaritudine
1025 3343 1305 3387 adstringente
1328 3353 1421 3379 cum
1445 3343 1583 3385 aliquo
1609 3347 1788 3377 aromate
1813 3350 1935 3384 prae-

100 3404 231 3437 stans.
294 3398 756 3450 Cedrelaefebrz'ficgae
774 3403 926 3447 Blum.,
958 3401 1001 3436 in
1017 3401 1158 3437 insula
1173 3402 1281 3443 Java
1297 3400 1535 3444 indigenae,
1568 3403 1706 3434 cortex
1723 3407 1748 3434 a
1765 3399 1933 3433 Blumeo
1954 3418 1959 3421 -

103 3455 342 3493 felicissimo
360 3467 450 3494 cum
466 3467 666 3494 successu
683 3459 885 3494 adversus
910 3458 1055 3494 febrim
1077 3457 1399 3500 miasmaticam‚
1432 3455 1709 3502 diarrhoeam,
1743 3455 1934 3497 aliasque

99 3513 352 3551 adfectiones
375 3518 630 3553 catarrhales
652 3515 839 3553 atonicas
862 3514 1092 3565 adhibitus,
1123 3513 1246 3552 etiam
1270 3513 1314 3551 in
1338 3515 1506 3558 Europa
1534 3512 1640 3549 inter
1667 3520 1777 3548 nova
1806 3514 1934 3556 phar-
