2147 3756
1024 152 1141 202 554

899 229 970 237 aa·—

179 323 355 367 minore's
386 312 609 372 perhibent.
668 321 935 372 Hyoscyctmz‘
951 321 1217 371 physaloae'dz’s
1241 321 1360 362 Linn.
1391 321 1436 361 in
1457 321 1609 362 Sibiria
1632 323 1843 364 nascentis
1867 325 1997 371 major

180 385 382 433 dignatio,
414 388 451 420 et
470 384 659 427 frequens
677 383 783 427 apud
802 382 895 417 illos
911 383 1086 425 populos,
1101 381 1227 425 opiati
1241 383 1328 417 loco
1345 391 1462 419 usus.

318 453 538 490 Datur-am
565 451 849 489 Strmmme'um
867 449 1308 499 Linn.[Stec;napfe1),
1338 455 1503 489 herbam
1527 450 1732 489 veteribus
1756 451 1996 501 ignoratam,

178 522 288 550 nunc
311 513 353 549 in
376 512 542 559 fimetis,
573 513 774 546 hortorum
799 509 1117 554 rejectamentis,
1149 513 1185 545 et
1208 509 1311 544 locis
1339 509 1450 545 circa
1473 516 1599 553 pagos
1623 509 1824 552 squalidis
1848 510 1997 551 ubique

179 572 413 615 vulgarem,
446 568 656 604 duratione
681 574 881 610 annuam,
914 564 1026 600 foliis
1052 569 1213 611 tetram,
1245 565 1338 601 flore
1363 569 1599 612 superbam,
1632 566 1995 614 fructuhorridam,

178 628 299 663 odore
320 626 543 671 ingratam,
576 632 720 665 sapore
744 630 1008 666 nauseosam,
1041 623 1170 658 medio
1195 631 1296 657 aevo
1319 632 1370 658 ex
1392 622 1522 657 Asiae
1546 622 1822 664 penetralibus
1848 622 1898 657 ad
1922 631 1997 657 nos

177 684 379 727 migrasse
410 683 587 724 constat,
621 688 645 714 a
667 678 860 721 Zingaris
890 678 1139 722 vagantibus
1164 679 1483 714 disseminatam.
1542 679 1618 713 Vis
1643 678 1850 713 narcotica
1871 679 1996 713 vehe-

178 749 314 783 mens,
347 749 367 774 e
391 736 622 774 substantia
645 735 877 770 alkaloidea
905 732 1193 782 (Dalm—ina),
1226 735 1266 771 in
1291 736 1472 779 partibus
1496 735 1706 770 llerbaceis
1731 739 1766 770 et
1791 733 1998 776 copiosius

180 795 222 832 in
247 793 471 831 seminibus
497 795 675 835 reperta,
707 793 926 834 crystallos
951 792 1177 838 decolores,
1209 791 1488 838 irregulariter
1508 790 1790 836 prismaticas,
1823 790 1998 827 nitentes

181 852 379 888 formante
396 850 625 891 repetenda.
656 844 834 882 Datum
851 846 1010 882 Tatnla
1022 848 1138 884 Linn.
1152 845 1545 892 (τάτουλαΝθοξικ)
1565 858 1635 890 per
1651 848 1852 892 regionem
1870 847 1999 882 medi-

181 913 407 944 terraneam
431 906 547 941 hodie
573 905 779 951 dispersa,
812 905 934 940 etiam
955 905 997 940 in
1014 906 1244 941 American}
1269 904 1363 948 (ubi
1380 906 1568 948 Niungue
1586 902 1754 947 dicitur]
1774 906 1999 947 propagata

180 970 256 1002 est,
316 959 518 996 Datame
548 958 680 996 Metel
707 959 824 997 Linn.
855 962 983 1004 major
1011 962 1167 1007 virtus;
1206 964 1328 1005 hujus
1359 962 1517 998 semina
1547 961 1697 1004 opiatis
1729 958 1998 996 Orientalium

178 1022 267 1057 offis
300 1018 505 1055 admixtae
534 1027 626 1053 esse
656 1019 800 1053 solent.
860 1014 996 1052 Nuces
1028 1016 1224 1052 Metellae
1254 1027 1279 1054 a
1309 1019 1513 1062 plerisque
1545 1028 1634 1053 cum
1659 1016 1847 1059 Strychni
1869 1015 1997 1051 Nucis

177 1076 362 1115 vomicae
392 1075 616 1111 seminibus
647 1074 855 1109 confusae.
908 1071 1086 1109 Dalm-a
1104 1066 1424 1119 (Brugmansia)
1449 1074 1682 1120 sanguinea
1706 1073 1812 1108 Ruiz
1835 1076 1870 1108 et
1895 1073 1996 1108 Pav.

178 1134 327 1177 (vulgo
360 1131 624 1174 Bovocnevo]
655 1132 761 1173 apud
792 1132 1000 1167 Peruanos
1030 1131 1248 1166 monticola
1278 1132 1474 1166 nascitur.
1546 1133 1710 1166 Incolae
1740 1139 1760 1165 e
1798 1128 1997 1164 fructibus

177 1192 301 1233 hujus
340 1191 505 1232 plantae
536 1191 671 1230 potum
703 1190 866 1233 parant,
919 1184 1065 1232 'sanga
1094 1191 1391 1229 nuncupatum,
1438 1186 1505 1228 qui
1534 1187 1686 1222 dilutus
1717 1194 1900 1221 somnum
1933 1183 1998 1219 af-

181 1247 277 1291 fert,
309 1245 482 1288 spissior
506 1244 681 1279 furorem
705 1242 875 1288 excitat,
908 1243 976 1285 qui
999 1252 1106 1285 aqua
1130 1242 1279 1286 frigida
1301 1242 1451 1277 affatim
1469 1245 1616 1277 hausta
1632 1244 1809 1278 sedatur.
1868 1242 1997 1276 Vates

179 1302 336 1345 Templi
360 1300 466 1337 Solis
488 1301 530 1337 in
554 1299 667 1335 urbis
685 1301 956 1345 Sagamozae,
989 1302 1152 1334 oraculo
1169 1307 1193 1334 a
1209 1298 1384 1334 Bochica
1402 1298 1606 1345 instituto,
1638 1299 1851 1333 mandebat
1869 1304 1999 1341 grana

178 1360 380 1403 Daturae,
413 1357 745 1400 quemadmodum
763 1356 802 1390 id
821 1356 867 1390 de
883 1359 976 1391 vate
994 1356 1181 1397 delphica
1196 1355 1381 1390 nonnulli
1399 1355 1619 1397 perhibent.
1681 1354 1756 1397 Qui
1779 1355 1998 1396 sepulchra

180 1418 446 1452 subterranea
477 1412 712 1457 (Guacus),
751 1412 919 1446 divitias
950 1412 1217 1459 occultantia,
1249 1411 1519 1460 investigant,
1559 1410 1739 1447 animum
1769 1407 1998 1446 absconditi

179 1471 387 1508 conscium
403 1470 467 1506 liis
483 1468 707 1505 seminibus
724 1469 887 1502 reddere
905 1471 1110 1510 satagunt.

320 1537 485 1585 Alropa
498 1535 760 1573 Belladomm
771 1537 888 1575 Linn.
900 1537 1119 1581 [Solarium
1136 1537 1382 1574 furiosum'S.
1398 1540 1550 1574 lethale
1560 1537 1685 1585 offic„
1701 1534 1997 1583 Tollkirsche]‚

180 1599 371 1645 perennis
393 1600 538 1643 herba,
571 1595 753 1631 fruticem
778 1596 882 1630 inter
904 1595 1121 1637 sylvestris
1146 1598 1311 1630 umbrae
1334 1595 1514 1639 virgulta
1536 1596 1746 1642 mentitur,
1778 1593 1889 1629 foliis
1911 1602 1998 1628 mo—

181 1665 296 1701 rosa,
328 1655 422 1690 flore
452 1653 608 1699 lurida,
641 1652 774 1688 fructu
805 1651 1057 1687 cerasiformi
1088 1647 1280 1697 subdola,
1312 1653 1430 1686 odore
1462 1653 1699 1697 temulenta,
1731 1659 1875 1693 sapore
1906 1658 1998 1685 cum

179 1712 321 1755 aliqua
338 1710 526 1746 acredine
544 1717 696 1745 amara.
728 1707 981 1751 Principium
999 1707 1146 1743 efficax
1161 1708 1408 1743 narcoticum
1426 1707 1466 1742 in
1486 1707 1592 1744 foliis
1610 1711 1647 1743 et
1663 1708 1800 1743 radice
1815 1705 1998 1742 residens

180 1767 417 1806 alkaloidea
441 1766 674 1802 substantia
690 1764 939 1809 (AtropinaJ
966 1767 1046 1810 est,
1077 1767 1293 1809 amorpha,
1325 1764 1536 1800 difficilius
1560 1764 1796 1808 prismatum
1820 1762 1999 1799 sericeo-

178 1824 394 1862 intentium
424 1832 593 1858 acervos
626 1821 818 1857 formans.
879 1819 1102 1866 Scopolma
1124 1818 1367 1869 alropoz‘des
1391 1823 1568 1868 Scirum,
1600 1823 1742 1864 planta
1764 1820 1805 1855 in
1832 1821 1998 1861 Europa

180 1878 373 1918 orientali
395 1888 474 1914 non
497 1878 646 1921 ubique
662 1878 802 1925 obvia,
835 1878 1137 1913 characteribus
1154 1879 1412 1920 Hyoscyamo
1428 1877 1631 1924 proxima,
1664 1877 1771 1912 facie
1786 1880 1825 1912 et
1839 1875 1998 1911 viribus

178 1939 360 1981 Atropae
383 1935 578 1978 imprimis
602 1932 772 1970 accedit.
831 1932 1152 1980 Mandragorae
1174 1932 1320 1979 (vulgo
1341 1932 1544 1977 Allraun)
1571 1933 1613 1968 in
1638 1934 1802 1976 Europa
1825 1927 1999 1968 australi

180 1997 409 2032 nascuntur
431 1992 585 2035 duplici
607 1994 752 2027 saltem
776 1990 933 2036 specie,
965 1991 1146 2033 Atropae
1162 2000 1212 2026 ex
1230 1998 1324 2025 asse
1341 1991 1504 2035 affines,
1537 1991 1644 2033 apud
1667 1993 1825 2025 veteres
1847 1990 1894 2023 ob
1910 1987 1998 2022 vir-

180 2055 307 2087 tutem
329 2049 552 2092 sopientem
569 2051 607 2083 et
623 2048 665 2083 in
681 2050 801 2084 rebus
819 2047 1027 2083 amatoriis
1044 2047 1267 2082 efficaciam
1286 2046 1563 2089 famigeratae.
1621 2046 1756 2081 Radix
1771 2043 1998 2080 fusiformis

182 2108 228 2147 in
252 2115 387 2142 ramos
412 2106 566 2147 aliquot
592 2105 710 2151 fissa,
742 2108 782 2139 et
804 2113 907 2146 quae
929 2104 1197 2150 aveteribus,
1230 2102 1488 2138 distinctione
1506 2102 1718 2138 interillos
1734 2100 1916 2148 vulgari,
1949 2101 1997 2135 de

182 2173 296 2202 mare
327 2165 365 2197 et
395 2161 566 2206 semina,
597 2160 686 2196 sive
716 2161 764 2195 de
795 2159 948 2203 duplici
978 2162 1142 2202 plantae
1171 2159 1309 2202 specie
1339 2159 1488 2194 tradita
1517 2158 1649 2205 fuere,
1682 2158 1734 2193 ad
1757 2158 1922 2193 fabulas
1948 2157 1997 2191 de

181 2221 426 2257 homunculo
458 2218 768 2266 et-liomuncula
797 2227 818 2251 e
842 2217 1136 2259 Mandragorae
1165 2218 1290 2250 herba
1319 2224 1389 2257 pro
1419 2214 1555 2250 radice
1584 2214 1772 2257 pendulis
1796 2215 1999 2249 translata

183 2277 363 2313 fuerunt.
420 2276 466 2310 In
489 2277 645 2309 nostros
663 2273 748 2308 dies
767 2273 931 2318 durant,
964 2275 1000 2306 et
1018 2274 1066 2307 ab
1085 2271 1371 2314 antiquitatum
1386 2270 1559 2306 curiosis
1577 2270 1859 2313 custodiuntur
1874 2270 1996 2305 rudes

182 2334 356 2378 figurae,
382 2341 404 2365 e
419 2324 622 2372 Bryoniae
633 2339 671 2364 v.
688 2329 915 2365 Arundinis
932 2328 1137 2363 radicibus
1152 2330 1357 2373 sculptae,
1382 2327 1511 2363 medio
1529 2337 1629 2363 aevo
1646 2336 1670 2362 a
1686 2326 1998 2363 circulatoribus

181 2399 255 2434 pro
277 2388 639 2431 Mandragorarum
669 2385 875 2421 radicibus
897 2385 1099 2420 venditae.
1158 2381 1438 2417 Himerantkz'
1459 2388 1496 2419 et
1517 2382 1757 2418 Jaborosae
1782 2382 1922 2419 baccis
1945 2382 1998 2417 ad

182 2444 456 2482 inducendum
480 2441 652 2478 furorem
669 2442 906 2477 amatorium
922 2441 1191 2476 Americanos
1208 2439 1286 2487 uti,
1316 2443 1491 2476 constat.
1549 2440 1705 2476 Similis
1721 2435 1998 2485 Physalfflum

183 2492 319 2538 virtus
350 2509 375 2536 a
403 2498 614 2534 nonnullis
645 2499 833 2533 creditum
891 2493 1090 2543 Physalz‘s
1113 2493 1341 2543 Alb-elcengz·
1363 2495 1481 2532 Linn.
1506 2494 1651 2540 (vulgo
1674 2493 1996 2539 Judenkirsche)

184 2557 228 2596 in
253 2559 416 2600 Europa
437 2555 571 2591 media
594 2558 631 2590 et
653 2555 827 2590 australi
849 2553 952 2589 locis
976 2553 1175 2603 imprimis
1198 2558 1290 2597 post
1312 2556 1511 2588 culturam
1534 2555 1582 2589 ab
1607 2553 1767 2589 homine
1790 2551 1997 2588 derelictis

122 2633 126 2634 ν
183 2614 382 2651 nascitur.
428 2613 587 2647 Baccae
603 2610 711 2646 intra
726 2611 919 2655 grandem
937 2613 1119 2654 calycem
1131 2637 1140 2655 ,
1171 2610 1281 2646 intus
1299 2609 1411 2645 visco
1428 2617 1565 2645 amaro
1581 2609 1784 2645 madidum
1797 2636 1807 2656 ,
1838 2610 1997 2644 celatae

185 2670 527 2708 acidulo-dulces
559 2662 753 2710 (Bam-ae
782 2663 1011 2713 Allcekengz'
1037 2676 1070 2703 s.
1100 2663 1401 2713 Halicacabi),
1442 2665 1602 2702 urinam
1631 2666 1806 2702 movent.
1864 2665 1998 2707 Major

184 2724 430 2774 Plcysalz‘dis
452 2722 710 2773 somniferae
724 2724 842 2766 Linn.
865 2723 908 2759 in
924 2725 1090 2766 Europa
1111 2723 1287 2759 australi
1307 2727 1346 2759 et
1362 2722 1522 2758 Oriente
1547 2721 1764 2766 indigenae
1787 2721 1896 2756 fama
1918 2722 1994 2766 est,

185 2786 353 2830 plantae
370 2781 680 2819 subnarcoticae
696 2785 735 2816 et
748 2779 1030 2817 vehementius
1046 2779 1280 2817 diureticae.
1311 2777 1510 2826 Physalis
1520 2776 1762 2824 perum'ana
1777 2777 1895 2813 Linn.
1912 2778 1996 2811 late

186 2851 259 2885 per
275 2840 460 2885 regiones
477 2838 654 2881 tropicas
672 2840 710 2873 et
726 2836 984 2880 subtrepicas
1009 2836 1277 2873 disseminata
1298 2840 1371 2872 est.
1429 2836 1589 2871 Baccae
1611 2836 1820 2878 odoratae,
1851 2832 1994 2875 sapide

187 2897 377 2935 acidulo—
389 2896 549 2939 dulces,
574 2895 724 2930 crudae
742 2897 779 2929 et
796 2896 992 2930 saccharo
1008 2893 1193 2929 conditae
1210 2894 1402 2938 eduntur,
1426 2891 1549 2932 etiam
1564 2891 1606 2926 in
1622 2889 1782 2933 philtris
1799 2888 1995 2925 famosae.

327 2948 582 2986 Meae-mnne
611 2951 654 2985 in
681 2950 903 2985 hauriendo
926 2948 1035 2984 fumo
1058 2953 1096 2984 et
1121 2947 1511 2985 sorbendonaribus
1533 2949 1704 2990 pulvere
1726 2946 1871 2989 ingens
1891 2953 1994 2981 usus

185 3014 268 3057 est,
297 3015 407 3046 more
433 3016 484 3044 ex
499 3005 693 3042 America
713 2998 786 3049 per
808 3007 1005 3041 terrarum
1026 3007 1161 3040 orbem
1184 3004 1342 3040 diffuso.
1399 3003 1476 3046 Qui
1499 3013 1589 3039 cum
1609 3002 1896 3045 christophoro
1917 3002 1995 3037 Co-

185 3068 321 3104 lumbo
344 3056 438 3101 ann.
459 3062 580 3098 1492.
603 3061 774 3105 primum
797 3063 847 3096 ad
870 3060 1085 3097 Americae
1105 3061 1284 3096 insulam
1307 3059 1460 3109 cubam
1485 3056 1645 3096 advecti
1666 3061 1779 3105 sunt,
1811 3055 1994 3102 indigeni

188 3123 296 3166 apud
320 3121 446 3157 feram
469 3122 627 3164 gentem
648 3117 773 3154 moris
795 3117 1035 3154 miraculum
1057 3117 1175 3160 primi
1204 3120 1519 3164 conspexerunt,
1550 3119 1716 3160 plantae
1745 3114 1846 3150 folia
1876 3114 1994 3150 arida

185 3180 229 3216 in
245 3179 445 3222 integrum
470 3175 609 3211 folium
633 3173 809 3225 cylindri
831 3174 960 3209 forma
982 3175 1198 3209 convoluta
1222 3171 1406 3215 [Ta-baco
1429 3175 1590 3210 tubulos
1612 3170 1891 3219 vocitabant),
1923 3172 1994 3207 de-

187 3235 281 3271 inde
296 3243 379 3270 una
394 3237 507 3277 parte
523 3240 698 3267 accensa
715 3235 750 3266 et
768 3232 896 3266 altera
915 3229 974 3264 ori
996 3229 1181 3276 inducta,
1214 3233 1384 3265 attracto
1407 3229 1553 3273 spiritu
1575 3233 1614 3265 et
1636 3230 1826 3264 exhalato
1848 3234 1993 3263 rursus

189 3290 297 3327 fumo
328 3290 538 3327 assiduam
567 3290 756 3324 nebulam
786 3286 1034 3331 spargentia.
1093 3285 1169 3330 Qui
1191 3286 1333 3321 deinde
1361 3286 1555 3323 reseratis
1585 3295 1610 3322 a
1632 3284 1814 3322 columbi
1843 3281 1993 3319 audaci

184 3347 352 3393 ,ingenio
376 3346 473 3382 novi
492 3345 600 3381 orbis
624 3344 817 3380 claustris
841 3345 891 3379 ad
921 3342 1104 3378 diversas
1126 3342 1341 3378 Americae
1371 3343 1533 3379 insulas
1566 3345 1600 3378 et
1626 3341 1720 3385 ipsa
1748 3337 1992 3376 continentis

186 3403 308 3439 litora
324 3404 588 3447 appulerunt,
619 3402 790 3437 eundem
806 3400 953 3442 ubique
969 3401 1076 3442 apud
1098 3399 1257 3434 incolas
1278 3408 1428 3435 morem
1451 3399 1612 3435 obviam
1632 3399 1832 3443 habuere,
1862 3397 1990 3431 multa

188 3464 322 3494 tamen
337 3459 557 3505 varietate,
587 3457 646 3493 ita
660 3461 702 3493 ut
719 3457 791 3493 alii
807 3455 1005 3500 ejusmodi
1029 3458 1254 3491 tubulorum
1278 3455 1429 3492 fumum
1452 3465 1519 3491 ore
1542 3457 1751 3500 sugerent,
1783 3452 1856 3488 alii
1877 3449 1992 3486 nari-

188 3517 264 3553 bus
279 3515 505 3564 haurirent,
535 3514 724 3550 nonnulli
745 3513 893 3551 fistulis
915 3522 937 3550 e
958 3511 1063 3558 ligni
1085 3512 1214 3550 frusto
1236 3521 1276 3550 v.
1295 3519 1347 3549 ex
1368 3511 1517 3556 argilla
1539 3511 1661 3548 factis
1685 3514 1722 3547 et
1744 3512 1870 3546 herba
1893 3516 1989 3543 con-
