2147 3756
1102 129 1179 178 62

231 307 395 350 aliaque
418 304 612 343 Gramina
634 304 801 341 minoris
825 303 865 340 in
891 304 1105 341 obtinendo
1135 305 1331 340 saccharo
1362 312 1484 353 usus,
1514 311 1610 342 nam
1639 303 1683 342 in
1714 305 1876 342 tenellis
1907 305 2055 344 culmis

232 374 373 409 parum
390 363 576 400 sacchari
594 366 675 411 est,
707 361 929 398 validiores
948 362 1025 397 cito
1042 362 1269 405 ligne-icere
1286 364 1433 397 solent.

370 422 431 456 De
454 419 644 465 reliquis,
675 428 714 455 v.
738 419 780 453 in
805 417 978 453 officinis
1003 418 1097 453 olim
1122 418 1317 462 receptis,
1348 427 1387 453 v.
1404 417 1512 460 apud
1528 417 1687 460 plebem
1702 418 1889 465 usitatis,
1921 427 2055 462 pauca

233 477 383 514 referre
400 479 531 520 juvat.
593 474 760 509 Semina
778 471 1016 519 Lacrynme
1033 471 1151 515 Jobe‘,
1185 474 1285 509 Coix
1300 475 1504 516 Lacryma
1519 471 1565 510 L.
1583 473 1740 510 Crescit
1765 475 1805 510 in
1823 476 1929 511 Asia
1951 476 2056 511 0311..

233 536 363 581 diore,
396 535 503 576 apud
527 533 650 567 Sinas
673 534 798 567 culta.
857 532 1116 573 spicularum
1140 530 1414 575 involucrum,
1440 530 1540 564 miro
1564 529 1606 564 in
1624 531 1852 567 Gramineis
1871 534 2056 574 exemplo

232 592 463 628 maturitate
494 590 720 633 lapideum,
761 589 955 622 roborans
980 591 1014 623 et
1041 586 1278 622 diureticum
1305 588 1564 632 credebatur,
1604 585 1647 620 in
1669 589 1818 623 morbis
1841 588 2057 630 phthisicis

233 652 270 684 et
294 649 335 683 in
360 649 538 690 hydrope
561 646 656 680 olim
680 644 947 687 propinatum.
981 663 1028 667 ——
1092 640 1299 677 Phalaris
1325 641 1590 676 canarz‘euse‘s
1617 640 1661 676 ¹1.
1687 640 1896 694 (φαλαρις
1920 645 2055 680 Diose.

233 708 287 741 M.
306 714 357 740 m.
374 705 440 739 111.
462 701 575 745 149.)
600 702 642 736 in
666 703 830 742 Europa
854 700 1026 736 australi
1050 700 1191 744 obvia,
1225 699 1383 735 semina
1405 698 1579 742 largitur
1603 695 1764 739 (semen
1790 700 2056 744 canariense]

232 762 328 797 olim
352 761 457 795 inter
481 763 702 802 pharmaca
719 757 863 791 leniter
879 757 1079 801 solventia
1097 760 1268 799 recepta.
1303 775 1350 781 —
1425 753 1617 789 flammis
1634 755 1914 790 arumlinaaeei
1928 756 2056 794 Palis-

234 822 270 855 et
282 813 586 862 Phragmite'dae's
604 811 1059 859 arundinaceaegpalis.
1077 814 1237 848 radices
1255 811 1414 855 [Radix
1429 810 1657 848 Arundinis
1675 815 1709 846 et
1727 812 1863 848 Radix
1877 812 2058 848 Donacis

235 872 372 917 Offic.)
392 872 614 907 diureticae
632 874 667 906 et
687 870 1000 912 diaphoreticae.
1051 870 1231 905 Donacis
1249 879 1372 913 sapor
1388 869 1669 912 adstringens,
1702 869 1919 912 quidquam
1935 868 2062 905 acris:

233 927 556 975 Dactyloctem'i
583 926 827 972 aegyptiaci
853 926 1000 962 u'illd.
1030 935 1203 969 magnus
1233 927 1275 962 in
1304 926 1451 963 Africa
1479 933 1593 960 usus.
1659 912 1865 961 Seminum
1895 927 2057 961 decocto

234 986 458 1031 nephritico
474 986 683 1021 medentur
705 983 853 1029 dolori,
885 983 1045 1018 radices
1071 983 1113 1018 in
1140 982 1320 1019 febribus
1344 979 1682 1018 exanthematicis
1708 985 1743 1017 et
1772 984 2060 1018 amenorrhoea

235 1044 472 1089 propinare,
504 1044 654 1077 herbae
676 1039 869 1075 beneficio
893 1041 1034 1075 ulcera
1057 1048 1204 1075 sanare
1229 1042 1373 1076 solent.
1432 1034 1669 1073 Mam·sur2·s
1697 1037 1948 1083 grmmletris
1972 1039 2057 1074 Sw.

236 1101 413 1136 radicem
442 1099 485 1134 in
513 1096 755 1133 infarctibus
788 1095 927 1131 utilem
957 1096 1045 1131 Indi
1068 1096 1318 1138 praedicant.
1393 1093 1808 1138 Calamagrostidmn
1834 1095 2060 1130 rliizomata

237 1156 456 1200 diuretica,
487 1155 603 1190 multi
622 1155 729 1196 apud
747 1152 920 1188 rusticos
936 1153 1125 1188 nominis.
1183 1149 1397 1187 Perotz‘de‘s
1414 1148 1634 1201 latifoliae
1650 1150 1756 1200 Ain,
1782 1150 1979 1195 graminis
1994 1150 2060 1186 in-

238 1212 332 1261 dici,
357 1212 474 1248 radix
491 1211 690 1246 diuretica
707 1213 745 1245 et
760 1208 942 1252 styptica
957 1209 1145 1245 creditur.

380 1265 696 1313 Andropogom's
722 1265 902 1311 species,
934 1265 1143 1301 radicibus
1166 1264 1400 1301 aromaticis
1417 1267 1597 1302 celebres
1615 1265 1721 1309 apud
1737 1264 1861 1301 Indos
1878 1271 2060 1300 nascun-

239 1330 314 1362 tur.
382 1321 697 1370 Andropogom‘s
722 1319 863 1355 Nardz'
884 1320 926 1355 L.
952 1321 1411 1366 (Sukkunaroo-pilloo
1435 1321 1618 1366 Tamtu.)
1644 1322 1763 1358 radix
1788 1320 1946 1357 Calami
1970 1328 2062 1355 aro-

237 1382 376 1420 matici
394 1383 533 1426 odore,
566 1376 738 1413 Nar-dus
753 1376 896 1412 indica
912 1388 944 1414 s.
965 1376 1090 1423 Spica
1110 1374 1249 1411 Nardz'
1262 1378 1416 1420 spuria.
1476 1374 1755 1425 Anclropvgon
1772 1374 2061 1412 lzoarcmkusa

236 1441 357 1476 Blan.
376 1437 711 1481 (lhllarankusha
725 1433 875 1478 Beng.]
891 1435 1048 1470 viribus
1068 1434 1249 1477 proxime
1265 1436 1435 1469 accedit.
1483 1431 1799 1482 Andropogom‘s
1819 1430 2061 1469 Schoenan-

241 1493 307 1530 ilai
321 1494 365 1530 L.
391 1493 631 1537 [Camacliie
648 1492 772 1535 pilloo
790 1493 947 1527 Tamul.
964 1492 1135 1527 Askliur
1149 1492 1274 1526 Arai).
1292 1486 1460 1536 σχοῖνος
1484 1484 1660 1535 εὔοσμος
1677 1492 1866 1534 Hippocr.
1890 1485 2060 1535 σχοῖνος

239 1544 505 1600 ἀρωματικος
521 1549 657 1584 Diosc.
676 1551 730 1584 M.
747 1558 798 1584 m.
814 1549 845 1583 Ι.
865 1549 938 1594 16,
972 1542 1142 1592 σχοίνου
1160 1539 1321 1593 ἄνθ-ος,
1351 1548 1456 1582 unde
1480 1549 1787 1585 Schoenanthus
1805 1551 1841 1583 et
1858 1546 2062 1589 squinan-

240 1612 346 1644 thus.
392 1609 525 1642 Herba
542 1604 817 1641 Schoenanthi
834 1613 866 1640 s.
884 1604 1006 1639 Junci
1023 1604 1177 1639 odorati
1193 1613 1232 1639 v.
1247 1603 1375 1639 Foeni
1392 1604 1644 1640 camelorum
1657 1631 1666 1649 ,
1699 1607 1820 1648 vulgo
1837 1604 2063 1639 Kamelheu

240 1663 376 1708 Ostia]
406 1666 531 1699 herba
561 1662 802 1705 aromatica,
840 1660 946 1696 inter
972 1661 1152 1696 remedia
1180 1660 1456 1708 stimulantia,
1497 1660 1865 1706 antispasmodica,
1913 1663 2064 1696 stoma-

241 1722 379 1767 chica,
412 1719 611 1755 diuretica
627 1723 665 1754 et.
681 1718 960 1761 diaphoretica
976 1727 1046 1760 per
1062 1717 1255 1752 orientem
1272 1717 1457 1753 celebris.
1517 1718 1657 1752 Oleum
1675 1719 1926 1763 aethereum,
1960 1717 2065 1758 quod

241 1789 263 1814 e
289 1778 425 1813 radice
448 1775 609 1812 elicitur
635 1774 798 1818 (Oleum
816 1773 966 1821 Syro),
994 1774 1038 1809 in
1061 1773 1334 1810 mercimoniis
1358 1777 1433 1810 est.
1492 1769 1706 1808 Anaelcerz'
1718 1772 1923 1808 murz‘cati
1934 1773 2064 1809 Palis.

240 1835 360 1871 radix
377 1831 761 1877 aromatico-acris,
793 1830 1033 1877 stimulans,
1066 1829 1357 1872 diaphoretica.

385 1887 620 1923 Cerealium
651 1887 878 1932 graminum
908 1890 1068 1930 praeter
1104 1884 1308 1921 Triticum
1340 1885 1603 1935 (XVeitzen),
1654 1883 1802 1921 secale
1831 1884 2064 1932 [Roggen]‚

240 1944 456 1983 Hordeum
476 1945 665 1989 (Gerste]
683 1948 720 1980 et
731 1940 914 1978 Avenam
933 1942 1106 1988 [Hafer]
1122 1952 1296 1987 magnus
1313 1946 1375 1979 est
1390 1952 1602 1990 numerus,
1637 1953 1689 1979 ex
1705 1943 1770 1979 his
1789 1938 1875 1976 Zea
1894 1942 2065 1987 [Mays]

241 2009 279 2041 et
299 2001 443 2049 Oryza
460 2001 606 2045 (Reis)
624 2001 821 2044 imprimis
838 2002 1092 2036 celebranda.
1144 1997 1349 2033 Panicum
1366 1998 1602 2034 miliae-eum
1619 1997 1664 2036 L.
1682 2003 1720 2035 et
1737 1996 1891 2045 Sor-ghi
1905 1998 2064 2042 species

242 2059 514 2105 (Moorhirse)
538 2058 708 2095 secundi
732 2060 827 2094 sunt
849 2056 1017 2093 ordinis.
1077 2053 1483 2102 Sorglez’laealepensis
1498 2057 1628 2093 Palis.
1651 2057 1694 2092 in
1716 2059 1880 2099 Europa
1903 2059 2066 2091 austra-

240 2119 343 2154 liore
367 2116 464 2153 culti
487 2115 607 2151 radix
630 2114 820 2149 Smilacis
844 2122 1015 2156 asperae
1037 2111 1083 2150 L.
1107 2115 1366 2150 succedanea
1389 2112 1537 2158 [vulgo
1563 2113 1856 2161 Gramignone,
1888 2113 2067 2148 Smilace

243 2173 382 2217 dolce]
407 2173 449 2208 in
471 2172 618 2208 Italiae
643 2171 813 2206 officinis
838 2173 1040 2206 servatur.
1097 2165 1292 2205 Eleusine
1316 2179 1533 2203 coraccma
1558 2171 1695 2206 Gartn.
1723 2167 1917 2212 (Murooa
1939 2170 2065 2213 Beng.
2112 2198 2117 2203 x

242 2234 366 2275 vulgo
382 2227 639 2273 Nutchanee]
657 2228 699 2262 in
714 2227 834 2263 India
851 2227 1040 2269 frequens
1059 2227 1217 2262 colitur.
1275 2224 1579 2261 Pem'cv‘llari'ae
1597 2226 1790 2272 spic-alae
1806 2225 2068 2269 W.·[Bujera

242 2298 275 2324 s.
293 2288 420 2330 Bujra
434 2284 585 2329 Beng.)
602 2284 710 2320 vasti
726 2294 797 2327 per
811 2283 957 2319 Asiam
975 2287 1012 2318 et
1028 2283 1211 2320 Africam
1234 2283 1335 2328 agri.
1395 2280 1486 2317 Poa
1509 2281 1753 2328 abyssz'aica
1775 2284 1890 2325 Jacq.
1917 2280 2064 2328 (Ten),

242 2341 441 2378 Eleusine
476 2340 659 2377 Tocusso
689 2342 855 2379 Fresen.
888 2339 1138 2390 (Tocussojt,
1172 2344 1211 2377 et
1242 2336 1398 2387 Sorgln·
1424 2340 1582 2384 species
1615 2338 1819 2384 (Boutta)
1850 2339 1894 2374 in
1922 2338 2069 2375 Africa

243 2403 445 2438 seruntur.

688 2521 857 2565 ordo
887 2518 1121 2564 XLIII.
1154 2567 1157 2569 ,
1188 2516 1612 2576 cyperaceae.

384 2624 580 2673 Herbae
612 2623 884 2686 saepissime
926 2622 1249 2685 caespitosae,
1300 2637 1545 2685 numquam
1585 2621 1924 2675 frutescentes,
1970 2618 2067 2665 rhi-

244 2705 428 2745 zomate
466 2695 739 2743 abbreviato
781 2703 829 2740 et
867 2694 913 2740 in
951 2692 1090 2739 fibras
1123 2692 1276 2739 soluto
1308 2709 1350 2739 v.
1381 2701 1602 2755 repente,
1643 2691 1947 2746 stolonifero,
1985 2704 2068 2736 va-

247 2770 431 2834 ginato,
488 2763 861 2814 extremitatibus
906 2762 1139 2811 interdum
1185 2763 1232 2809 in
1277 2762 1446 2810 tubera
1489 2762 1691 2820 nodosa,
1744 2761 1952 2807 tunicata
1995 2759 2068 2805 in-

248 2839 485 2887 crassatis.
573 2837 746 2884 Caules
792 2835 984 2895 (culmi)
1019 2830 1241 2897 'angulati
1286 2850 1330 2881 v.
1379 2833 1652 2898 cylindrici,
1706 2829 1841 2878 nodis
1885 2831 2065 2894 paucis,

246 2912 518 2976 plerumque
565 2907 856 2964 constrictis,
910 2905 1182 2969 saepissime
1237 2904 1524 2968 hypogaeis,
1580 2900 1848 2950 internodio
1902 2900 2064 2946 ultimo

249 2982 496 3043 elongato,
551 2979 775 3041 epigaeo,
829 2976 1089 3039 simplices,
1136 2975 1374 3021 rarissime
1419 2975 1618 3034 ramosi,
1665 2973 1859 3036 primum
1905 2971 2062 3028 sarcti,

247 3069 357 3102 mox
387 3050 617 3097 lacunosi.
693 3048 836 3095 Folia
867 3062 892 3093 c
926 3045 1059 3093 nodis
1092 3045 1290 3093 distiche
1322 3044 1530 3103 alterna,
1565 3043 1743 3107 petiolo
1775 3042 1821 3089 in
1852 3042 2067 3104 vaginam

249 3122 519 3186 saepissime
555 3119 757 3166 clausam
791 3126 1016 3176 connato,
1055 3115 1286 3164 interdum
1326 3115 1494 3162 lamina
1533 3113 1755 3161 destituto
1797 3121 1846 3160 et
1882 3113 2068 3175 longius

249 3199 549 3248 mucronato,
604 3190 773 3236 lamina
816 3189 976 3252 plana,
1022 3188 1174 3234 rarius
1212 3203 1240 3233 a
1276 3187 1426 3233 latere
1466 3201 1760 3250 compressa,
1812 3183 2065 3247 equitante,

249 3261 649 3326 paralleiinervia,
680 3260 1006 3322 integerrima,
1040 3258 1183 3321 ligula
1206 3257 1416 3320 stipulari
1446 3256 1594 3314 nulla,
1626 3256 1826 3319 vaginae
1857 3254 2067 3316 margine

250 3334 448 3380 laminae
503 3331 743 3395 opposito,
800 3345 1126 3392 nonnunquam
1179 3329 1441 3374 incrassato
1489 3335 1537 3374 et
1582 3327 1812 3373 colorato.
1901 3325 2070 3372 Flores

251 3404 454 3468 perfecti
490 3420 533 3449 v.
565 3401 855 3465 imperfecti,
895 3400 1100 3447 monoici
1136 3416 1179 3447 v.
1212 3397 1441 3462 polyciini
1478 3397 1630 3444 rarius
1670 3396 1840 3454 dioiei,
1883 3394 2066 3458 spicati,

253 3473 444 3537 spiculis
475 3473 717 3533 solitariis,
765 3471 980 3537 spicatiS,
1026 3469 1308 3536 paniculatis
1337 3474 1389 3520 v.'
1415 3466 1959 3533 glomerato-capitatis,
1998 3465 2069 3511 in-
