2147 3756
970 133 1092 180 429

270 307 470 346 altelaelia
490 306 735 354 Champaea
759 308 879 344 Linn.
904 301 1225 349 [Tsjampacca]
1252 312 1323 346 per
1347 311 1503 339 omnem
1527 305 1830 351 archipelagum
1855 310 1946 343 Ma-

127 373 322 413 layanum
340 367 540 410 imprimis
558 369 670 402 culta
692 366 890 401 nascitur.
949 363 1106 399 Colitur
1129 365 1264 396 autem
1286 363 1449 403 propter
1468 360 1584 396 flores
1609 362 1757 409 flavos,
1791 364 1860 406 qui
1882 375 1948 399 rc-

127 429 265 461 eentes
292 424 592 467 jucundissime
622 425 749 463 olent,
781 420 948 458 marcidi
980 428 1075 454 vero
1108 417 1269 453 foetent.
1327 417 1550 461 Indigenae
1581 418 1792 460 utriusque
1821 430 1948 455 sexus

127 481 232 525 ipsis
264 485 354 524 post
384 483 597 525 balneum,
630 480 852 521 diebusque
883 476 1131 513 solemnibus
1161 473 1385 509 caesariem
1414 474 1702 517 condecorant,
1735 479 1949 518 petalaque

126 538 314 574 vestibus
331 537 548 573 etlectulis
566 537 825 581 inspergunt,
859 538 978 576 atque
996 532 1214 575 unguentis
1236 531 1422 566 miscent.
1482 530 1663 566 Cunctae
1686 531 1771 572 fere
1794 533 1950 568 arboris

126 598 264 638 partes
296 603 443 637 sapore
474 597 567 628 sunt
600 602 757 638 amaro,
797 590 1016 627 aromatico
1047 598 1085 624 3·.
1119 589 1218 623 adeo
1249 586 1355 632 acri,
1395 595 1520 629 quare
1549 587 1744 622 intestina
1774 588 1949 632 irritant,

127 651 346 694 sanguinis
364 650 691 694 circulationem,
723 647 921 691 imprimis
938 647 980 681 in
1002 649 1222 687 systemate
1246 653 1377 679 venae
1400 648 1605 687 portarum
1629 648 1749 686 atque
1771 644 1815 680 in
1840 650 1950 680 utero

127 709 380 751 adaugendo.
442 703 589 742 Cortex
613 705 766 742 radicis
789 705 831 740 in
854 706 1023 746 pulvere
1046 710 1136 736 cum
1154 709 1260 742 aqua
1277 701 1412 735 calida
1429 701 1567 746 datus,
1600 702 1821 736 menstruis
1839 702 1952 737 exci-

127 765 264 800 tandis
290 763 479 809 inservit,
513 763 739 804 foetumque
764 761 806 796 in
831 759 1013 803 gravidis
1038 757 1227 801 expellit,
1260 756 1297 791 si
1319 756 1476 799 largius
1500 762 1619 800 atque
1644 758 1849 800 copiosius
1881 768 1954 794 su-

126 825 272 858 matur.
345 821 526 855 Eundem
565 819 755 854 corticem
794 818 844 852 ad
883 815 1022 850 locliia
1054 814 1262 858 pellenda,
1308 823 1487 856 gemmas
1518 814 1692 849 nondum
1723 815 1952 857 explicatas

128 882 268 914 contra
299 879 585 920 eonor-rheam,
633 875 812 915 foliaque
837 858 933 907 ⁸cum
963 869 1209 912 Kaetnpfera
1239 871 1410 904 rotunda
1447 871 1488 906 in
1527 873 1735 914 pulverem
1773 873 1952 917 redacta,

128 939 270 970 contra
287 932 536 967 arthritidem
560 931 854 966 commendant.
911 928 1182 963 Extrinsecus
1207 935 1363 968 quodue
1386 929 1509 962 hocce
1532 929 1749 963 remedium
1774 930 1952 974 prodest,

127 991 170 1027 in
187 988 345 1026 balneis
365 992 502 1022 contra
528 988 687 1022 dolores
712 984 982 1021 rheumaticos
1007 988 1043 1019 et
1070 983 1322 1029 arthriticos,
1355 993 1433 1025 qua
1457 985 1712 1028 gargarisma
1734 985 1775 1020 in
1800 985 1955 1029 angina

127 1045 339 1082 asthenica
357 1049 392 1080 et
411 1048 550 1079 contra
567 1044 649 1079 oris
675 1043 882 1078 foetorum.
942 1040 1109 1076 Semina
1132 1039 1323 1084 denique,
1357 1048 1461 1082 quae
1484 1042 1691 1077 materiem
1716 1043 1954 1078 acerrimam

125 1102 352 1145 continent,
379 1101 420 1136 in
440 1103 649 1144 pulverem
668 1099 841 1135 contrita
857 1108 949 1134 cum
965 1097 1174 1132 radicibus
1190 1096 1426 1139 zingiberis
1445 1097 1663 1133 officinalis
1681 1103 1717 1134 et
1734 1099 1955 1142 Kaempfe-

127 1160 214 1195 riae
244 1162 489 1203 temperata,
535 1158 838 1201 infantumque,
886 1154 955 1197 qui
986 1154 1089 1189 febri
1120 1153 1409 1189 intermittente
1446 1156 1656 1200 laborant,
1703 1159 1956 1199 praecordiis

126 1215 315 1262 infricta,
348 1217 518 1251 multum
545 1217 696 1250 valent.
756 1209 959 1247 micheliu
989 1207 1191 1244 caerulea
1220 1211 1303 1245 DC.
1335 1210 1630 1253 [Tsjampacca
1659 1213 1804 1261 Biru),
1837 1218 1956 1259 cujus

128 1278 319 1315 tanquam
350 1272 525 1315 prodigii
556 1271 744 1314 frequens
782 1270 825 1304 in
863 1268 1122 1305 saltatricum
1157 1267 1416 1311 publicarum
1454 1268 1672 1305 cantilenis
1711 1270 1751 1306 fit
1788 1273 1954 1320 mentio,

126 1331 269 1374 planta
285 1328 487 1365 botanicis
505 1329 718 1364 admodum
735 1325 873 1363 dubia.

271 1396 498 1435 Michele’ae
522 1402 752 1433 montanae
776 1399 908 1434 Blum.
935 1394 1236 1440 [Tsjampacca
1259 1397 1436 1439 Gunung
1460 1405 1494 1432 s.
1520 1397 1786 1446 Gelatrang],
1817 1399 1860 1436 in
1883 1401 1958 1437 Ja-

128 1467 206 1494 vae
221 1457 424 1492 montibus
442 1456 683 1501 crescentis,
717 1459 854 1491 cortex
871 1454 1318 1500 aromatico-amarus,
1351 1453 1503 1488 Cortici
1521 1454 1777 1492 Cascarillae
1799 1457 1957 1495 viribus

127 1515 418 1557 quodammodo
442 1514 761 1559 comparandus,
794 1512 929 1547 minus
954 1514 1088 1546 tamen
1112 1518 1292 1545 amarus.
1352 1507 1573 1555 magnalia
1589 1507 1805 1558 Doltsopa
1826 1515 1957 1552 U'all,

127 1575 168 1607 et
187 1567 389 1605 Mae'cleele'a
412 1568 584 1605 excelsa
602 1571 733 1605 Blum.
759 1566 1012 1613 (Champa),
1044 1567 1204 1609 species
1225 1568 1492 1613 nepalenseS,
1524 1568 1710 1604 materiei
1735 1569 1959 1615 fragrantis

128 1627 430 1671 pulchritudine
461 1628 806 1663 commendantur.
867 1622 1145 1670 Mcmgleeeiue
1174 1616 1358 1669 glaucae
1382 1625 1514 1659 Blum.
1547 1623 1817 1673 (Mangliet),
1851 1630 1960 1672 apud

128 1686 311 1720 Javanos
329 1684 571 1728 crescentis,
604 1683 758 1727 lignum
784 1682 971 1718 albicans
999 1684 1037 1717 et
1061 1680 1354 1716 solidissimum
1378 1681 1622 1717 monticolae
1644 1683 1810 1724 plurimi
1834 1686 1961 1721 aesti-

128 1746 260 1787 mant,
294 1750 342 1777 ac
366 1741 473 1776 omni
497 1742 548 1776 ad
573 1740 842 1776 conficiendos
871 1740 1098 1774 loculorum
1129 1746 1291 1773 asseres
1322 1736 1579 1783 praeferunt,
1611 1739 1826 1781 opinantes
1855 1741 1962 1780 illud

129 1798 223 1841 ipsa
241 1801 314 1833 sub
335 1802 442 1832 terra
457 1807 537 1832 non
554 1797 699 1843 emori,
731 1804 980 1838 corporaque
997 1797 1179 1830 emortua
1195 1802 1219 1828 a
1244 1793 1455 1836 putredine
1481 1793 1709 1832 defendere.
1768 1791 1959 1833 Aroma-

115 1850 280 1889 ,αιῐηᾱνί
307 1852 514 1900 elegantis
543 1855 676 1888 Blum.
703 1852 984 1896 (Kilunglung
1009 1861 1042 1887 s.
1070 1849 1316 1894 Gelatrang)
1348 1854 1487 1886 cortex
1514 1851 1620 1887 inter
1648 1855 1960 1896 Magnoliaceas

130 1921 289 1958 omnes,
323 1919 427 1954 quae
449 1912 596 1946 Javam
618 1910 870 1954 inhabitant,
902 1912 1064 1952 praeter
1087 1907 1398 1943 amaritudinem
1422 1908 1656 1951 gratissimo
1679 1912 1842 1947 excellit
1867 1922 1961 1949 aro-

129 1974 237 2005 mate
252 1996 262 2014 ,
294 1977 419 2011 quare
436 1966 675 2003 stomachici
692 1966 845 2010 egregii
862 1966 984 2001 laude
1007 1965 1115 2007 apud
1139 1964 1355 2008 indigenas
1379 1964 1505 2001 floret.
1564 1966 1684 2002 Folia
1707 1967 1845 2004 itidem
1867 1980 1962 2006 aro-

128 2025 301 2070 matica,
332 2024 405 2060 vix
427 2029 560 2060 tamen
585 2032 745 2069 amara,
777 2022 939 2067 egregie
963 2021 1238 2063 antispastica
1260 2025 1374 2067 sunt,
1408 2024 1529 2064 atque
1551 2022 1692 2058 infusa
1717 2024 1759 2060 in
1783 2028 1961 2063 motiun-

128 2082 237 2118 culis
265 2081 507 2127 liystericis,
539 2081 582 2116 in
612 2080 743 2116 colica
772 2080 984 2116 flatulenta
1015 2078 1190 2120 aliisque
1221 2077 1428 2113 similibus
1453 2078 1716 2121 passionibus
1741 2091 1832 2118 cum
1857 2087 1960 2120 bono

129 2148 324 2175 successu
354 2138 635 2182 propinantur.
693 2139 882 2173 Truncus
913 2144 1081 2172 crassus
1111 2134 1269 2180 lignum
1298 2136 1349 2171 ad
1374 2137 1623 2172 exstruenda
1645 2138 1832 2176 aedificia
1855 2142 1960 2187 opti-

128 2205 239 2233 mum
254 2199 290 2231 et
308 2195 603 2232 solidissimum
619 2196 798 2239 praebet.

272 2268 383 2303 Inter
406 2263 648 2313 Magnolz‘as
673 2265 871 2302 asiaticas
898 2260 1117 2311 Magnolae'a
1145 2260 1284 2299 fulan
1307 2261 1446 2310 Desf.‚
1479 2266 1589 2308 apud
1613 2266 1735 2304 Sinas
1766 2277 1792 2305 a
1821 2271 1961 2308 multis

131 2327 237 2360 retro
263 2323 446 2359 saeculis
468 2325 597 2371 culta,
629 2322 827 2366 imprimis
851 2322 1100 2357 nominanda
1121 2325 1197 2358 est.
1255 2321 1390 2357 Arbor
1411 2321 1578 2359 floribus
1594 2324 1821 2362 innumeris
1838 2328 1963 2364 simul

133 2374 421 2425 nascentibus,
454 2383 541 2415 utut
558 2380 675 2417 brevi
699 2378 928 2426 duraturis,
960 2379 1127 2423 decora,
1160 2378 1271 2421 genti
1294 2378 1426 2414 omnis
1448 2381 1679 2423 elegantiae
1702 2384 1961 2420 studiosissi-

131 2446 223 2474 mae
240 2437 281 2472 in
299 2436 460 2472 deliciis
478 2440 552 2473 est.
610 2436 776 2472 Semina
795 2433 950 2478 (Tsin-
930 2437 1006 2480 -30
1033 2435 1250 2470 admodum
1272 2443 1432 2481 amara,
1463 2437 1630 2473 remedii
1654 2439 1814 2493 egregie
1835 2440 1961 2478 febri-

134 2494 223 2537 fugi
239 2495 360 2529 laude
377 2494 566 2537 gaudent.
626 2490 870 2539 Magnolzae
889 2489 1071 2539 grae-eles
1088 2490 1239 2527 Salisb.
1251 2518 1261 2537 ,
1293 2491 1336 2527 in
1352 2492 1530 2535 Japonia
1552 2493 1788 2542 indigenae,
1822 2502 1960 2535 cortex

134 2552 254 2587 odore
284 2553 543 2593 camphorato
573 2550 754 2586 excellit.
811 2548 978 2592 Species
1006 2547 1190 2584 boreali·
1198 2547 1457 2584 americanae
1489 2549 1629 2586 fronde
1651 2552 1832 2599 nobiles,
1863 2555 1961 2592 flore

135 2610 358 2653 superbae,
390 2606 696 2649 seminibusque
720 2616 741 2641 e
765 2605 948 2642 funiculo
971 2607 1091 2649 longo
1117 2608 1235 2641 extra
1250 2607 1463 2648 capsulam
1480 2606 1658 2643 hiantem
1675 2610 1865 2651 pendulis
1882 2613 1960 2648 mi·

133 2673 225 2710 rae,
257 2663 526 2707 pulcherrimo
543 2673 594 2706 sy
596 2663 676 2699 ivis
692 2673 718 2698 v
721 2663 824 2698 astis
841 2665 1074 2698 ornamento
1089 2665 1197 2698 sunt.
1255 2659 1500 2708 Magnoleae
1507 2673 1565 2709 gr
1567 2661 1752 2710 ancieflm
1757 2677 1808 2700 ae
1824 2669 1869 2703 L·
1859 2679 1942 2704 inn.
1934 2695 1958 2716 .,

133 2718 379 2767 Magnoliae
409 2717 684 2754 auria-zelatae
717 2721 831 2755 Lam.
843 2746 853 2767 ,
899 2716 1144 2764 Magnolzae
1173 2727 1294 2752 macr
1297 2715 1493 2764 ophyllae
1522 2720 1675 2756 Michx.
1706 2724 1960 2767 aliarumque

135 2777 365 2821 specierum
401 2781 541 2813 cortex
585 2786 771 2823 amarus,
825 2775 1174 2821 subaromaticus,
1226 2775 1418 2811 remediis
1462 2776 1610 2813 tonicis
1653 2780 1958 2821 adnumeratur.

135 2832 358 2881 Mcegnolz'ct
384 2832 543 2880 glauca
564 2834 693 2870 Linn.
709 2837 748 2869 et
769 2829 991 2878 Magnolia
1015 2829 1266 2866 acuminata
1290 2831 1412 2868 Linn.
1436 2832 1559 2876 Ligni
1582 2835 1801 2872 Sassafras
1825 2839 1959 2879 qnali-

136 2896 259 2927 tatem
282 2893 552 2927 aemulantur.
609 2892 785 2927 Istarum
808 2889 931 2925 etiam
954 2888 1114 2925 fructus
1136 2892 1175 2924 et
1198 2888 1358 2924 semina
1379 2891 1427 2924 ob
1444 2889 1635 2926 virtutem
1652 2895 1904 2930 roborantem
1921 2901 1961 2932 et

135 2948 416 2985 stimulantem
429 2948 684 2984 adhibentur.
728 2943 1038 2981 L2·r2·odendr0n
1060 2943 1303 2994 Tulvpv'fera
1319 2944 1461 2991 Linn.,
1485 2949 1605 2982 arbor
1621 2952 1959 3000 centumpedalis‚

135 3003 181 3040 in
204 3004 396 3041 America
423 3005 579 3041 boreali
607 3003 710 3040 locis
741 3003 963 3048 pinguibus
988 3002 1094 3038 inter
1114 3002 1282 3038 fluvium
1305 3002 1568 3038 Connecticut
1590 3008 1630 3040 et
1651 3007 1788 3042 lacum
1813 3008 1962 3044 Cham-

137 3060 251 3104 plain
269 3065 412 3103 sponte
433 3062 636 3108 nascitur,
669 3062 789 3104 cujus
812 3061 995 3096 decorem
1017 3060 1140 3095 etiam
1162 3059 1207 3094 in
1229 3059 1352 3095 nanis
1374 3059 1570 3102 stirpibus
1595 3064 1702 3104 apud
1725 3073 1800 3100 nos
1822 3066 1961 3108 bospi-

139 3117 320 3153 tantibus
336 3117 538 3154 miramur.
599 3119 746 3154 Cortex
762 3126 947 3164 amaruS,
979 3116 1448 3163 aromatico-pungens,
1479 3116 1585 3153 inter
1604 3121 1962 3162 praestantissima
2020 3153 2026 3156 .

140 3174 396 3210 Cascarillae
417 3175 676 3212 succedanea
698 3178 956 3220 numeratur,
994 3173 1118 3209 etiam
1141 3173 1376 3210 Cinchonae
1396 3183 1685 3218 nonnunquam
1711 3179 1962 3215 substituen-

140 3232 238 3276 dus,
284 3230 518 3266 substantia
547 3231 790 3273 crystallina
826 3230 1090 3267 amarissima
1119 3226 1513 3278 (szraeodendnna),
1560 3241 1664 3275 quae
1700 3233 1902 3279 imprimis
1939 3246 1962 3272 e

140 3286 294 3324 radicis
311 3287 458 3322 cortice
475 3286 696 3333 obtinetur,
729 3287 875 3323 foetus.

280 3345 327 3379 In
351 3341 548 3387 Illefflceevs,
579 3352 683 3386 quas
705 3343 903 3387 carpidiis
927 3342 1109 3388 simplici
1132 3342 1239 3380 serie
1267 3343 1552 3390 verticillatis‚
1585 3345 1762 3389 aliisque
1791 3348 1962 3393 insuper

142 3401 247 3436 notis
272 3409 297 3436 a
321 3400 568 3444 Magnolieis
592 3400 704 3436 veris
727 3388 963 3447 dlstinctas,
993 3401 1276 3437 xerisimiliter
1297 3400 1448 3444 proprii
1473 3402 1626 3447 ordinis
1643 3404 1715 3446 jus
1745 3405 1962 3449 deposcere

138 3459 223 3500 jam
246 3457 444 3503 diximus,
477 3456 672 3501 aromatis
696 3457 851 3501 fervor,
882 3460 933 3493 ab
956 3459 1046 3494 oleo
1068 3461 1256 3493 aethereo
1274 3461 1312 3493 et
1329 3457 1466 3493 resina
1483 3461 1747 3505 repetendus,
1779 3464 1892 3499 natix
1897 3472 1960 3500 am

143 3514 454 3558 amaritudinem
483 3513 666 3552 retrudit.
724 3509 976 3561 Drimydum
1005 3514 1187 3562 species,
1218 3515 1303 3551 late
1331 3523 1403 3557 per
1432 3515 1665 3553 Americam
1697 3519 1890 3563 tropicam
1924 3527 1962 3557 et
