<?xml version="1.0" encoding="UTF-8"?>
<!DOCTYPE html PUBLIC "-//W3C//DTD XHTML 1.0 Transitional//EN"
    "http://www.w3.org/TR/xhtml1/DTD/xhtml1-transitional.dtd">
<html xmlns="http://www.w3.org/1999/xhtml" xml:lang="en" lang="en">
 <head>
  <title>
</title>
<meta http-equiv="Content-Type" content="text/html;charset=utf-8" />
  <meta name='ocr-system' content='tesseract 3.04.00' />
  <meta name='ocr-capabilities' content='ocr_page ocr_carea ocr_par ocr_line ocrx_word'/>
</head>
<body>
  <div class='ocr_page' id='page_1' title='image "./enchiridionbotan00endl/enchiridionbotan00endl_0272.png"; bbox 0 0 2147 3756; ppageno 0'>
   <div class='ocr_carea' id='block_1_1' title="bbox 1099 127 1214 175">
    <p class='ocr_par' dir='ltr' id='par_1_1' title="bbox 1099 127 1214 175">
     <span class='ocr_line' id='line_1_1' title="bbox 1099 127 1214 175; baseline 0 -1"><span class='ocrx_word' id='word_1_1' title='bbox 1099 127 1214 175; x_wconf 67' lang='lat'>254</span> 
     </span>
    </p>
   </div>
   <div class='ocr_carea' id='block_1_2' title="bbox 1007 206 1353 213">
    <p class='ocr_par' dir='ltr' id='par_1_2' title="bbox 1007 206 1353 213">
     <span class='ocr_line' id='line_1_2' title="bbox 1007 206 1353 213; baseline -0.009 0"><span class='ocrx_word' id='word_1_2' title='bbox 1007 206 1067 213; x_wconf 69' lang='lat'>———</span> <span class='ocrx_word' id='word_1_3' title='bbox 1082 208 1125 211; x_wconf 74' lang='lat'>--</span> <span class='ocrx_word' id='word_1_4' title='bbox 1137 209 1185 211; x_wconf 53' lang='lat' dir='ltr'>*m</span> <span class='ocrx_word' id='word_1_5' title='bbox 1266 206 1353 211; x_wconf 44' lang='lat' dir='ltr'>.-l.-.-⁴</span> 
     </span>
    </p>
   </div>
   <div class='ocr_carea' id='block_1_3' title="bbox 248 299 2070 796">
    <p class='ocr_par' dir='ltr' id='par_1_3' title="bbox 248 299 2070 796">
     <span class='ocr_line' id='line_1_3' title="bbox 250 299 2064 347; baseline -0.002 -7"><span class='ocrx_word' id='word_1_6' title='bbox 250 304 334 340; x_wconf 78' lang='lat' dir='ltr'>acri</span> <span class='ocrx_word' id='word_1_7' title='bbox 351 307 385 338; x_wconf 82' lang='lat' dir='ltr'>et</span> <span class='ocrx_word' id='word_1_8' title='bbox 405 304 563 347; x_wconf 88' lang='lat' dir='ltr'>urente,</span> <span class='ocrx_word' id='word_1_9' title='bbox 589 309 663 335; x_wconf 89' lang='lat' dir='ltr'>nec</span> <span class='ocrx_word' id='word_1_10' title='bbox 679 308 759 335; x_wconf 87' lang='lat' dir='ltr'>non</span> <span class='ocrx_word' id='word_1_11' title='bbox 775 301 861 335; x_wconf 88' lang='lat' dir='ltr'>oleo</span> <span class='ocrx_word' id='word_1_12' title='bbox 877 302 1064 336; x_wconf 84' lang='lat' dir='ltr'>aethereo</span> <span class='ocrx_word' id='word_1_13' title='bbox 1081 300 1277 335; x_wconf 83' lang='lat' dir='ltr'>acerrimo</span> <span class='ocrx_word' id='word_1_14' title='bbox 1297 299 1421 345; x_wconf 77' lang='lat' dir='ltr'>foeta,</span> <span class='ocrx_word' id='word_1_15' title='bbox 1446 299 1635 336; x_wconf 78' lang='lat' dir='ltr'>remediis</span> <span class='ocrx_word' id='word_1_16' title='bbox 1651 301 1814 337; x_wconf 84' lang='lat' dir='ltr'>acribus</span> <span class='ocrx_word' id='word_1_17' title='bbox 1832 300 2064 338; x_wconf 79' lang='lat' dir='ltr'>fortioribus</span> 
     </span>
     <span class='ocr_line' id='line_1_4' title="bbox 250 357 2066 400; baseline -0.001 -4"><span class='ocrx_word' id='word_1_18' title='bbox 250 362 549 396; x_wconf 73' lang='lat' dir='ltr'>adnumeratur.</span> <span class='ocrx_word' id='word_1_19' title='bbox 580 357 753 392; x_wconf 82' lang='lat' dir='ltr'>Plantae</span> <span class='ocrx_word' id='word_1_20' title='bbox 770 357 812 392; x_wconf 86' lang='lat' dir='ltr'>in</span> <span class='ocrx_word' id='word_1_21' title='bbox 828 357 1026 391; x_wconf 81' lang='lat' dir='ltr'>Barbaria</span> <span class='ocrx_word' id='word_1_22' title='bbox 1041 360 1292 399; x_wconf 86' lang='lat' dir='ltr'>spontaneae</span> <span class='ocrx_word' id='word_1_23' title='bbox 1311 360 1463 392; x_wconf 87' lang='lat' dir='ltr'>tantum</span> <span class='ocrx_word' id='word_1_24' title='bbox 1480 357 1679 394; x_wconf 79' lang='lat' dir='ltr'>fervorem</span> <span class='ocrx_word' id='word_1_25' title='bbox 1696 358 1917 400; x_wconf 82' lang='lat' dir='ltr'>perhibent,</span> <span class='ocrx_word' id='word_1_26' title='bbox 1942 362 1984 393; x_wconf 90' lang='lat' dir='ltr'>ut</span> <span class='ocrx_word' id='word_1_27' title='bbox 2002 367 2066 394; x_wconf 90' lang='lat' dir='ltr'>re-</span> 
     </span>
     <span class='ocr_line' id='line_1_5' title="bbox 248 411 2064 461; baseline -0.001 -10"><span class='ocrx_word' id='word_1_28' title='bbox 248 420 385 453; x_wconf 79' lang='lat' dir='ltr'>centes</span> <span class='ocrx_word' id='word_1_29' title='bbox 402 415 590 452; x_wconf 88' lang='lat' dir='ltr'>manibus</span> <span class='ocrx_word' id='word_1_30' title='bbox 609 416 806 448; x_wconf 73' lang='lat' dir='ltr'>tractatae</span> <span class='ocrx_word' id='word_1_31' title='bbox 823 411 983 455; x_wconf 83' lang='lat' dir='ltr'>frigoris</span> <span class='ocrx_word' id='word_1_32' title='bbox 1001 412 1247 461; x_wconf 76' lang='lat' dir='ltr'>acutissimi,</span> <span class='ocrx_word' id='word_1_33' title='bbox 1265 413 1409 448; x_wconf 87' lang='lat' dir='ltr'>deinde</span> <span class='ocrx_word' id='word_1_34' title='bbox 1426 414 1576 449; x_wconf 84' lang='lat' dir='ltr'>caloris</span> <span class='ocrx_word' id='word_1_35' title='bbox 1586 414 1862 451; x_wconf 83' lang='lat' dir='ltr'>sensationem</span> <span class='ocrx_word' id='word_1_36' title='bbox 1873 414 2064 450; x_wconf 86' lang='lat' dir='ltr'>excitent.</span> 
     </span>
     <span class='ocr_line' id='line_1_6' title="bbox 251 468 2065 519; baseline -0.001 -12"><span class='ocrx_word' id='word_1_37' title='bbox 251 469 487 519; x_wconf 68' lang='lat' dir='ltr'>Spe&#39;lantltz&#39;s</span> <span class='ocrx_word' id='word_1_38' title='bbox 505 468 692 504; x_wconf 59' lang='lat' dir='ltr'>olen-acea·</span> <span class='ocrx_word' id='word_1_39' title='bbox 704 471 817 512; x_wconf 85' lang='lat' dir='ltr'>Jacq.</span> <span class='ocrx_word' id='word_1_40' title='bbox 837 469 1035 512; x_wconf 80' lang='lat' dir='ltr'>[Cresson</span> <span class='ocrx_word' id='word_1_41' title='bbox 1053 470 1100 504; x_wconf 89' lang='lat' dir='ltr'>de</span> <span class='ocrx_word' id='word_1_42' title='bbox 1116 471 1244 516; x_wconf 85' lang='lat' dir='ltr'>Para,</span> <span class='ocrx_word' id='word_1_43' title='bbox 1270 471 1492 513; x_wconf 80' lang='lat' dir='ltr'>Paraguay</span> <span class='ocrx_word' id='word_1_44' title='bbox 1507 469 1672 517; x_wconf 60' lang='lat' dir='ltr'>Romi),</span> <span class='ocrx_word' id='word_1_45' title='bbox 1704 473 1868 513; x_wconf 82' lang='lat' dir='ltr'>plantae</span> <span class='ocrx_word' id='word_1_46' title='bbox 1883 470 1926 506; x_wconf 87' lang='lat' dir='ltr'>in</span> <span class='ocrx_word' id='word_1_47' title='bbox 1942 472 2065 506; x_wconf 87' lang='lat' dir='ltr'>Ame-</span> 
     </span>
     <span class='ocr_line' id='line_1_7' title="bbox 249 521 2067 573; baseline -0.004 -7"><span class='ocrx_word' id='word_1_48' title='bbox 249 531 338 566; x_wconf 88' lang='lat' dir='ltr'>rica</span> <span class='ocrx_word' id='word_1_49' title='bbox 361 529 515 572; x_wconf 87' lang='lat' dir='ltr'>tropica</span> <span class='ocrx_word' id='word_1_50' title='bbox 538 526 758 562; x_wconf 79' lang='lat' dir='ltr'>crescentIs</span> <span class='ocrx_word' id='word_1_51' title='bbox 771 553 780 571; x_wconf 92' lang='lat'>,</span> <span class='ocrx_word' id='word_1_52' title='bbox 812 524 997 568; x_wconf 82' lang='lat' dir='ltr'>proxima</span> <span class='ocrx_word' id='word_1_53' title='bbox 1010 526 1205 567; x_wconf 84' lang='lat' dir='ltr'>Pyrethro</span> <span class='ocrx_word' id='word_1_54' title='bbox 1223 522 1424 573; x_wconf 76' lang='lat' dir='ltr'>qualitas,</span> <span class='ocrx_word' id='word_1_55' title='bbox 1456 526 1578 563; x_wconf 87' lang='lat' dir='ltr'>etiam</span> <span class='ocrx_word' id='word_1_56' title='bbox 1597 524 1833 571; x_wconf 64' lang='lat' dir='ltr'>Spilanchis</span> <span class='ocrx_word' id='word_1_57' title='bbox 1847 521 2067 568; x_wconf 74' lang='lat' dir='ltr'>AemeIIae</span> 
     </span>
     <span class='ocr_line' id='line_1_8' title="bbox 248 579 2067 628; baseline -0.001 -8"><span class='ocrx_word' id='word_1_58' title='bbox 248 585 366 622; x_wconf 86' lang='lat' dir='ltr'>Linn.</span> <span class='ocrx_word' id='word_1_59' title='bbox 391 586 434 620; x_wconf 90' lang='lat' dir='ltr'>in</span> <span class='ocrx_word' id='word_1_60' title='bbox 453 584 571 620; x_wconf 83' lang='lat' dir='ltr'>India</span> <span class='ocrx_word' id='word_1_61' title='bbox 595 582 782 618; x_wconf 83' lang='lat' dir='ltr'>orientali</span> <span class='ocrx_word' id='word_1_62' title='bbox 806 581 1025 626; x_wconf 75' lang='lat' dir='ltr'>indigenae</span> <span class='ocrx_word' id='word_1_63' title='bbox 1046 584 1172 618; x_wconf 87' lang='lat' dir='ltr'>herba</span> <span class='ocrx_word' id='word_1_64' title='bbox 1194 582 1406 618; x_wconf 77' lang='lat' dir='ltr'>salivaria.</span> <span class='ocrx_word' id='word_1_65' title='bbox 1466 579 1674 628; x_wconf 67' lang='lat' dir='ltr'>Rqretlcrz‘</span> <span class='ocrx_word' id='word_1_66' title='bbox 1700 581 1961 618; x_wconf 64' lang='lat' dir='ltr'>Tanau-etum</span> <span class='ocrx_word' id='word_1_67' title='bbox 1985 583 2067 618; x_wconf 87' lang='lat' dir='ltr'>DC.</span> 
     </span>
     <span class='ocr_line' id='line_1_9' title="bbox 249 637 2070 686; baseline -0.003 -7"><span class='ocrx_word' id='word_1_68' title='bbox 249 642 471 686; x_wconf 79' lang='lat' dir='ltr'>(Tanaceti</span> <span class='ocrx_word' id='word_1_69' title='bbox 487 639 738 675; x_wconf 81' lang='lat' dir='ltr'>Balsamitae</span> <span class='ocrx_word' id='word_1_70' title='bbox 754 637 888 684; x_wconf 89' lang='lat' dir='ltr'>Linn.,</span> <span class='ocrx_word' id='word_1_71' title='bbox 921 639 1234 684; x_wconf 82' lang='lat' dir='ltr'>Frauenminze,</span> <span class='ocrx_word' id='word_1_72' title='bbox 1258 638 1509 675; x_wconf 78' lang='lat' dir='ltr'>Balsaniitae</span> <span class='ocrx_word' id='word_1_73' title='bbox 1525 649 1557 676; x_wconf 91' lang='lat' dir='ltr'>s.</span> <span class='ocrx_word' id='word_1_74' title='bbox 1576 640 1686 676; x_wconf 83' lang='lat' dir='ltr'>Costi</span> <span class='ocrx_word' id='word_1_75' title='bbox 1702 639 1928 684; x_wconf 83' lang='lat' dir='ltr'>hortorum]</span> <span class='ocrx_word' id='word_1_76' title='bbox 1945 641 2070 675; x_wconf 86' lang='lat' dir='ltr'>herba</span> 
     </span>
     <span class='ocr_line' id='line_1_10' title="bbox 248 692 2070 744; baseline -0.002 -9"><span class='ocrx_word' id='word_1_77' title='bbox 248 700 404 735; x_wconf 77' lang='lat' dir='ltr'>fervide</span> <span class='ocrx_word' id='word_1_78' title='bbox 427 696 662 733; x_wconf 79' lang='lat' dir='ltr'>aromatica.</span> <span class='ocrx_word' id='word_1_79' title='bbox 725 692 1056 740; x_wconf 66' lang='lat' dir='ltr'>Chrysanthemz·</span> <span class='ocrx_word' id='word_1_80' title='bbox 1066 694 1356 744; x_wconf 67' lang='lat' dir='ltr'>frutescantz&#39;s</span> <span class='ocrx_word' id='word_1_81' title='bbox 1377 695 1496 731; x_wconf 87' lang='lat' dir='ltr'>Linn.</span> <span class='ocrx_word' id='word_1_82' title='bbox 1522 695 1741 740; x_wconf 76' lang='lat' dir='ltr'>[magala]</span> <span class='ocrx_word' id='word_1_83' title='bbox 1763 696 1805 731; x_wconf 92' lang='lat' dir='ltr'>in</span> <span class='ocrx_word' id='word_1_84' title='bbox 1821 695 1972 732; x_wconf 84' lang='lat' dir='ltr'>insulis</span> <span class='ocrx_word' id='word_1_85' title='bbox 1990 695 2070 732; x_wconf 84' lang='lat' dir='ltr'>Ca-</span> 
     </span>
     <span class='ocr_line' id='line_1_11' title="bbox 250 751 910 796; baseline -0.006 -4"><span class='ocrx_word' id='word_1_86' title='bbox 250 755 380 793; x_wconf 86' lang='lat' dir='ltr'>nariis</span> <span class='ocrx_word' id='word_1_87' title='bbox 395 752 578 796; x_wconf 79' lang='lat' dir='ltr'>indigeni</span> <span class='ocrx_word' id='word_1_88' title='bbox 596 751 697 787; x_wconf 86' lang='lat' dir='ltr'>solia</span> <span class='ocrx_word' id='word_1_89' title='bbox 711 752 910 795; x_wconf 84' lang='lat' dir='ltr'>piperata.</span> 
     </span>
    </p>
   </div>
   <div class='ocr_carea' id='block_1_4' title="bbox 249 818 2076 1208">
    <p class='ocr_par' dir='ltr' id='par_1_4' title="bbox 249 818 2076 1208">
     <span class='ocr_line' id='line_1_12' title="bbox 387 818 2071 867; baseline 0.001 -10"><span class='ocrx_word' id='word_1_90' title='bbox 387 818 580 861; x_wconf 79' lang='lat' dir='ltr'>Arm&#39;cae</span> <span class='ocrx_word' id='word_1_91' title='bbox 595 825 824 857; x_wconf 78' lang='lat' dir='ltr'>montanae</span> <span class='ocrx_word' id='word_1_92' title='bbox 840 821 958 858; x_wconf 87' lang='lat' dir='ltr'>Linn.</span> <span class='ocrx_word' id='word_1_93' title='bbox 978 821 1281 867; x_wconf 59' lang='lat' dir='ltr'>(lVoblverlei)</span> <span class='ocrx_word' id='word_1_94' title='bbox 1293 849 1302 867; x_wconf 95' lang='lat'>,</span> <span class='ocrx_word' id='word_1_95' title='bbox 1334 824 1499 866; x_wconf 78' lang='lat' dir='ltr'>plantae</span> <span class='ocrx_word' id='word_1_96' title='bbox 1514 821 1557 858; x_wconf 90' lang='lat' dir='ltr'>in</span> <span class='ocrx_word' id='word_1_97' title='bbox 1572 823 1761 866; x_wconf 84' lang='lat' dir='ltr'>Europae</span> <span class='ocrx_word' id='word_1_98' title='bbox 1777 820 1973 865; x_wconf 81' lang='lat' dir='ltr'>imprimis</span> <span class='ocrx_word' id='word_1_99' title='bbox 1996 821 2071 858; x_wconf 85' lang='lat' dir='ltr'>fri-</span> 
     </span>
     <span class='ocr_line' id='line_1_13' title="bbox 249 878 2073 928; baseline -0.003 -9"><span class='ocrx_word' id='word_1_100' title='bbox 249 882 415 928; x_wconf 84' lang='lat' dir='ltr'>gidioris</span> <span class='ocrx_word' id='word_1_101' title='bbox 445 879 721 923; x_wconf 77' lang='lat' dir='ltr'>sylvestribus</span> <span class='ocrx_word' id='word_1_102' title='bbox 752 879 915 924; x_wconf 82' lang='lat' dir='ltr'>obviae,</span> <span class='ocrx_word' id='word_1_103' title='bbox 946 880 1151 915; x_wconf 89' lang='lat' dir='ltr'>veteribus</span> <span class='ocrx_word' id='word_1_104' title='bbox 1174 879 1404 925; x_wconf 72' lang='lat' dir='ltr'>ignoratae,</span> <span class='ocrx_word' id='word_1_105' title='bbox 1436 879 1543 914; x_wconf 89' lang='lat' dir='ltr'>inter</span> <span class='ocrx_word' id='word_1_106' title='bbox 1563 878 1790 914; x_wconf 84' lang='lat' dir='ltr'>medicinas</span> <span class='ocrx_word' id='word_1_107' title='bbox 1811 879 2073 915; x_wconf 79' lang='lat' dir='ltr'>stimulantes</span> 
     </span>
     <span class='ocr_line' id='line_1_14' title="bbox 249 935 2075 983; baseline -0.003 -8"><span class='ocrx_word' id='word_1_108' title='bbox 249 939 455 983; x_wconf 85' lang='lat' dir='ltr'>fortiores,</span> <span class='ocrx_word' id='word_1_109' title='bbox 485 935 777 982; x_wconf 77' lang='lat' dir='ltr'>ventriculum,</span> <span class='ocrx_word' id='word_1_110' title='bbox 809 935 1025 982; x_wconf 84' lang='lat' dir='ltr'>intestina,</span> <span class='ocrx_word' id='word_1_111' title='bbox 1055 945 1224 982; x_wconf 85' lang='lat' dir='ltr'>nervos,</span> <span class='ocrx_word' id='word_1_112' title='bbox 1256 945 1360 972; x_wconf 87' lang='lat' dir='ltr'>vasa</span> <span class='ocrx_word' id='word_1_113' title='bbox 1382 937 1537 978; x_wconf 87' lang='lat' dir='ltr'>majora</span> <span class='ocrx_word' id='word_1_114' title='bbox 1561 939 1598 971; x_wconf 84' lang='lat' dir='ltr'>et</span> <span class='ocrx_word' id='word_1_115' title='bbox 1621 935 1837 978; x_wconf 89' lang='lat' dir='ltr'>capillaria</span> <span class='ocrx_word' id='word_1_116' title='bbox 1853 935 2075 971; x_wconf 84' lang='lat' dir='ltr'>eminenter</span> 
     </span>
     <span class='ocr_line' id='line_1_15' title="bbox 249 991 2071 1038; baseline -0.003 -6"><span class='ocrx_word' id='word_1_117' title='bbox 249 994 475 1032; x_wconf 85' lang='lat' dir='ltr'>afficientes</span> <span class='ocrx_word' id='word_1_118' title='bbox 498 1002 579 1028; x_wconf 89' lang='lat' dir='ltr'>non</span> <span class='ocrx_word' id='word_1_119' title='bbox 603 992 739 1028; x_wconf 87' lang='lat' dir='ltr'>infima</span> <span class='ocrx_word' id='word_1_120' title='bbox 760 994 854 1027; x_wconf 86' lang='lat' dir='ltr'>laus</span> <span class='ocrx_word' id='word_1_121' title='bbox 873 995 945 1027; x_wconf 84' lang='lat' dir='ltr'>est.</span> <span class='ocrx_word' id='word_1_122' title='bbox 988 993 1152 1028; x_wconf 87' lang='lat' dir='ltr'>Florum</span> <span class='ocrx_word' id='word_1_123' title='bbox 1169 991 1350 1034; x_wconf 81' lang='lat' dir='ltr'>capitula</span> <span class='ocrx_word' id='word_1_124' title='bbox 1365 995 1453 1028; x_wconf 82' lang='lat' dir='ltr'>oleo</span> <span class='ocrx_word' id='word_1_125' title='bbox 1469 994 1675 1038; x_wconf 86' lang='lat' dir='ltr'>aethereo,</span> <span class='ocrx_word' id='word_1_126' title='bbox 1701 991 1840 1028; x_wconf 88' lang='lat' dir='ltr'>resina</span> <span class='ocrx_word' id='word_1_127' title='bbox 1856 991 2071 1037; x_wconf 85' lang='lat' dir='ltr'>fragranti,</span> 
     </span>
     <span class='ocr_line' id='line_1_16' title="bbox 250 1047 2070 1093; baseline -0.003 -5"><span class='ocrx_word' id='word_1_128' title='bbox 250 1050 484 1089; x_wconf 87' lang='lat' dir='ltr'>substantia</span> <span class='ocrx_word' id='word_1_129' title='bbox 500 1049 585 1085; x_wconf 86' lang='lat' dir='ltr'>acri</span> <span class='ocrx_word' id='word_1_130' title='bbox 601 1052 638 1084; x_wconf 90' lang='lat' dir='ltr'>et</span> <span class='ocrx_word' id='word_1_131' title='bbox 655 1057 797 1084; x_wconf 86' lang='lat' dir='ltr'>amara</span> <span class='ocrx_word' id='word_1_132' title='bbox 809 1074 819 1093; x_wconf 90' lang='lat'>,</span> <span class='ocrx_word' id='word_1_133' title='bbox 851 1048 968 1083; x_wconf 83' lang='lat' dir='ltr'>acido</span> <span class='ocrx_word' id='word_1_134' title='bbox 984 1050 1188 1093; x_wconf 85' lang='lat' dir='ltr'>gallarum</span> <span class='ocrx_word' id='word_1_135' title='bbox 1204 1052 1242 1083; x_wconf 85' lang='lat' dir='ltr'>et</span> <span class='ocrx_word' id='word_1_136' title='bbox 1258 1049 1417 1086; x_wconf 89' lang='lat' dir='ltr'>salibus</span> <span class='ocrx_word' id='word_1_137' title='bbox 1433 1047 1578 1093; x_wconf 85' lang='lat' dir='ltr'>gravia</span> <span class='ocrx_word' id='word_1_138' title='bbox 1593 1048 1636 1084; x_wconf 89' lang='lat' dir='ltr'>in</span> <span class='ocrx_word' id='word_1_139' title='bbox 1652 1048 1825 1084; x_wconf 87' lang='lat' dir='ltr'>officinis</span> <span class='ocrx_word' id='word_1_140' title='bbox 1842 1051 2070 1084; x_wconf 84' lang='lat' dir='ltr'>servantur.</span> 
     </span>
     <span class='ocr_line' id='line_1_17' title="bbox 249 1103 2076 1154; baseline -0.003 -10"><span class='ocrx_word' id='word_1_141' title='bbox 249 1108 397 1144; x_wconf 84' lang='lat' dir='ltr'>Rarior</span> <span class='ocrx_word' id='word_1_142' title='bbox 412 1110 474 1142; x_wconf 83' lang='lat' dir='ltr'>est</span> <span class='ocrx_word' id='word_1_143' title='bbox 494 1108 644 1142; x_wconf 81' lang='lat' dir='ltr'>herbae</span> <span class='ocrx_word' id='word_1_144' title='bbox 667 1108 705 1140; x_wconf 86' lang='lat' dir='ltr'>et</span> <span class='ocrx_word' id='word_1_145' title='bbox 728 1103 878 1140; x_wconf 86' lang='lat' dir='ltr'>radicis</span> <span class='ocrx_word' id='word_1_146' title='bbox 894 1104 1043 1141; x_wconf 86' lang='lat' dir='ltr'>virtute</span> <span class='ocrx_word' id='word_1_147' title='bbox 1059 1105 1187 1142; x_wconf 84' lang='lat' dir='ltr'>simili</span> <span class='ocrx_word' id='word_1_148' title='bbox 1202 1105 1430 1154; x_wconf 81' lang='lat' dir='ltr'>praeditae,</span> <span class='ocrx_word' id='word_1_149' title='bbox 1459 1104 1601 1142; x_wconf 87' lang='lat' dir='ltr'>mitius</span> <span class='ocrx_word' id='word_1_150' title='bbox 1619 1108 1752 1140; x_wconf 89' lang='lat' dir='ltr'>tamen</span> <span class='ocrx_word' id='word_1_151' title='bbox 1768 1104 2020 1142; x_wconf 86' lang='lat' dir='ltr'>stimulantis</span> <span class='ocrx_word' id='word_1_152' title='bbox 2036 1106 2076 1139; x_wconf 78' lang='lat' dir='ltr'>et</span> 
     </span>
     <span class='ocr_line' id='line_1_18' title="bbox 252 1161 940 1208; baseline -0.007 -7"><span class='ocrx_word' id='word_1_153' title='bbox 252 1165 506 1207; x_wconf 78' lang='lat' dir='ltr'>aliquomodo</span> <span class='ocrx_word' id='word_1_154' title='bbox 524 1161 773 1208; x_wconf 86' lang='lat' dir='ltr'>roborantis,</span> <span class='ocrx_word' id='word_1_155' title='bbox 804 1170 918 1197; x_wconf 90' lang='lat' dir='ltr'>usus.</span> <span class='ocrx_word' id='word_1_156' title='bbox 937 1200 940 1205; x_wconf 28' lang='lat'><strong><em>¹</em></strong></span> 
     </span>
    </p>
   </div>
   <div class='ocr_carea' id='block_1_5' title="bbox 251 1227 2080 1902">
    <p class='ocr_par' dir='ltr' id='par_1_5' title="bbox 251 1227 2080 1902">
     <span class='ocr_line' id='line_1_19' title="bbox 392 1227 2074 1279; baseline -0.001 -11"><span class='ocrx_word' id='word_1_157' title='bbox 392 1231 653 1268; x_wconf 78' lang='lat' dir='ltr'>Dorom‘eum</span> <span class='ocrx_word' id='word_1_158' title='bbox 668 1227 1009 1266; x_wconf 68' lang='lat' dir='ltr'>Pardalianches</span> <span class='ocrx_word' id='word_1_159' title='bbox 1024 1230 1167 1279; x_wconf 87' lang='lat' dir='ltr'>Linn.,</span> <span class='ocrx_word' id='word_1_160' title='bbox 1202 1233 1345 1275; x_wconf 82' lang='lat' dir='ltr'>planta</span> <span class='ocrx_word' id='word_1_161' title='bbox 1360 1233 1398 1267; x_wconf 90' lang='lat' dir='ltr'>al</span> <span class='ocrx_word' id='word_1_162' title='bbox 1404 1230 1572 1278; x_wconf 88' lang='lat' dir='ltr'>pestris,</span> <span class='ocrx_word' id='word_1_163' title='bbox 1602 1231 1784 1267; x_wconf 72' lang='lat' dir='ltr'>ArnIcae</span> <span class='ocrx_word' id='word_1_164' title='bbox 1800 1230 2035 1274; x_wconf 82' lang='lat' dir='ltr'>qualitatem</span> <span class='ocrx_word' id='word_1_165' title='bbox 2052 1241 2074 1267; x_wconf 85' lang='lat' dir='ltr'>e</span> 
     </span>
     <span class='ocr_line' id='line_1_20' title="bbox 251 1286 2074 1336; baseline -0.003 -8"><span class='ocrx_word' id='word_1_166' title='bbox 251 1290 472 1336; x_wconf 83' lang='lat' dir='ltr'>longinquo</span> <span class='ocrx_word' id='word_1_167' title='bbox 503 1292 744 1326; x_wconf 88' lang='lat' dir='ltr'>aemulatur.</span> <span class='ocrx_word' id='word_1_168' title='bbox 814 1287 952 1324; x_wconf 84' lang='lat' dir='ltr'>Etiam</span> <span class='ocrx_word' id='word_1_169' title='bbox 981 1286 1134 1323; x_wconf 74' lang='lat' dir='ltr'>Inulae</span> <span class='ocrx_word' id='word_1_170' title='bbox 1162 1292 1367 1324; x_wconf 83' lang='lat' dir='ltr'>nostrates</span> <span class='ocrx_word' id='word_1_171' title='bbox 1396 1288 1552 1331; x_wconf 88' lang='lat' dir='ltr'>plantis</span> <span class='ocrx_word' id='word_1_172' title='bbox 1581 1288 1887 1324; x_wconf 80' lang='lat' dir='ltr'>stimulantibus</span> <span class='ocrx_word' id='word_1_173' title='bbox 1925 1297 2074 1324; x_wconf 89' lang='lat' dir='ltr'>accen-</span> 
     </span>
     <span class='ocr_line' id='line_1_21' title="bbox 253 1343 2076 1392; baseline -0.003 -7"><span class='ocrx_word' id='word_1_174' title='bbox 253 1349 418 1385; x_wconf 89' lang='lat' dir='ltr'>sendae.</span> <span class='ocrx_word' id='word_1_175' title='bbox 461 1345 616 1380; x_wconf 71' lang='lat' dir='ltr'>Inulae</span> <span class='ocrx_word' id='word_1_176' title='bbox 633 1343 858 1380; x_wconf 75' lang='lat' dir='ltr'>Helem&#39;um</span> <span class='ocrx_word' id='word_1_177' title='bbox 873 1346 920 1380; x_wconf 89' lang='lat' dir='ltr'>L.</span> <span class='ocrx_word' id='word_1_178' title='bbox 939 1343 1134 1392; x_wconf 79' lang='lat' dir='ltr'>(Alant),</span> <span class='ocrx_word' id='word_1_179' title='bbox 1164 1347 1313 1381; x_wconf 86' lang='lat' dir='ltr'>herbae</span> <span class='ocrx_word' id='word_1_180' title='bbox 1329 1344 1372 1379; x_wconf 92' lang='lat' dir='ltr'>in</span> <span class='ocrx_word' id='word_1_181' title='bbox 1387 1346 1553 1387; x_wconf 82' lang='lat' dir='ltr'>Europa</span> <span class='ocrx_word' id='word_1_182' title='bbox 1568 1344 1703 1380; x_wconf 88' lang='lat' dir='ltr'>media</span> <span class='ocrx_word' id='word_1_183' title='bbox 1719 1349 1757 1380; x_wconf 86' lang='lat' dir='ltr'>et</span> <span class='ocrx_word' id='word_1_184' title='bbox 1773 1343 1947 1381; x_wconf 85' lang='lat' dir='ltr'>australi</span> <span class='ocrx_word' id='word_1_185' title='bbox 1961 1353 2076 1380; x_wconf 91' lang='lat' dir='ltr'>mon-</span> 
     </span>
     <span class='ocr_line' id='line_1_22' title="bbox 253 1400 2077 1450; baseline -0.003 -9"><span class='ocrx_word' id='word_1_186' title='bbox 253 1406 424 1450; x_wconf 87' lang='lat' dir='ltr'>ticolae,</span> <span class='ocrx_word' id='word_1_187' title='bbox 456 1403 577 1439; x_wconf 80' lang='lat' dir='ltr'>radix</span> <span class='ocrx_word' id='word_1_188' title='bbox 594 1400 754 1445; x_wconf 81' lang='lat' dir='ltr'>(Radix</span> <span class='ocrx_word' id='word_1_189' title='bbox 768 1403 949 1448; x_wconf 85' lang='lat' dir='ltr'>Enulae,</span> <span class='ocrx_word' id='word_1_190' title='bbox 979 1402 1138 1436; x_wconf 86' lang='lat' dir='ltr'>Enulae</span> <span class='ocrx_word' id='word_1_191' title='bbox 1156 1409 1380 1444; x_wconf 86' lang='lat' dir='ltr'>campanae</span> <span class='ocrx_word' id='word_1_192' title='bbox 1403 1410 1436 1436; x_wconf 90' lang='lat' dir='ltr'>s.</span> <span class='ocrx_word' id='word_1_193' title='bbox 1453 1401 1617 1436; x_wconf 91' lang='lat' dir='ltr'>Helenii</span> <span class='ocrx_word' id='word_1_194' title='bbox 1633 1400 1768 1444; x_wconf 82' lang='lat' dir='ltr'>offic.)</span> <span class='ocrx_word' id='word_1_195' title='bbox 1793 1410 1934 1440; x_wconf 88' lang='lat' dir='ltr'>recens</span> <span class='ocrx_word' id='word_1_196' title='bbox 1955 1401 2077 1436; x_wconf 89' lang='lat' dir='ltr'>odore</span> 
     </span>
     <span class='ocr_line' id='line_1_23' title="bbox 254 1456 2076 1503; baseline -0.003 -5"><span class='ocrx_word' id='word_1_197' title='bbox 254 1460 474 1498; x_wconf 86' lang='lat' dir='ltr'>aromatico</span> <span class='ocrx_word' id='word_1_198' title='bbox 498 1461 756 1501; x_wconf 84' lang='lat' dir='ltr'>camphorato</span> <span class='ocrx_word' id='word_1_199' title='bbox 779 1457 942 1503; x_wconf 78' lang='lat' dir='ltr'>gravis,</span> <span class='ocrx_word' id='word_1_200' title='bbox 968 1457 1089 1493; x_wconf 86' lang='lat' dir='ltr'>&#39;sicca</span> <span class='ocrx_word' id='word_1_201' title='bbox 1104 1457 1251 1492; x_wconf 87' lang='lat' dir='ltr'>Violae</span> <span class='ocrx_word' id='word_1_202' title='bbox 1274 1458 1435 1492; x_wconf 88' lang='lat' dir='ltr'>odorem</span> <span class='ocrx_word' id='word_1_203' title='bbox 1451 1457 1637 1503; x_wconf 88' lang='lat' dir='ltr'>spirans,</span> <span class='ocrx_word' id='word_1_204' title='bbox 1668 1457 1830 1500; x_wconf 85' lang='lat' dir='ltr'>saporis</span> <span class='ocrx_word' id='word_1_205' title='bbox 1847 1456 1963 1492; x_wconf 86' lang='lat' dir='ltr'>initio</span> <span class='ocrx_word' id='word_1_206' title='bbox 1980 1465 2076 1492; x_wconf 89' lang='lat' dir='ltr'>ran-</span> 
     </span>
     <span class='ocr_line' id='line_1_24' title="bbox 255 1512 2077 1564; baseline -0.003 -10"><span class='ocrx_word' id='word_1_207' title='bbox 255 1518 356 1564; x_wconf 88' lang='lat' dir='ltr'>cidi,</span> <span class='ocrx_word' id='word_1_208' title='bbox 390 1516 532 1552; x_wconf 87' lang='lat' dir='ltr'>deinde</span> <span class='ocrx_word' id='word_1_209' title='bbox 557 1513 841 1550; x_wconf 86' lang='lat' dir='ltr'>amaro—acris</span> <span class='ocrx_word' id='word_1_210' title='bbox 864 1516 903 1548; x_wconf 85' lang='lat' dir='ltr'>et</span> <span class='ocrx_word' id='word_1_211' title='bbox 918 1512 1133 1559; x_wconf 82' lang='lat' dir='ltr'>glutinosi,</span> <span class='ocrx_word' id='word_1_212' title='bbox 1165 1515 1252 1548; x_wconf 86' lang='lat' dir='ltr'>oleo</span> <span class='ocrx_word' id='word_1_213' title='bbox 1268 1515 1476 1560; x_wconf 82' lang='lat' dir='ltr'>aethereo,</span> <span class='ocrx_word' id='word_1_214' title='bbox 1508 1514 1746 1555; x_wconf 84' lang='lat' dir='ltr'>elaeopteno</span> <span class='ocrx_word' id='word_1_215' title='bbox 1764 1513 1902 1557; x_wconf 82' lang='lat' dir='ltr'>fugaci</span> <span class='ocrx_word' id='word_1_216' title='bbox 1919 1516 2077 1549; x_wconf 84' lang='lat' dir='ltr'>stearo-</span> 
     </span>
     <span class='ocr_line' id='line_1_25' title="bbox 254 1568 2080 1618; baseline -0.003 -8"><span class='ocrx_word' id='word_1_217' title='bbox 254 1574 364 1618; x_wconf 82' lang='lat' dir='ltr'>pleni</span> <span class='ocrx_word' id='word_1_218' title='bbox 387 1571 610 1617; x_wconf 87' lang='lat' dir='ltr'>peculiaris</span> <span class='ocrx_word' id='word_1_219' title='bbox 634 1568 847 1613; x_wconf 77' lang='lat' dir='ltr'>[Al-antini</span> <span class='ocrx_word' id='word_1_220' title='bbox 869 1579 904 1606; x_wconf 86' lang='lat' dir='ltr'>s.</span> <span class='ocrx_word' id='word_1_221' title='bbox 929 1568 1145 1613; x_wconf 80' lang='lat' dir='ltr'>Helenini]</span> <span class='ocrx_word' id='word_1_222' title='bbox 1169 1569 1347 1613; x_wconf 87' lang='lat' dir='ltr'>speciem</span> <span class='ocrx_word' id='word_1_223' title='bbox 1369 1568 1558 1616; x_wconf 85' lang='lat' dir='ltr'>sistente,</span> <span class='ocrx_word' id='word_1_224' title='bbox 1590 1568 1731 1605; x_wconf 87' lang='lat' dir='ltr'>resina</span> <span class='ocrx_word' id='word_1_225' title='bbox 1744 1570 1878 1616; x_wconf 89' lang='lat' dir='ltr'>molli,</span> <span class='ocrx_word' id='word_1_226' title='bbox 1909 1569 2080 1606; x_wconf 87' lang='lat' dir='ltr'>materie</span> 
     </span>
     <span class='ocr_line' id='line_1_26' title="bbox 257 1625 2078 1675; baseline -0.004 -8"><span class='ocrx_word' id='word_1_227' title='bbox 257 1629 486 1667; x_wconf 79' lang='lat' dir='ltr'>extractiva</span> <span class='ocrx_word' id='word_1_228' title='bbox 503 1636 663 1671; x_wconf 87' lang='lat' dir='ltr'>amara,</span> <span class='ocrx_word' id='word_1_229' title='bbox 681 1627 852 1675; x_wconf 83' lang='lat' dir='ltr'>gummi,</span> <span class='ocrx_word' id='word_1_230' title='bbox 871 1626 1030 1663; x_wconf 89' lang='lat' dir='ltr'>salibus</span> <span class='ocrx_word' id='word_1_231' title='bbox 1046 1629 1084 1661; x_wconf 85' lang='lat' dir='ltr'>et</span> <span class='ocrx_word' id='word_1_232' title='bbox 1098 1625 1265 1661; x_wconf 85' lang='lat' dir='ltr'>Inulina</span> <span class='ocrx_word' id='word_1_233' title='bbox 1280 1625 1390 1661; x_wconf 84' lang='lat' dir='ltr'>foeta</span> <span class='ocrx_word' id='word_1_234' title='bbox 1407 1628 1480 1661; x_wconf 88' lang='lat' dir='ltr'>est.</span> <span class='ocrx_word' id='word_1_235' title='bbox 1523 1626 1723 1668; x_wconf 82' lang='lat' dir='ltr'>Reliquae</span> <span class='ocrx_word' id='word_1_236' title='bbox 1739 1625 1900 1670; x_wconf 85' lang='lat' dir='ltr'>generis</span> <span class='ocrx_word' id='word_1_237' title='bbox 1917 1625 2078 1670; x_wconf 85' lang='lat' dir='ltr'>species</span> 
     </span>
     <span class='ocr_line' id='line_1_27' title="bbox 255 1679 2077 1730; baseline -0.004 -7"><span class='ocrx_word' id='word_1_238' title='bbox 255 1688 391 1724; x_wconf 88' lang='lat' dir='ltr'>minus</span> <span class='ocrx_word' id='word_1_239' title='bbox 413 1687 567 1722; x_wconf 85' lang='lat' dir='ltr'>valent.</span> <span class='ocrx_word' id='word_1_240' title='bbox 626 1680 873 1718; x_wconf 74' lang='lat' dir='ltr'>Ptclz&#39;care&#39;ae</span> <span class='ocrx_word' id='word_1_241' title='bbox 896 1692 949 1719; x_wconf 81' lang='lat' dir='ltr'>ex</span> <span class='ocrx_word' id='word_1_242' title='bbox 963 1682 1134 1718; x_wconf 89' lang='lat' dir='ltr'>istarum</span> <span class='ocrx_word' id='word_1_243' title='bbox 1151 1681 1335 1725; x_wconf 82' lang='lat' dir='ltr'>proxima</span> <span class='ocrx_word' id='word_1_244' title='bbox 1350 1681 1548 1717; x_wconf 86' lang='lat' dir='ltr'>affinitate</span> <span class='ocrx_word' id='word_1_245' title='bbox 1563 1681 1958 1730; x_wconf 80' lang='lat' dir='ltr'>aromatico—acres3</span> <span class='ocrx_word' id='word_1_246' title='bbox 1993 1679 2077 1717; x_wconf 84' lang='grc' dir='ltr'><em>Ριι-</em></span> 
     </span>
     <span class='ocr_line' id='line_1_28' title="bbox 256 1736 2078 1789; baseline -0.004 -10"><span class='ocrx_word' id='word_1_247' title='bbox 256 1742 415 1780; x_wconf 72' lang='grc' dir='ltr'><em>ῖῐσανία</em></span> <span class='ocrx_word' id='word_1_248' title='bbox 437 1739 705 1789; x_wconf 66' lang='lat' dir='ltr'>dysenterica</span> <span class='ocrx_word' id='word_1_249' title='bbox 730 1740 868 1776; x_wconf 77' lang='lat' dir='ltr'>Gartn.</span> <span class='ocrx_word' id='word_1_250' title='bbox 894 1739 1075 1784; x_wconf 79' lang='lat' dir='ltr'>[Aruica</span> <span class='ocrx_word' id='word_1_251' title='bbox 1097 1739 1313 1775; x_wconf 88' lang='lat' dir='ltr'>suedensis</span> <span class='ocrx_word' id='word_1_252' title='bbox 1335 1747 1369 1775; x_wconf 88' lang='lat' dir='ltr'>s.</span> <span class='ocrx_word' id='word_1_253' title='bbox 1395 1739 1562 1782; x_wconf 74' lang='lat' dir='ltr'>conyza</span> <span class='ocrx_word' id='word_1_254' title='bbox 1581 1738 1717 1775; x_wconf 87' lang='lat' dir='ltr'>media</span> <span class='ocrx_word' id='word_1_255' title='bbox 1736 1738 1871 1784; x_wconf 69' lang='lat' dir='ltr'>(mic.)</span> <span class='ocrx_word' id='word_1_256' title='bbox 1896 1741 1934 1775; x_wconf 87' lang='lat' dir='ltr'>et</span> <span class='ocrx_word' id='word_1_257' title='bbox 1955 1736 2078 1774; x_wconf 68' lang='lat' dir='ltr'>Pali-</span> 
     </span>
     <span class='ocr_line' id='line_1_29' title="bbox 258 1793 2079 1845; baseline -0.002 -10"><span class='ocrx_word' id='word_1_258' title='bbox 258 1799 382 1839; x_wconf 75' lang='lat' dir='ltr'>care‘a</span> <span class='ocrx_word' id='word_1_259' title='bbox 405 1798 595 1845; x_wconf 65' lang='lat' dir='ltr'>vulgaris</span> <span class='ocrx_word' id='word_1_260' title='bbox 619 1798 757 1834; x_wconf 76' lang='lat' dir='ltr'>Gai-tn.</span> <span class='ocrx_word' id='word_1_261' title='bbox 780 1795 1017 1839; x_wconf 78' lang='lat' dir='ltr'>[Pulicaria</span> <span class='ocrx_word' id='word_1_262' title='bbox 1033 1806 1066 1832; x_wconf 86' lang='lat' dir='ltr'>s.</span> <span class='ocrx_word' id='word_1_263' title='bbox 1083 1796 1249 1839; x_wconf 75' lang='lat' dir='ltr'>conyza</span> <span class='ocrx_word' id='word_1_264' title='bbox 1262 1795 1393 1832; x_wconf 86' lang='lat' dir='ltr'>minor</span> <span class='ocrx_word' id='word_1_265' title='bbox 1408 1795 1546 1840; x_wconf 77' lang='lat' dir='ltr'>offic.)</span> <span class='ocrx_word' id='word_1_266' title='bbox 1568 1798 1695 1834; x_wconf 86' lang='lat' dir='ltr'>herba</span> <span class='ocrx_word' id='word_1_267' title='bbox 1715 1794 1887 1833; x_wconf 84' lang='lat' dir='ltr'>insectis</span> <span class='ocrx_word' id='word_1_268' title='bbox 1910 1793 2079 1840; x_wconf 84' lang='lat' dir='ltr'>quibus-</span> 
     </span>
     <span class='ocr_line' id='line_1_30' title="bbox 259 1851 2077 1902; baseline -0.006 -6"><span class='ocrx_word' id='word_1_269' title='bbox 259 1861 351 1896; x_wconf 86' lang='lat' dir='ltr'>dam</span> <span class='ocrx_word' id='word_1_270' title='bbox 368 1855 520 1901; x_wconf 87' lang='lat' dir='ltr'>apteris</span> <span class='ocrx_word' id='word_1_271' title='bbox 536 1854 722 1902; x_wconf 87' lang='lat' dir='ltr'>inimica,</span> <span class='ocrx_word' id='word_1_272' title='bbox 752 1854 846 1889; x_wconf 89' lang='lat' dir='ltr'>olim</span> <span class='ocrx_word' id='word_1_273' title='bbox 863 1855 1061 1889; x_wconf 81' lang='lat' dir='ltr'>adversus</span> <span class='ocrx_word' id='word_1_274' title='bbox 1078 1852 1163 1888; x_wconf 88' lang='lat' dir='ltr'>alvi</span> <span class='ocrx_word' id='word_1_275' title='bbox 1178 1852 1331 1889; x_wconf 84' lang='lat' dir='ltr'>fluxum</span> <span class='ocrx_word' id='word_1_276' title='bbox 1346 1851 1564 1888; x_wconf 85' lang='lat' dir='ltr'>adhibitae.</span> <span class='ocrx_word' id='word_1_277' title='bbox 2060 1872 2077 1877; x_wconf 70' lang='lat'>—</span> 
     </span>
    </p>
   </div>
   <div class='ocr_carea' id='block_1_6' title="bbox 259 1921 2121 2989">
    <p class='ocr_par' dir='ltr' id='par_1_6' title="bbox 259 1921 2121 2989">
     <span class='ocr_line' id='line_1_31' title="bbox 403 1921 2079 1972; baseline -0.002 -11"><span class='ocrx_word' id='word_1_278' title='bbox 403 1924 632 1972; x_wconf 68' lang='lat' dir='ltr'>Eupatoria·</span> <span class='ocrx_word' id='word_1_279' title='bbox 652 1922 883 1959; x_wconf 73' lang='lat' dir='ltr'>ecemmbz&#39;m‘</span> <span class='ocrx_word' id='word_1_280' title='bbox 904 1923 1047 1970; x_wconf 87' lang='lat' dir='ltr'>Linn.,</span> <span class='ocrx_word' id='word_1_281' title='bbox 1076 1925 1244 1966; x_wconf 89' lang='lat' dir='ltr'>plantae</span> <span class='ocrx_word' id='word_1_282' title='bbox 1265 1922 1459 1959; x_wconf 83' lang='lat' dir='ltr'>nostratis</span> <span class='ocrx_word' id='word_1_283' title='bbox 1487 1921 1729 1971; x_wconf 74' lang='lat' dir='ltr'>hygrobiae,</span> <span class='ocrx_word' id='word_1_284' title='bbox 1759 1924 1920 1966; x_wconf 88' lang='lat' dir='ltr'>praeter</span> <span class='ocrx_word' id='word_1_285' title='bbox 1945 1923 2079 1958; x_wconf 90' lang='lat' dir='ltr'>oleum</span> 
     </span>
     <span class='ocr_line' id='line_1_32' title="bbox 260 1970 2080 2028; baseline -0.004 -6"><span class='ocrx_word' id='word_1_286' title='bbox 260 1988 492 2024; x_wconf 86' lang='lat' dir='ltr'>aethereum</span> <span class='ocrx_word' id='word_1_287' title='bbox 522 1986 561 2019; x_wconf 84' lang='lat' dir='ltr'>et</span> <span class='ocrx_word' id='word_1_288' title='bbox 583 1982 781 2028; x_wconf 81' lang='lat' dir='ltr'>resinam,</span> <span class='ocrx_word' id='word_1_289' title='bbox 813 1980 1088 2018; x_wconf 86' lang='lat' dir='ltr'>substantiam</span> <span class='ocrx_word' id='word_1_290' title='bbox 1117 1988 1253 2016; x_wconf 90' lang='lat' dir='ltr'>acrem</span> <span class='ocrx_word' id='word_1_291' title='bbox 1281 1982 1320 2015; x_wconf 89' lang='lat' dir='ltr'>et</span> <span class='ocrx_word' id='word_1_292' title='bbox 1343 1988 1525 2015; x_wconf 86' lang='lat' dir='ltr'>amaram</span> <span class='ocrx_word' id='word_1_293' title='bbox 1550 1970 1903 2025; x_wconf 72' lang='lat' dir='ltr'>(Eup&#39;atorz‘nam)</span> <span class='ocrx_word' id='word_1_294' title='bbox 1931 1979 2080 2014; x_wconf 85' lang='lat' dir='ltr'>dubiae</span> 
     </span>
     <span class='ocr_line' id='line_1_33' title="bbox 259 2032 2079 2084; baseline -0.005 -5"><span class='ocrx_word' id='word_1_295' title='bbox 259 2047 431 2080; x_wconf 88' lang='lat' dir='ltr'>naturae</span> <span class='ocrx_word' id='word_1_296' title='bbox 455 2039 720 2084; x_wconf 82' lang='lat' dir='ltr'>continentis,</span> <span class='ocrx_word' id='word_1_297' title='bbox 752 2038 872 2074; x_wconf 78' lang='lat' dir='ltr'>radix</span> <span class='ocrx_word' id='word_1_298' title='bbox 894 2041 933 2073; x_wconf 84' lang='lat' dir='ltr'>et</span> <span class='ocrx_word' id='word_1_299' title='bbox 955 2039 1081 2073; x_wconf 87' lang='lat' dir='ltr'>herba</span> <span class='ocrx_word' id='word_1_300' title='bbox 1106 2034 1259 2080; x_wconf 66' lang='lat' dir='ltr'>(radix</span> <span class='ocrx_word' id='word_1_301' title='bbox 1283 2039 1322 2072; x_wconf 90' lang='lat' dir='ltr'>et</span> <span class='ocrx_word' id='word_1_302' title='bbox 1345 2033 1477 2070; x_wconf 76' lang='lat' dir='ltr'>herba</span> <span class='ocrx_word' id='word_1_303' title='bbox 1498 2032 1734 2081; x_wconf 62' lang='lat' dir='ltr'>Eupatoria·</span> <span class='ocrx_word' id='word_1_304' title='bbox 1745 2046 1784 2072; x_wconf 88' lang='lat' dir='ltr'>v.</span> <span class='ocrx_word' id='word_1_305' title='bbox 1805 2033 2079 2070; x_wconf 71' lang='lat' dir='ltr'>Cannabinae</span> 
     </span>
     <span class='ocr_line' id='line_1_34' title="bbox 261 2092 2080 2147; baseline -0.004 -12"><span class='ocrx_word' id='word_1_306' title='bbox 261 2096 494 2147; x_wconf 74' lang='lat' dir='ltr'>aquaticae</span> <span class='ocrx_word' id='word_1_307' title='bbox 516 2106 549 2134; x_wconf 91' lang='lat' dir='ltr'>s.</span> <span class='ocrx_word' id='word_1_308' title='bbox 575 2093 635 2131; x_wconf 77' lang='lat' dir='ltr'>Sc.</span> <span class='ocrx_word' id='word_1_309' title='bbox 657 2092 946 2140; x_wconf 73' lang='lat' dir='ltr'>Cum’gumlae)</span> <span class='ocrx_word' id='word_1_310' title='bbox 973 2097 1020 2129; x_wconf 90' lang='lat' dir='ltr'>ob</span> <span class='ocrx_word' id='word_1_311' title='bbox 1042 2093 1233 2130; x_wconf 83' lang='lat' dir='ltr'>virtutem</span> <span class='ocrx_word' id='word_1_312' title='bbox 1255 2095 1498 2140; x_wconf 81' lang='lat' dir='ltr'>solventem,</span> <span class='ocrx_word' id='word_1_313' title='bbox 1528 2092 1571 2128; x_wconf 93' lang='lat' dir='ltr'>in</span> <span class='ocrx_word' id='word_1_314' title='bbox 1593 2093 1738 2136; x_wconf 87' lang='lat' dir='ltr'>majori</span> <span class='ocrx_word' id='word_1_315' title='bbox 1759 2092 1849 2129; x_wconf 89' lang='lat' dir='ltr'>dosi</span> <span class='ocrx_word' id='word_1_316' title='bbox 1870 2092 2080 2128; x_wconf 85' lang='lat' dir='ltr'>emeticam</span> 
     </span>
     <span class='ocr_line' id='line_1_35' title="bbox 261 2149 2081 2200; baseline -0.004 -7"><span class='ocrx_word' id='word_1_317' title='bbox 261 2161 299 2193; x_wconf 91' lang='lat' dir='ltr'>et</span> <span class='ocrx_word' id='word_1_318' title='bbox 323 2156 558 2200; x_wconf 84' lang='lat' dir='ltr'>purgantem</span> <span class='ocrx_word' id='word_1_319' title='bbox 581 2152 678 2188; x_wconf 89' lang='lat' dir='ltr'>olim</span> <span class='ocrx_word' id='word_1_320' title='bbox 701 2160 727 2188; x_wconf 86' lang='lat' dir='ltr'>a</span> <span class='ocrx_word' id='word_1_321' title='bbox 749 2151 917 2187; x_wconf 88' lang='lat' dir='ltr'>medicis</span> <span class='ocrx_word' id='word_1_322' title='bbox 940 2150 1136 2186; x_wconf 78' lang='lat' dir='ltr'>adhibita.</span> <span class='ocrx_word' id='word_1_323' title='bbox 1194 2149 1449 2194; x_wconf 74' lang='lat' dir='ltr'>congeneres</span> <span class='ocrx_word' id='word_1_324' title='bbox 1472 2149 1731 2185; x_wconf 84' lang='lat' dir='ltr'>americanae</span> <span class='ocrx_word' id='word_1_325' title='bbox 1744 2149 1948 2186; x_wconf 87' lang='lat' dir='ltr'>intensius</span> <span class='ocrx_word' id='word_1_326' title='bbox 1967 2157 2081 2185; x_wconf 83' lang='lat' dir='ltr'>ama—</span> 
     </span>
     <span class='ocr_line' id='line_1_36' title="bbox 260 2203 2085 2259; baseline -0.006 -10"><span class='ocrx_word' id='word_1_327' title='bbox 260 2223 353 2259; x_wconf 83' lang='lat' dir='ltr'>rae,</span> <span class='ocrx_word' id='word_1_328' title='bbox 383 2210 598 2247; x_wconf 84' lang='lat' dir='ltr'>medicinis</span> <span class='ocrx_word' id='word_1_329' title='bbox 621 2208 829 2244; x_wconf 83' lang='lat' dir='ltr'>diureticis</span> <span class='ocrx_word' id='word_1_330' title='bbox 850 2211 887 2243; x_wconf 88' lang='lat' dir='ltr'>et</span> <span class='ocrx_word' id='word_1_331' title='bbox 911 2205 1199 2250; x_wconf 85' lang='lat' dir='ltr'>diaphoreticis</span> <span class='ocrx_word' id='word_1_332' title='bbox 1223 2208 1552 2242; x_wconf 87' lang='lat' dir='ltr'>adnumerantur.</span> <span class='ocrx_word' id='word_1_333' title='bbox 1603 2203 1839 2251; x_wconf 68' lang='lat' dir='ltr'>Eupatoriae·</span> <span class='ocrx_word' id='word_1_334' title='bbox 1851 2203 2085 2254; x_wconf 73' lang='lat' dir='ltr'>perfolz‘ati</span> 
     </span>
     <span class='ocr_line' id='line_1_37' title="bbox 260 2262 2079 2311; baseline -0.005 -5"><span class='ocrx_word' id='word_1_335' title='bbox 260 2271 381 2307; x_wconf 91' lang='lat' dir='ltr'>Linn.</span> <span class='ocrx_word' id='word_1_336' title='bbox 399 2266 547 2311; x_wconf 80' lang='lat' dir='ltr'>(vulgo</span> <span class='ocrx_word' id='word_1_337' title='bbox 556 2264 768 2311; x_wconf 78' lang='lat' dir='ltr'>BoneseO,</span> <span class='ocrx_word' id='word_1_338' title='bbox 790 2266 940 2300; x_wconf 87' lang='lat' dir='ltr'>herbae</span> <span class='ocrx_word' id='word_1_339' title='bbox 954 2263 1406 2310; x_wconf 86' lang='lat' dir='ltr'>boreali—americanae,</span> <span class='ocrx_word' id='word_1_340' title='bbox 1432 2264 1638 2299; x_wconf 87' lang='lat' dir='ltr'>decoctum</span> <span class='ocrx_word' id='word_1_341' title='bbox 1654 2271 1837 2298; x_wconf 88' lang='lat' dir='ltr'>amarum</span> <span class='ocrx_word' id='word_1_342' title='bbox 1854 2262 2079 2306; x_wconf 82' lang='lat' dir='ltr'>emeticum,</span> 
     </span>
     <span class='ocr_line' id='line_1_38' title="bbox 261 2315 2082 2366; baseline -0.004 -4"><span class='ocrx_word' id='word_1_343' title='bbox 261 2325 519 2364; x_wconf 84' lang='lat' dir='ltr'>sudorificum</span> <span class='ocrx_word' id='word_1_344' title='bbox 536 2326 574 2358; x_wconf 86' lang='lat' dir='ltr'>et</span> <span class='ocrx_word' id='word_1_345' title='bbox 590 2321 835 2364; x_wconf 84' lang='lat' dir='ltr'>febrifugum</span> <span class='ocrx_word' id='word_1_346' title='bbox 852 2320 1040 2356; x_wconf 85' lang='lat' dir='ltr'>creditur.</span> <span class='ocrx_word' id='word_1_347' title='bbox 1084 2316 1369 2365; x_wconf 71' lang='lat' dir='ltr'>Eupatorium</span> <span class='ocrx_word' id='word_1_348' title='bbox 1388 2315 1600 2366; x_wconf 74' lang='lat' dir='ltr'>Ayapcma</span> <span class='ocrx_word' id='word_1_349' title='bbox 1614 2320 1749 2365; x_wconf 88' lang='lat' dir='ltr'>Vent.,</span> <span class='ocrx_word' id='word_1_350' title='bbox 1779 2321 1923 2362; x_wconf 87' lang='lat' dir='ltr'>planta</span> <span class='ocrx_word' id='word_1_351' title='bbox 1939 2319 1990 2355; x_wconf 87' lang='lat' dir='ltr'>ad</span> <span class='ocrx_word' id='word_1_352' title='bbox 2006 2318 2082 2354; x_wconf 84' lang='lat' dir='ltr'>ssu-</span> 
     </span>
     <span class='ocr_line' id='line_1_39' title="bbox 261 2373 2103 2424; baseline -0.005 -5"><span class='ocrx_word' id='word_1_353' title='bbox 261 2384 374 2419; x_wconf 73' lang='lat' dir='ltr'>vium</span> <span class='ocrx_word' id='word_1_354' title='bbox 389 2383 644 2417; x_wconf 82' lang='lat' dir='ltr'>Amazonum</span> <span class='ocrx_word' id='word_1_355' title='bbox 659 2377 875 2415; x_wconf 86' lang='lat' dir='ltr'>Americae</span> <span class='ocrx_word' id='word_1_356' title='bbox 890 2380 1137 2423; x_wconf 85' lang='lat' dir='ltr'>spontanea,</span> <span class='ocrx_word' id='word_1_357' title='bbox 1168 2383 1277 2412; x_wconf 88' lang='lat' dir='ltr'>nunc</span> <span class='ocrx_word' id='word_1_358' title='bbox 1292 2386 1364 2419; x_wconf 89' lang='lat' dir='ltr'>per</span> <span class='ocrx_word' id='word_1_359' title='bbox 1379 2376 1555 2419; x_wconf 85' lang='lat' dir='ltr'>tropicos</span> <span class='ocrx_word' id='word_1_360' title='bbox 1571 2375 1692 2411; x_wconf 88' lang='lat' dir='ltr'>totius</span> <span class='ocrx_word' id='word_1_361' title='bbox 1707 2373 1816 2411; x_wconf 89' lang='lat' dir='ltr'>orbis</span> <span class='ocrx_word' id='word_1_362' title='bbox 1839 2377 2079 2419; x_wconf 80' lang='lat' dir='ltr'>propagata.</span> <span class='ocrx_word' id='word_1_363' title='bbox 2094 2418 2103 2424; x_wconf 53' lang='lat'>.</span> 
     </span>
     <span class='ocr_line' id='line_1_40' title="bbox 263 2430 2082 2481; baseline -0.005 -5"><span class='ocrx_word' id='word_1_364' title='bbox 263 2438 413 2476; x_wconf 84' lang='lat' dir='ltr'>eximie</span> <span class='ocrx_word' id='word_1_365' title='bbox 442 2435 677 2481; x_wconf 85' lang='lat' dir='ltr'>sudorifica,</span> <span class='ocrx_word' id='word_1_366' title='bbox 715 2433 911 2470; x_wconf 89' lang='lat' dir='ltr'>tutissimi</span> <span class='ocrx_word' id='word_1_367' title='bbox 941 2434 1141 2469; x_wconf 86' lang='lat' dir='ltr'>adversus</span> <span class='ocrx_word' id='word_1_368' title='bbox 1170 2432 1412 2468; x_wconf 89' lang='lat' dir='ltr'>animalium</span> <span class='ocrx_word' id='word_1_369' title='bbox 1440 2435 1733 2468; x_wconf 83' lang='lat' dir='ltr'>venenatorum</span> <span class='ocrx_word' id='word_1_370' title='bbox 1761 2431 1885 2467; x_wconf 87' lang='lat' dir='ltr'>ictum</span> <span class='ocrx_word' id='word_1_371' title='bbox 1914 2430 2082 2467; x_wconf 84' lang='lat' dir='ltr'>remedii</span> 
     </span>
     <span class='ocr_line' id='line_1_41' title="bbox 264 2486 2079 2534; baseline -0.005 -2"><span class='ocrx_word' id='word_1_372' title='bbox 264 2497 376 2532; x_wconf 80' lang='lat' dir='ltr'>fama</span> <span class='ocrx_word' id='word_1_373' title='bbox 405 2494 447 2529; x_wconf 91' lang='lat' dir='ltr'>in</span> <span class='ocrx_word' id='word_1_374' title='bbox 476 2497 647 2534; x_wconf 90' lang='lat' dir='ltr'>utraque</span> <span class='ocrx_word' id='word_1_375' title='bbox 675 2491 793 2526; x_wconf 85' lang='lat' dir='ltr'>India</span> <span class='ocrx_word' id='word_1_376' title='bbox 822 2490 944 2526; x_wconf 78' lang='lat' dir='ltr'>floret.</span> <span class='ocrx_word' id='word_1_377' title='bbox 1004 2488 1140 2524; x_wconf 89' lang='lat' dir='ltr'>Etiam</span> <span class='ocrx_word' id='word_1_378' title='bbox 1163 2486 1382 2523; x_wconf 70' lang='lat' dir='ltr'>Mz&#39;lcam&#39;cze</span> <span class='ocrx_word' id='word_1_379' title='bbox 1404 2488 1839 2524; x_wconf 87' lang='lat' dir='ltr'>austro-americanae</span> <span class='ocrx_word' id='word_1_380' title='bbox 1868 2488 2079 2534; x_wconf 86' lang='lat' dir='ltr'>quaedam,</span> 
     </span>
     <span class='ocr_line' id='line_1_42' title="bbox 261 2542 2121 2596; baseline -0.005 -8"><span class='ocrx_word' id='word_1_381' title='bbox 261 2549 499 2596; x_wconf 84' lang='lat' dir='ltr'>Eupatoriis</span> <span class='ocrx_word' id='word_1_382' title='bbox 515 2551 625 2584; x_wconf 88' lang='lat' dir='ltr'>arcte</span> <span class='ocrx_word' id='word_1_383' title='bbox 641 2546 805 2593; x_wconf 81' lang='lat' dir='ltr'>affines,</span> <span class='ocrx_word' id='word_1_384' title='bbox 836 2546 1195 2588; x_wconf 86' lang='lat' dir='ltr'>alexipharmacae</span> <span class='ocrx_word' id='word_1_385' title='bbox 1209 2547 1420 2582; x_wconf 86' lang='lat' dir='ltr'>habentur.</span> <span class='ocrx_word' id='word_1_386' title='bbox 1480 2543 1698 2579; x_wconf 60' lang='lat' dir='ltr'>Mil-anime</span> <span class='ocrx_word' id='word_1_387' title='bbox 1717 2542 1863 2579; x_wconf 77' lang='lat' dir='ltr'>Gnaeo</span> <span class='ocrx_word' id='word_1_388' title='bbox 1881 2546 2025 2581; x_wconf 89' lang='lat' dir='ltr'>Humb.</span> <span class='ocrx_word' id='word_1_389' title='bbox 2044 2548 2084 2579; x_wconf 72' lang='lat' dir='ltr'>et</span> <span class='ocrx_word' id='word_1_390' title='bbox 2115 2560 2121 2561; x_wconf 29' lang='lat' dir='ltr'><em>ff</em></span> 
     </span>
     <span class='ocr_line' id='line_1_43' title="bbox 263 2600 2082 2652; baseline -0.006 -7"><span class='ocrx_word' id='word_1_391' title='bbox 263 2610 408 2652; x_wconf 79' lang='lat' dir='ltr'>Bonpl.</span> <span class='ocrx_word' id='word_1_392' title='bbox 433 2604 595 2649; x_wconf 82' lang='lat' dir='ltr'>[Guaco</span> <span class='ocrx_word' id='word_1_393' title='bbox 612 2613 644 2640; x_wconf 91' lang='lat' dir='ltr'>s.</span> <span class='ocrx_word' id='word_1_394' title='bbox 662 2603 828 2648; x_wconf 83' lang='lat' dir='ltr'>Huaco]</span> <span class='ocrx_word' id='word_1_395' title='bbox 851 2606 890 2638; x_wconf 85' lang='lat' dir='ltr'>et</span> <span class='ocrx_word' id='word_1_396' title='bbox 905 2600 1123 2637; x_wconf 65' lang='lat' dir='ltr'>Mil-auiae</span> <span class='ocrx_word' id='word_1_397' title='bbox 1140 2600 1334 2649; x_wconf 75' lang='lat' dir='ltr'>opzferae</span> <span class='ocrx_word' id='word_1_398' title='bbox 1350 2605 1469 2639; x_wconf 86' lang='lat' dir='ltr'>Mart..</span> <span class='ocrx_word' id='word_1_399' title='bbox 1494 2600 1627 2645; x_wconf 82' lang='lat' dir='ltr'>[Erba</span> <span class='ocrx_word' id='word_1_400' title='bbox 1643 2603 1690 2637; x_wconf 87' lang='lat' dir='ltr'>de</span> <span class='ocrx_word' id='word_1_401' title='bbox 1706 2600 1860 2645; x_wconf 81' lang='lat' dir='ltr'>Cobra]</span> <span class='ocrx_word' id='word_1_402' title='bbox 1878 2609 1927 2637; x_wconf 88' lang='lat' dir='ltr'>ea</span> <span class='ocrx_word' id='word_1_403' title='bbox 1941 2600 2082 2644; x_wconf 86' lang='lat' dir='ltr'>impri-</span> 
     </span>
     <span class='ocr_line' id='line_1_44' title="bbox 263 2656 2082 2704; baseline -0.005 -3"><span class='ocrx_word' id='word_1_404' title='bbox 263 2665 342 2702; x_wconf 85' lang='lat' dir='ltr'>mis</span> <span class='ocrx_word' id='word_1_405' title='bbox 365 2667 460 2700; x_wconf 87' lang='lat' dir='ltr'>laus</span> <span class='ocrx_word' id='word_1_406' title='bbox 484 2664 558 2698; x_wconf 88' lang='lat' dir='ltr'>est.</span> <span class='ocrx_word' id='word_1_407' title='bbox 616 2659 782 2703; x_wconf 86' lang='lat' dir='ltr'>Stipites</span> <span class='ocrx_word' id='word_1_408' title='bbox 806 2668 858 2695; x_wconf 86' lang='lat' dir='ltr'>ex</span> <span class='ocrx_word' id='word_1_409' title='bbox 872 2658 1066 2695; x_wconf 90' lang='lat' dir='ltr'>America</span> <span class='ocrx_word' id='word_1_410' title='bbox 1086 2658 1249 2694; x_wconf 89' lang='lat' dir='ltr'>nomine</span> <span class='ocrx_word' id='word_1_411' title='bbox 1268 2656 1414 2693; x_wconf 79' lang='lat' dir='ltr'>Gnaeo</span> <span class='ocrx_word' id='word_1_412' title='bbox 1438 2668 1568 2702; x_wconf 83' lang='lat' dir='ltr'>nuper</span> <span class='ocrx_word' id='word_1_413' title='bbox 1590 2658 1772 2704; x_wconf 82' lang='lat' dir='ltr'>advecti,</span> <span class='ocrx_word' id='word_1_414' title='bbox 1803 2661 1842 2693; x_wconf 88' lang='lat' dir='ltr'>et</span> <span class='ocrx_word' id='word_1_415' title='bbox 1857 2657 1962 2693; x_wconf 90' lang='lat' dir='ltr'>inter</span> <span class='ocrx_word' id='word_1_416' title='bbox 1977 2657 2082 2693; x_wconf 82' lang='lat' dir='ltr'>Cho-</span> 
     </span>
     <span class='ocr_line' id='line_1_45' title="bbox 262 2713 2082 2764; baseline -0.005 -6"><span class='ocrx_word' id='word_1_417' title='bbox 262 2725 376 2759; x_wconf 86' lang='lat' dir='ltr'>]erae</span> <span class='ocrx_word' id='word_1_418' title='bbox 392 2718 593 2756; x_wconf 87' lang='lat' dir='ltr'>asiaticae</span> <span class='ocrx_word' id='word_1_419' title='bbox 609 2717 788 2752; x_wconf 86' lang='lat' dir='ltr'>remedia</span> <span class='ocrx_word' id='word_1_420' title='bbox 802 2715 1043 2764; x_wconf 83' lang='lat' dir='ltr'>praedicati,</span> <span class='ocrx_word' id='word_1_421' title='bbox 1061 2715 1196 2751; x_wconf 90' lang='lat' dir='ltr'>sintne</span> <span class='ocrx_word' id='word_1_422' title='bbox 1213 2725 1234 2751; x_wconf 92' lang='lat' dir='ltr'>e</span> <span class='ocrx_word' id='word_1_423' title='bbox 1250 2715 1460 2751; x_wconf 87' lang='lat' dir='ltr'>Mikaniae</span> <span class='ocrx_word' id='word_1_424' title='bbox 1477 2714 1627 2758; x_wconf 85' lang='lat' dir='ltr'>specie,</span> <span class='ocrx_word' id='word_1_425' title='bbox 1650 2724 1705 2751; x_wconf 83' lang='lat' dir='ltr'>an</span> <span class='ocrx_word' id='word_1_426' title='bbox 1721 2724 1773 2750; x_wconf 83' lang='lat' dir='ltr'>ex</span> <span class='ocrx_word' id='word_1_427' title='bbox 1789 2713 1874 2750; x_wconf 86' lang='lat' dir='ltr'>alia</span> <span class='ocrx_word' id='word_1_428' title='bbox 1889 2722 2082 2756; x_wconf 86' lang='lat' dir='ltr'>quacum-</span> 
     </span>
     <span class='ocr_line' id='line_1_46' title="bbox 265 2769 2111 2822; baseline -0.006 -7"><span class='ocrx_word' id='word_1_429' title='bbox 265 2788 342 2822; x_wconf 85' lang='lat' dir='ltr'>que</span> <span class='ocrx_word' id='word_1_430' title='bbox 366 2779 509 2821; x_wconf 82' lang='lat' dir='ltr'>planta</span> <span class='ocrx_word' id='word_1_431' title='bbox 532 2773 725 2820; x_wconf 80' lang='lat' dir='ltr'>desuniti,</span> <span class='ocrx_word' id='word_1_432' title='bbox 758 2773 922 2808; x_wconf 87' lang='lat' dir='ltr'>dubium</span> <span class='ocrx_word' id='word_1_433' title='bbox 939 2776 1011 2808; x_wconf 86' lang='lat' dir='ltr'>est.</span> <span class='ocrx_word' id='word_1_434' title='bbox 1070 2769 1266 2807; x_wconf 48' lang='lat' dir='ltr'>Mitt—ania</span> <span class='ocrx_word' id='word_1_435' title='bbox 1282 2769 1517 2820; x_wconf 70' lang='lat' dir='ltr'>officinalis</span> <span class='ocrx_word' id='word_1_436' title='bbox 1535 2774 1655 2807; x_wconf 87' lang='lat' dir='ltr'>Mart.</span> <span class='ocrx_word' id='word_1_437' title='bbox 1673 2769 1876 2820; x_wconf 70' lang='lat' dir='ltr'>(Coracao</span> <span class='ocrx_word' id='word_1_438' title='bbox 1893 2771 1942 2805; x_wconf 89' lang='lat' dir='ltr'>de</span> <span class='ocrx_word' id='word_1_439' title='bbox 1956 2769 2081 2815; x_wconf 82' lang='lat' dir='ltr'>Jesu]</span> <span class='ocrx_word' id='word_1_440' title='bbox 2108 2808 2111 2811; x_wconf 55' lang='grc'><strong>,</strong></span> 
     </span>
     <span class='ocr_line' id='line_1_47' title="bbox 263 2825 2080 2880; baseline -0.005 -9"><span class='ocrx_word' id='word_1_441' title='bbox 263 2838 408 2880; x_wconf 86' lang='lat' dir='ltr'>planta</span> <span class='ocrx_word' id='word_1_442' title='bbox 424 2830 670 2869; x_wconf 88' lang='lat' dir='ltr'>aromatico-</span> <span class='ocrx_word' id='word_1_443' title='bbox 682 2833 823 2865; x_wconf 79' lang='lat' dir='ltr'>amara</span> <span class='ocrx_word' id='word_1_444' title='bbox 839 2830 947 2872; x_wconf 87' lang='lat' dir='ltr'>apud</span> <span class='ocrx_word' id='word_1_445' title='bbox 961 2828 1239 2864; x_wconf 87' lang='lat' dir='ltr'>Brasilienses</span> <span class='ocrx_word' id='word_1_446' title='bbox 1256 2828 1510 2864; x_wconf 83' lang='lat' dir='ltr'>Cascarillae</span> <span class='ocrx_word' id='word_1_447' title='bbox 1526 2830 1564 2863; x_wconf 87' lang='lat' dir='ltr'>et</span> <span class='ocrx_word' id='word_1_448' title='bbox 1580 2827 1733 2863; x_wconf 85' lang='lat' dir='ltr'>Chinae</span> <span class='ocrx_word' id='word_1_449' title='bbox 1748 2828 1838 2861; x_wconf 89' lang='lat' dir='ltr'>loco</span> <span class='ocrx_word' id='word_1_450' title='bbox 1854 2825 2080 2862; x_wconf 87' lang='lat' dir='ltr'>adhibetur.</span> 
     </span>
     <span class='ocr_line' id='line_1_48' title="bbox 265 2879 2082 2933; baseline -0.006 -7"><span class='ocrx_word' id='word_1_451' title='bbox 265 2887 508 2926; x_wconf 63' lang='lat' dir='ltr'>Baccharv&#39;s</span> <span class='ocrx_word' id='word_1_452' title='bbox 536 2883 847 2933; x_wconf 63' lang='lat' dir='ltr'>genistellm‘des</span> <span class='ocrx_word' id='word_1_453' title='bbox 876 2887 990 2921; x_wconf 90' lang='lat' dir='ltr'>Pers.</span> <span class='ocrx_word' id='word_1_454' title='bbox 1022 2883 1273 2929; x_wconf 69' lang='lat' dir='ltr'>[carquejaj</span> <span class='ocrx_word' id='word_1_455' title='bbox 1306 2888 1345 2920; x_wconf 82' lang='lat' dir='ltr'>et</span> <span class='ocrx_word' id='word_1_456' title='bbox 1370 2880 1776 2928; x_wconf 72' lang='lat' dir='ltr'>Acanthospermmn</span> <span class='ocrx_word' id='word_1_457' title='bbox 1806 2879 2082 2916; x_wconf 56' lang='lat' dir='ltr'>anathemes</span> 
     </span>
     <span class='ocr_line' id='line_1_49' title="bbox 265 2938 1911 2989; baseline -0.007 -4"><span class='ocrx_word' id='word_1_458' title='bbox 265 2949 418 2985; x_wconf 81' lang='lat' dir='ltr'>Kuntli.</span> <span class='ocrx_word' id='word_1_459' title='bbox 435 2944 588 2989; x_wconf 79' lang='lat' dir='ltr'>(Picao</span> <span class='ocrx_word' id='word_1_460' title='bbox 605 2944 656 2978; x_wconf 88' lang='lat' dir='ltr'>da</span> <span class='ocrx_word' id='word_1_461' title='bbox 672 2942 826 2989; x_wconf 83' lang='lat' dir='ltr'>praya]</span> <span class='ocrx_word' id='word_1_462' title='bbox 843 2945 893 2978; x_wconf 87' lang='lat' dir='ltr'>ab</span> <span class='ocrx_word' id='word_1_463' title='bbox 908 2941 1166 2977; x_wconf 85' lang='lat' dir='ltr'>Americanis</span> <span class='ocrx_word' id='word_1_464' title='bbox 1182 2939 1334 2983; x_wconf 87' lang='lat' dir='ltr'>plantis</span> <span class='ocrx_word' id='word_1_465' title='bbox 1350 2938 1567 2983; x_wconf 84' lang='lat' dir='ltr'>febrifugis</span> <span class='ocrx_word' id='word_1_466' title='bbox 1582 2940 1911 2975; x_wconf 87' lang='lat' dir='ltr'>adnumerantur.</span> 
     </span>
    </p>
   </div>
   <div class='ocr_carea' id='block_1_7' title="bbox 265 3006 2083 3232">
    <p class='ocr_par' dir='ltr' id='par_1_7' title="bbox 265 3006 2083 3232">
     <span class='ocr_line' id='line_1_50' title="bbox 385 3006 2083 3060; baseline -0.004 -9"><span class='ocrx_word' id='word_1_467' title='bbox 385 3012 665 3059; x_wconf 74' lang='lat' dir='ltr'>Tussilagz‘m&#39;s</span> <span class='ocrx_word' id='word_1_468' title='bbox 681 3008 907 3060; x_wconf 74' lang='lat' dir='ltr'>Farfarae</span> <span class='ocrx_word' id='word_1_469' title='bbox 929 3011 1051 3047; x_wconf 90' lang='lat' dir='ltr'>Linn.</span> <span class='ocrx_word' id='word_1_470' title='bbox 1076 3009 1320 3057; x_wconf 81' lang='lat' dir='ltr'>(Huflattig,</span> <span class='ocrx_word' id='word_1_471' title='bbox 1352 3006 1522 3057; x_wconf 76' lang='grc' dir='ltr'><em>βέχιον)</em></span> <span class='ocrx_word' id='word_1_472' title='bbox 1545 3018 1662 3045; x_wconf 90' lang='lat' dir='ltr'>muco</span> <span class='ocrx_word' id='word_1_473' title='bbox 1686 3008 1817 3045; x_wconf 87' lang='lat' dir='ltr'>amari</span> <span class='ocrx_word' id='word_1_474' title='bbox 1838 3008 1904 3045; x_wconf 92' lang='lat' dir='ltr'>cui</span> <span class='ocrx_word' id='word_1_475' title='bbox 1927 3007 2083 3052; x_wconf 85' lang='lat' dir='ltr'>aliquid</span> 
     </span>
     <span class='ocr_line' id='line_1_51' title="bbox 268 3065 2080 3117; baseline -0.006 -6"><span class='ocrx_word' id='word_1_476' title='bbox 268 3070 560 3117; x_wconf 81' lang='lat' dir='ltr'>adstringentis</span> <span class='ocrx_word' id='word_1_477' title='bbox 592 3068 815 3105; x_wconf 83' lang='lat' dir='ltr'>admixtum</span> <span class='ocrx_word' id='word_1_478' title='bbox 839 3071 920 3115; x_wconf 85' lang='lat' dir='ltr'>est,</span> <span class='ocrx_word' id='word_1_479' title='bbox 951 3067 1122 3102; x_wconf 86' lang='lat' dir='ltr'>refertae</span> <span class='ocrx_word' id='word_1_480' title='bbox 1145 3066 1307 3109; x_wconf 86' lang='lat' dir='ltr'>quidam</span> <span class='ocrx_word' id='word_1_481' title='bbox 1329 3066 1434 3102; x_wconf 89' lang='lat' dir='ltr'>inter</span> <span class='ocrx_word' id='word_1_482' title='bbox 1456 3068 1619 3109; x_wconf 83' lang='lat' dir='ltr'>plantas</span> <span class='ocrx_word' id='word_1_483' title='bbox 1642 3066 1858 3108; x_wconf 82' lang='lat' dir='ltr'>indigenas</span> <span class='ocrx_word' id='word_1_484' title='bbox 1879 3065 2080 3101; x_wconf 86' lang='lat' dir='ltr'>lenientes</span> 
     </span>
     <span class='ocr_line' id='line_1_52' title="bbox 265 3122 2081 3172; baseline -0.007 -4"><span class='ocrx_word' id='word_1_485' title='bbox 265 3140 382 3168; x_wconf 85' lang='lat' dir='ltr'>usus.</span> <span class='ocrx_word' id='word_1_486' title='bbox 438 3123 690 3163; x_wconf 66' lang='lat' dir='ltr'>Petasz‘tz‘dzs</span> <span class='ocrx_word' id='word_1_487' title='bbox 712 3122 902 3170; x_wconf 74' lang='lat' dir='ltr'>vulgaris</span> <span class='ocrx_word' id='word_1_488' title='bbox 917 3122 1031 3159; x_wconf 84' lang='lat' dir='ltr'>Desf.</span> <span class='ocrx_word' id='word_1_489' title='bbox 1052 3125 1219 3166; x_wconf 84' lang='lat' dir='ltr'>plantae</span> <span class='ocrx_word' id='word_1_490' title='bbox 1236 3122 1454 3171; x_wconf 88' lang='lat' dir='ltr'>solventis,</span> <span class='ocrx_word' id='word_1_491' title='bbox 1478 3122 1736 3172; x_wconf 80' lang='lat' dir='ltr'>sudorilicae,</span> <span class='ocrx_word' id='word_1_492' title='bbox 1754 3129 2081 3166; x_wconf 84' lang='lat' dir='ltr'>emmenagogae,</span> 
     </span>
     <span class='ocr_line' id='line_1_53' title="bbox 266 3182 1437 3232; baseline -0.007 -8"><span class='ocrx_word' id='word_1_493' title='bbox 266 3188 311 3223; x_wconf 90' lang='lat' dir='ltr'>in</span> <span class='ocrx_word' id='word_1_494' title='bbox 326 3184 564 3232; x_wconf 83' lang='lat' dir='ltr'>pestilentia</span> <span class='ocrx_word' id='word_1_495' title='bbox 578 3182 674 3219; x_wconf 90' lang='lat' dir='ltr'>olim</span> <span class='ocrx_word' id='word_1_496' title='bbox 691 3182 1013 3230; x_wconf 82' lang='lat' dir='ltr'>commendatae,</span> <span class='ocrx_word' id='word_1_497' title='bbox 1043 3188 1146 3216; x_wconf 90' lang='lat' dir='ltr'>usus</span> <span class='ocrx_word' id='word_1_498' title='bbox 1163 3182 1345 3215; x_wconf 83' lang='lat' dir='ltr'>exoletus</span> <span class='ocrx_word' id='word_1_499' title='bbox 1362 3182 1437 3216; x_wconf 86' lang='lat' dir='ltr'>est.</span> 
     </span>
    </p>
   </div>
   <div class='ocr_carea' id='block_1_8' title="bbox 268 3246 2082 3406">
    <p class='ocr_par' dir='ltr' id='par_1_8' title="bbox 268 3246 2082 3406">
     <span class='ocr_line' id='line_1_54' title="bbox 408 3246 2082 3296; baseline -0.004 -6"><span class='ocrx_word' id='word_1_500' title='bbox 408 3249 641 3290; x_wconf 59' lang='lat' dir='ltr'>Hemnatae·</span> <span class='ocrx_word' id='word_1_501' title='bbox 661 3249 848 3287; x_wconf 72' lang='lat' dir='ltr'>tuberosz·</span> <span class='ocrx_word' id='word_1_502' title='bbox 866 3248 912 3287; x_wconf 86' lang='lat' dir='ltr'>L.</span> <span class='ocrx_word' id='word_1_503' title='bbox 935 3248 1280 3295; x_wconf 81' lang='lat' dir='ltr'>(Tobinamb0ur]</span> <span class='ocrx_word' id='word_1_504' title='bbox 1304 3252 1468 3294; x_wconf 86' lang='lat' dir='ltr'>plantae</span> <span class='ocrx_word' id='word_1_505' title='bbox 1491 3247 1772 3296; x_wconf 84' lang='lat' dir='ltr'>brasiliensis,</span> <span class='ocrx_word' id='word_1_506' title='bbox 1801 3256 1910 3284; x_wconf 90' lang='lat' dir='ltr'>nunc</span> <span class='ocrx_word' id='word_1_507' title='bbox 1925 3246 2082 3292; x_wconf 87' lang='lat' dir='ltr'>passim</span> 
     </span>
     <span class='ocr_line' id='line_1_55' title="bbox 269 3306 2081 3358; baseline -0.007 -8"><span class='ocrx_word' id='word_1_508' title='bbox 269 3315 311 3350; x_wconf 87' lang='lat' dir='ltr'>in</span> <span class='ocrx_word' id='word_1_509' title='bbox 331 3314 498 3356; x_wconf 78' lang='lat' dir='ltr'>Europa</span> <span class='ocrx_word' id='word_1_510' title='bbox 527 3312 681 3358; x_wconf 86' lang='lat' dir='ltr'>cultae,</span> <span class='ocrx_word' id='word_1_511' title='bbox 713 3311 855 3345; x_wconf 87' lang='lat' dir='ltr'>tubera</span> <span class='ocrx_word' id='word_1_512' title='bbox 878 3309 1108 3355; x_wconf 86' lang='lat' dir='ltr'>esculenta,</span> <span class='ocrx_word' id='word_1_513' title='bbox 1141 3307 1299 3355; x_wconf 87' lang='lat' dir='ltr'>dulcia,</span> <span class='ocrx_word' id='word_1_514' title='bbox 1331 3307 1451 3343; x_wconf 89' lang='lat' dir='ltr'>odore</span> <span class='ocrx_word' id='word_1_515' title='bbox 1471 3314 1699 3354; x_wconf 83' lang='lat' dir='ltr'>nauseosa,</span> <span class='ocrx_word' id='word_1_516' title='bbox 1729 3306 2081 3341; x_wconf 85' lang='lat' dir='ltr'>muco-saccharo</span> 
     </span>
     <span class='ocr_line' id='line_1_56' title="bbox 268 3367 661 3406; baseline -0.01 -1"><span class='ocrx_word' id='word_1_517' title='bbox 268 3375 307 3405; x_wconf 82' lang='lat' dir='ltr'>et</span> <span class='ocrx_word' id='word_1_518' title='bbox 320 3369 484 3406; x_wconf 89' lang='lat' dir='ltr'>Inulina</span> <span class='ocrx_word' id='word_1_519' title='bbox 498 3367 661 3404; x_wconf 84' lang='lat' dir='ltr'>referta.</span> 
     </span>
    </p>
   </div>
   <div class='ocr_carea' id='block_1_9' title="bbox 272 3423 2131 3552">
    <p class='ocr_par' dir='ltr' id='par_1_9' title="bbox 272 3423 2131 3552">
     <span class='ocr_line' id='line_1_57' title="bbox 408 3423 2082 3479; baseline -0.006 -6"><span class='ocrx_word' id='word_1_520' title='bbox 408 3434 640 3473; x_wconf 72' lang='lat' dir='ltr'>Hel-iambi</span> <span class='ocrx_word' id='word_1_521' title='bbox 658 3423 792 3471; x_wconf 69' lang='lat' dir='ltr'>annm·</span> <span class='ocrx_word' id='word_1_522' title='bbox 811 3436 858 3471; x_wconf 88' lang='lat' dir='ltr'>L.</span> <span class='ocrx_word' id='word_1_523' title='bbox 882 3433 1053 3478; x_wconf 89' lang='lat' dir='ltr'>peruani</span> <span class='ocrx_word' id='word_1_524' title='bbox 1076 3432 1233 3469; x_wconf 89' lang='lat' dir='ltr'>semina</span> <span class='ocrx_word' id='word_1_525' title='bbox 1256 3435 1344 3469; x_wconf 88' lang='lat' dir='ltr'>oleo</span> <span class='ocrx_word' id='word_1_526' title='bbox 1366 3432 1515 3479; x_wconf 74' lang='lat' dir='ltr'>pingui</span> <span class='ocrx_word' id='word_1_527' title='bbox 1531 3434 1702 3470; x_wconf 87' lang='lat' dir='ltr'>scatent.</span> <span class='ocrx_word' id='word_1_528' title='bbox 1759 3433 1870 3467; x_wconf 84' lang='lat' dir='ltr'>Inter</span> <span class='ocrx_word' id='word_1_529' title='bbox 1890 3428 2082 3465; x_wconf 81' lang='lat' dir='ltr'>oleiferas</span> 
     </span>
     <span class='ocr_line' id='line_1_58' title="bbox 272 3485 2131 3552; baseline -0.007 -20"><span class='ocrx_word' id='word_1_530' title='bbox 272 3493 442 3532; x_wconf 60' lang='lat' dir='ltr'>Martiae</span> <span class='ocrx_word' id='word_1_531' title='bbox 466 3494 636 3532; x_wconf 44' lang='lat' dir='ltr'>salcime</span> <span class='ocrx_word' id='word_1_532' title='bbox 659 3492 801 3552; x_wconf 77' lang='lat' dir='ltr'>Molin.</span> <span class='ocrx_word' id='word_1_533' title='bbox 825 3490 963 3537; x_wconf 82' lang='lat' dir='ltr'>(Madi</span> <span class='ocrx_word' id='word_1_534' title='bbox 987 3500 1020 3529; x_wconf 86' lang='lat' dir='ltr'>s.</span> <span class='ocrx_word' id='word_1_535' title='bbox 1044 3490 1226 3535; x_wconf 79' lang='lat' dir='ltr'>melosa]</span> <span class='ocrx_word' id='word_1_536' title='bbox 1251 3489 1444 3539; x_wconf 88' lang='lat' dir='ltr'>chilensi,</span> <span class='ocrx_word' id='word_1_537' title='bbox 1475 3493 1514 3526; x_wconf 84' lang='lat' dir='ltr'>et</span> <span class='ocrx_word' id='word_1_538' title='bbox 1537 3486 1764 3539; x_wconf 61' lang='lat' dir='ltr'>Gm&#39;zotiue</span> <span class='ocrx_word' id='word_1_539' title='bbox 1779 3485 1987 3535; x_wconf 62' lang='lat' dir='ltr'>oleiferae</span> <span class='ocrx_word' id='word_1_540' title='bbox 2000 3485 2081 3521; x_wconf 82' lang='lat' dir='ltr'>Dc.</span> <span class='ocrx_word' id='word_1_541' title='bbox 2112 3485 2131 3501; x_wconf 38' lang='grc' dir='ltr'><strong>Χ</strong></span> 
     </span>
    </p>
   </div>
  </div>
 </body>
</html>
