2147 3756
1130 134 1242 185 15ss

919 309 1129 343 Genus
1178 315 1445 346 UNlcUM.

302 388 308 393 ’
361 390 481 427 1830.
514 389 673 434 Myr-ica
689 387 812 428 Imm,
1357 386 1391 420 b.
1419 384 1515 419 Gale
1537 386 1725 432 Tournef.

420 450 457 471 (ι.
485 438 652 472 Clarisia
668 439 771 473 leuiz
791 443 827 474 et
852 439 940 474 ηιιυ.
1356 453 1387 476 c.
1414 443 1639 487 Comptonia
1654 443 1800 479 Baulos.

412 511 732 557 Affinitas.
793 521 896 554 Ordo
924 521 1084 562 praeter
1100 519 1385 567 ,casuarineas
1413 522 1646 558 Betulaceis
1672 522 1825 559 arctius
1851 531 1971 566 quam
2002 524 2100 561 aliis

273 571 434 619 affinis,
468 578 516 609 ab
535 575 678 610 iisdem
696 576 874 619 germine
892 576 1139 612 uniloculari
1165 581 1200 613 et
1230 581 1433 621 gemmula
1459 582 1710 626 orthotropa,
1743 590 1764 615 e
1790 580 1882 616 basi
1907 580 2100 618 cavitatis

273 634 408 666 erecta
440 631 677 677 distinctus,
711 632 834 667 etiam
868 633 1134 674 (uirilitatibus
1162 635 1349 671 diversus
1376 638 1448 671 est.
1508 637 1713 671 Remotior
1739 640 1797 672 est
1826 638 2099 679 Myricearum

273 696 365 722 cum
381 687 641 733 Piperaceis,
675 691 981 729 squammarum
1000 690 1198 734 pei-igonii
1216 692 1326 726 vices
1352 692 1575 735 gerentium
1604 692 1837 735 praesentia
1861 694 2097 737 aliquantu-

270 744 354 779 lum
372 743 586 787 similium,
613 746 883 782 necessitudo.
945 748 1122 794 Genera,
1148 750 1197 783 ab
1215 749 1451 784 auctoribus
1469 758 1490 784 e
1507 750 1724 785 staminum
1741 759 1905 785 numero
1922 753 1959 786 et
1977 759 2100 792 squa-

270 802 470 835 mularum
489 801 805 837 conformatione
828 801 1036 849 instituta,
1069 804 1140 839 vix
1161 806 1364 840 servanda
1388 806 1588 841 videntur.
1649 803 1951 850 Pulrcmjz'vmn
1969 808 2099 845 ivan.

272 856 545 901 exclusimus,
578 860 713 899 utpote
730 859 929 903 perigonii
954 860 1132 907 fabrica,
1164 862 1342 904 germine
1367 862 1614 909 triloculari,
1647 864 1862 906 gemmulis
1886 863 1928 898 in
1953 864 2098 906 quovis

270 911 407 948 loculo
426 914 604 960 duabus,
637 915 851 962 pendulis,
871 917 1095 960 -anatropis
1112 921 1150 953 et
1166 918 1390 954 seminibus
1408 919 1676 955 albuminosis
1692 920 1856 963 penitus
1874 920 2068 958 alienam.

414 977 842 1034 Geogl'aphhm.
902 987 1111 1030 Myriceae
1144 990 1227 1024 late
1251 998 1322 1030 per
1346 991 1541 1025 terrarum
1565 993 1699 1025 orbem
1724 991 1918 1036 diffusae,
1949 990 2097 1026 nullibi

270 1039 480 1087 copiosae,
511 1041 689 1076 maximo
707 1046 842 1078 tamen
866 1052 1032 1079 numero
1058 1044 1100 1079 in
1116 1045 1307 1080 America
1329 1046 1504 1091 boreali,
1536 1046 1575 1081 in
1596 1047 1738 1089 Capite
1759 1049 1889 1082 bonae
1913 1047 2020 1093 spei,
2052 1047 2096 1083 in

270 1097 566 1133 excelsioribus
590 1098 721 1133 Asiae
747 1102 785 1134 et
807 1100 971 1135 insulae
994 1101 1124 1137 Javae
1144 1101 1255 1145 jugis
1272 1105 1511 1138 observatae
1528 1102 1700 1138 suerunt.
1758 1103 1891 1138 Unica
1908 1101 2094 1146 (Myrina

270 1154 372 1188 Gale
395 1155 440 1189 L.
467 1156 588 1197 vulgo
613 1154 763 1198 Gagel]
786 1157 992 1200 Europam
1014 1157 1215 1201 imprimis
1238 1161 1440 1194 borealem
1457 1162 1493 1194 et
1511 1160 1824 1206 occidentalem,
1855 1160 1958 1196 locis
1974 1162 2095 1203 palu-

270 1209 400 1258 dosis,
434 1211 728 1247 submaritimis
744 1212 959 1250 inhabitat.

411 1275 772 1326 &ualitates
798 1286 836 1319 et
860 1273 1042 1324 usus.⁸
1087 1283 1237 1321 Cortici
1253 1289 1540 1323 nonnullarum
1559 1283 1617 1329 (e.
1637 1295 1694 1330 gr.
1711 1285 1897 1329 Myrtoae
1913 1286 2096 1330 aspleni-

267 1336 393 1373 foliae
409 1338 496 1382 Bi.)
514 1339 618 1374 inest
637 1340 797 1375 acidum
813 1342 1050 1377 benzoicum
1067 1345 1103 1377 et
1123 1342 1349 1390 tannicum,
1375 1354 1464 1380 cum
1482 1343 1715 1380 substantia
1730 1343 1928 1379 resinosa.
1972 1343 2095 1384 Vires

268 1394 757 1441 adstringenti-tonicae,
804 1398 1071 1439 plurimarum
1102 1403 1238 1441 partes
1270 1400 1757 1446 resinoso-aromaticae,
1805 1401 2095 1435 nonnullarum

266 1451 427 1486 radices
459 1452 665 1488 emeticae.
725 1454 899 1490 Fructus
930 1457 1183 1496 quarundam
1215 1456 1358 1499 sapide
1389 1457 1556 1492 aciduli.
1614 1457 1648 1491 E
1677 1455 1875 1493 fructibus
1900 1454 2094 1502 myricae

270 1504 379 1540 Gale
402 1509 448 1543 L.
474 1508 551 1543 olei
572 1508 770 1554 aetherei,
803 1509 918 1556 flavi,
952 1511 1086 1546 odoris
1109 1511 1275 1557 debilis,
1307 1512 1480 1554 primum
1503 1512 1632 1557 mitis,
1663 1522 1758 1548 mox
1779 1513 1925 1548 leviter
1941 1513 2093 1549 urentis

265 1564 426 1613 species
443 1563 589 1609 (vulgo
607 1565 799 1609 Gagelffl]
822 1566 1034 1602 obtinetur.
1092 1568 1268 1604 Fructus
1285 1566 1478 1614 Myricae
1494 1566 1670 1614 sapidae
1685 1570 1832 1615 XVaH„
1862 1569 1903 1604 in
1920 1569 2093 1612 Nepalia

265 1620 425 1664 passim
452 1624 605 1667 cultae,
638 1626 751 1664 grate
774 1623 941 1658 aciduli.
1003 1621 1114 1657 Cera
1137 1624 1324 1670 myricen
1342 1623 1687 1669 (Myrtelwachs)
1705 1636 1725 1661 e
1742 1625 1881 1661 baccis
1898 1624 2093 1671 Myre’eae

267 1675 480 1726 ceriferae
508 1679 554 1714 L.
579 1676 726 1722 [vulgo
748 1680 863 1714 lVax
884 1682 1031 1722 myrtle
1054 1689 1094 1714 v.
1118 1682 1208 1724 Bay
1229 1681 1374 1725 berry]
1398 1685 1437 1717 et
1460 1682 1636 1718 aliarum
1661 1682 1909 1728 specierum,
1942 1686 2022 1717 tum
2047 1681 2092 1718 in

264 1733 457 1770 America
475 1734 648 1779 boreali,
682 1738 762 1769 tum
780 1735 822 1770 in
840 1736 983 1778 Capite
999 1739 1128 1772 bonae
1145 1737 1233 1780 spei
1250 1738 1572 1780 provenientium
1590 1739 1730 1783 sudat,
1763 1741 1813 1774 ab
1832 1739 2091 1774 Hottentottis

264 1794 450 1836 voratur,
481 1790 744 1826 Americanis
761 1792 811 1826 ati
829 1795 1052 1835 emplastra
1068 1796 1104 1828 et
1123 1791 1318 1830 candelas
1335 1794 1522 1831 inservit.
1573 1795 1692 1831 Folia
1709 1792 1901 1840 Myricae
1922 1793 2028 1829 Gale
2044 1796 2091 1831 L.

265 1846 410 1890 (Folia
433 1847 558 1889 Myrti
581 1848 811 1883 brabantici
828 1847 963 1890 offic.)
982 1849 1078 1884 olim
1096 1851 1295 1886 adversus
1312 1852 1491 1887 scabiem
1505 1851 1807 1887 laudatissima.
1865 1853 2087 1888 Decoctum

264 1906 511 1940 ramulorum
529 1904 787 1947 Comptoniae
805 1902 1021 1951 (Myr-icae
1045 1905 1345 1955 asplemfole'ae
1362 1909 1492 1944 Blum.
1518 1918 1551 1945 s.
1577 1908 1839 1951 Comptoniae
1862 1907 2090 1951 asplenifo-

262 1960 347 1997 liae
363 1961 521 2007 Banks,
554 1963 677 2004 vulgo
694 1962 830 1996 sweet
846 1961 976 2006 Fern]
993 1962 1036 1998 in
1050 1963 1246 1999 America
1259 1965 1415 2000 boreali
1433 1966 1634 2000 adversus
1652 1962 1886 2000 diarrhoeas
1899 1965 2088 2006 frequen-

263 2017 415 2053 tissimi
445 2026 559 2058 usus.
617 2017 754 2054 Radix
776 2016 972 2068 Myrieae
1003 2017 1218 2072 ceraeferae
1239 2022 1287 2060 L.
1319 2021 1510 2071 emetica,
1541 2021 1586 2058 in
1613 2020 1760 2065 majori
1791 2021 1880 2059 dosi
1910 2021 2088 2059 drastice

262 2082 459 2119 purgans.

633 2187 805 2234 ordo
834 2187 1231 2235 LXXXVIII.
1295 2188 1709 2236 Betulaceae.

403 2288 627 2337 Arbores
656 2306 701 2337 v.
719 2281 961 2353 frutices,
1007 2293 1148 2339 ramis
1189 2293 1386 2355 sparsis,
1434 2289 1556 2339 haud
1593 2290 1868 2337 articulatis.
1941 2291 2085 2338 Folia

263 2357 466 2418 alterna,
514 2361 764 2425 simplicia,
813 2363 1143 2424 penninervia,
1194 2361 1382 2410 dentata
1423 2380 1468 2409 v.
1505 2370 1700 2409 serrata.
1776 2362 1998 2424 Stz'pulae
2029 2361 2084 2407 li-

261 2429 431 2488 berae,
481 2430 704 2479 caducae.
778 2434 950 2481 Flores
996 2435 1186 2496 organis
1234 2433 1482 2481 (liclinibus
1530 2433 1758 2489 monoici,
1806 2432 1852 2477 in
1898 2440 2082 2478 amenta

261 2503 526 2549 terminalia
569 2520 613 2550 v.
654 2503 891 2564 lateralia,
939 2507 1126 2568 saepius
1172 2521 1407 2552 racemum
1455 2504 1703 2550 formantia
1750 2502 1986 2566 dispositi,
2035 2503 2082 2548 in

260 2574 416 2621 axillis
461 2573 758 2633 bractearum
803 2574 994 2622 binatim
1035 2593 1076 2622 v.
1117 2578 1334 2622 ternatim
1374 2575 1582 2622 sessiles.
1656 2576 1829 2622 Flores
1864 2574 2082 2620 stamini-

245 2642 389 2712 ferz':
424 2647 638 2691 Braclea
662 2645 851 2707 peltata,
885 2647 1100 2710 utrinque
1126 2647 1384 2693 bracteolis
1417 2644 1863 2709 squamaeformibus
1895 2646 2080 2706 stipata,

259 2715 455 2765 trissora.
535 2718 848 2778 Perigonz'um
892 2717 1240 2781 monophyllum
1287 2717 1684 2781 squamaeforme,
1731 2733 1773 2763 v.
1820 2715 2082 2778 tetraphyl-

260 2786 351 2836 luni
400 2786 724 2850 calyciforme.
814 2789 1035 2836 Slamz‘na
1079 2795 1134 2847 4,
1182 2789 1419 2852 perigonii
1466 2787 1566 2833 basi
1611 2787 1817 2843 inserta,
1867 2783 2079 2847 ejusdem

260 2857 436 2904 foliolis
469 2857 1008 2920 opposita3filame7zte's
1037 2860 1352 2916 brevissimis,
1390 2858 1573 2914 liberis,
1608 2858 1826 2903 antheras
1855 2855 2078 2913 basifixis,

257 2926 624 2985 bilocularibus,
669 2928 834 2975 loculis
867 2931 1115 2994 oppositis,
1154 2946 1200 2977 v.
1237 2938 1370 2992 septo
1405 2927 1656 2975 obliterato
1688 2926 2075 2984 unilocularibus,

258 2997 667 3061 longitudinaliter
712 2998 1084 3047 dehiscentibus.
1174 3000 1402 3047 Floribus
1439 2999 1781 3062 pz'stz'llz‘gerz's:
1835 2999 2077 3044 Bracteae

259 3070 476 3127 sessiles,
517 3070 732 3131 integrae
764 3086 805 3116 v.
840 3070 1066 3132 trilobae,
1117 3069 1436 3126 bi-trillorae,
1485 3085 1586 3115 cum
1618 3069 1772 3114 fructu
1804 3069 2078 3114 increscen-

258 3149 350 3187 tes.
433 3141 744 3202 Perz‘gonz‘um
784 3141 956 3187 nullum
999 3142 1062 3200 (in
1104 3140 1314 3199 Betula),
1362 3157 1404 3187 v.
1438 3139 1766 3202 tetraphyllum
1810 3139 1875 3198 (in
1912 3137 2074 3197 Alno)‚
2113 3178 2116 3180 .

259 3210 437 3257 foliolis
469 3211 942 3274 squamaeformibuS,
986 3227 1087 3258 cum
1122 3212 1344 3274 germinis
1377 3210 1476 3256 basi
1509 3209 1950 3266 concrescentibus,
1992 3206 2075 3255 de·
2135 3274 2136 3277 Ἰ

258 3297 378 3327 11111111
419 3281 810 3344 liguescentibus.
891 3284 1116 3329 Germz'na
1156 3283 1277 3328 infra
1309 3281 1513 3344 quamvis
1544 3281 1782 3327 bracteam
1816 3279 2002 3342 gemina
2032 3295 2072 3325 v.

258 3360 415 3409 terna,
455 3351 627 3408 libera,
667 3351 963 3399 bilocularia.
1042 3354 1312 3400 Gemmulae
1343 3353 1387 3398 in
1420 3352 1589 3398 loculis
1621 3351 1887 3407 solitariae,
1932 3348 2074 3395 ‹lisse-

257 3423 464 3485 pimento
503 3422 659 3485 paullo
699 3423 820 3470 infra
861 3424 1042 3487 apicem
1081 3423 1275 3481 affixae,
1323 3438 1349 3469 e
1389 3422 1598 3469 funiculo
1638 3420 1933 3484 longiusculo
1979 3419 2074 3482 pri-

258 3508 376 3540 mum
411 3502 626 3554 erectae,
664 3510 773 3542 mox
804 3510 945 3559 supra
975 3494 1226 3542 funiculum
1262 3502 1524 3542 extrorsum
1557 3501 1834 3556 anatropae,
1875 3499 1923 3537 et
1953 3490 2074 3537 funi-
