2147 3756
1029 130 1145 178 264

298 301 422 338 3058.
452 299 620 337 Lobelia
637 297 759 338 Lv'mt.
1224 302 1347 337 3060.
1377 301 1600 338 Laurentia
1618 299 1741 340 Neck.

508 350 738 400 Rapnntium
759 349 947 395 Tem-nef.
1285 368 1321 388 a.
1351 355 1577 400 Soleuopsis
1593 357 1716 392 Presl·

355 403 393 425 α.
418 390 650 444 Rapuntnum
668 391 744 425 DC.
1283 400 1316 439 b.
1342 404 1532 447 Enchysia
1548 405 1672 440 Presl.

395 442 439 467 α.
465 436 679 467 Μειιοῑιιιηι
696 433 817 467 Presl.
1129 483 1131 485 ι
1281 464 1314 487 c·
1339 454 1505 487 ΗΜΘΝ-ἃ
1521 454 1569 487 st·
1587 454 1655 488 Br.

396 476 438 522 β.
464 476 697 510 Dortmaunu
714 475 841 507 lencm.

395 530 433 563 γ’
460 517 759 561 Sp}‚a0,.3mg5„m
775 515 897 550 prm-J·
1284 504 1319 537 d.
1346 501 1593 537 Solenanthis
1609 503 1759 537 Kuntlt.

353 560 385 593 b.
412 559 656 594 Homochilus
673 557 788 602 Alph.
807 558 886 595 DC.
1055 555 1060 566 ⁸
1435 552 1693 596 Hippobroma
1713 552 1758 586 G.
1779 553 1873 588 Don,

299 608 424 660 3⁰5?-
453 612 569 652 'rupa
588 607 637 643 G.
656 606 766 644 Dan.
1224 608 1347 645 3061.
1379 609 1632 653 Byrsanthes
1650 607 1791 645 Presl.

349 670 386 691 a.
413 658 564 700 Entupa
579 655 695 700 Alph.
714 656 791 690 DC.
1543 680 1569 706 *

351 701 385 734 b.
411 699 626 742 'Pylomium
642 698 765 732 Presl.

297 752 418 787 3059.
453 750 794 793 Siphocampylus
812 744 932 784 Pom.
1225 742 1349 779 3062.
1381 742 1636 778 Heterotoma
1653 738 1833 780 Zac-ectr.

507 796 665 829 Lobelia
680 796 802 830 Presl.
1433 797 1610 840 Myopsia
1624 797 1746 831 Presl.

506 842 519 873 ἵ
533 838 800 873 Canonauthus
817 838 914 872 Dou.

321 937 553 984 Tribus
576 938 704 982 III·
761 938 1240 985 ”elisseaceaeo
1302 940 1776 990 Germenbiloculare‚
1808 938 1994 994 tropho-

179 998 394 1050 spermiis
430 998 760 1051 dissepimento
792 997 1007 1051 utrinque
1039 997 1235 1038 adnatis.
1308 999 1494 1038 Fructus
1538 998 1831 1050 buccularis,
1873 997 1997 1040 inde-

182 1052 386 1106 hiscens,
417 1053 569 1095 siccus
591 1067 634 1095 v.
662 1066 899 1096 carnosus.

945 1157 978 1193 G
996 1165 1020 1193 E
1040 1165 1070 1193 N
1090 1165 1113 1193 E
1131 1166 1160 1193 R
1178 1166 1226 1194 A.

294 1241 419 1278 3063.
451 1240 597 1279 Pratia
615 1237 822 1279 Gauda-le.
1224 1242 1348 1277 3066.
1379 1239 1652 1278 Macrochilus
1670 1238 1807 1279 Presl.

289 1301 414 1356 306}
443 1305 734 1350 Piddingtonia
750 1301 871 1351 Alph,
891 1301 986 1341 DC,
1225 1299 1349 1334 3067.
1379 1299 1602 1334 Rollandia
1622 1296 1830 1334 Gaudicle.
1849 1342 1855 1347 1

504 1360 695 1393 Beruonia
710 1361 825 1395 Emit.
896 1402 908 1408 N
1225 1356 1349 1390 3068.
1382 1355 1629 1391 Clermontia
1649 1352 1858 1392 Gaudv'ch.

295 1425 420 1460 3064.
449 1424 640 1460 Delissea
663 1421 871 1462 Gandfeh.
1225 1412 1349 1447 3069·
1381 1409 1814 1455 ce1111·0pog0nPresl.

292 1488 417 1524 3065.
447 1487 618 1523 Kittena
634 1484 856 1521 Reiz—hena
1538 1475 1562 1500 *

504 1541 662 1584 cyanea
683 1540 874 1577 Gaudiclz.
1225 1537 1348 1574 3070.
1378 1537 1759 1581 Rhynchopetalum
1774 1533 1946 1571 Fresen.

313 1628 638 1675 Affinitas.
698 1636 800 1671 Ordo
817 1634 1159 1680 CampanuIaceis
1174 1634 1406 1673 arctissime
1421 1634 1573 1684 affiniS,
1597 1638 1647 1672 ab
1664 1635 1810 1672 iisdem
1825 1634 1901 1670 vix
1916 1633 1999 1672 nisi

175 1692 327 1727 corolla
357 1692 575 1735 irregulari
605 1694 644 1727 et
673 1692 854 1728 antheris
884 1696 1115 1728 constanter
1145 1692 1333 1728 connatis
1357 1692 1562 1734 diversus,
1594 1692 1708 1728 succi
1728 1691 1853 1728 lactei
1875 1701 1996 1735 prae-

173 1748 327 1793 sentia,
361 1751 538 1785 corollae
555 1748 766 1784 elementis
782 1748 1055 1791 inaequaliter
1071 1749 1256 1797 coalitis⁷
1289 1748 1472 1784 antheris
1496 1748 1805 1784 cohaerentibus
1829 1751 1867 1784 et.
1890 1748 1995 1792 stig-

172 1808 281 1840 mate
305 1804 461 1850 bilob0,
494 1805 666 1848 pilorum
690 1804 964 1849 colligentium
989 1805 1189 1849 peculiari
1209 1807 1410 1848 apparatu
1432 1806 1604 1853 munito,
1637 1807 1688 1841 ad
1712 1805 1994 1854 Cichoraceas,

173 1860 495 1903 compositarum
532 1860 793 1897 subordinem
836 1862 1004 1905 propius
1045 1870 1165 1904 quam
1201 1861 1385 1904 reliquae
1423 1862 1744 1904 Campanulinae
1781 1862 1994 1908 accedenS,

175 1925 294 1952 suam
311 1919 487 1953 classem
505 1927 595 1953 cum
610 1918 860 1961 Aggregatis
878 1918 1057 1954 naturali
1071 1919 1237 1954 vinculo
1254 1927 1401 1953 nexam
1419 1919 1677 1954 demonstrat.
1714 1919 1752 1953 A
1770 1918 1995 1953 Goodenia-

174 1973 260 2009 ceis
292 1976 470 2009 corollae
500 1973 773 2009 aestivatione
804 1977 842 2009 et
871 1974 1027 2010 indusii
1050 1974 1271 2018 stigmatici
1296 1974 1475 2021 defectu,
1508 1983 1534 2010 a
1557 1975 1752 2019 Stylideis
1776 1976 1996 2012 staminum

173 2038 340 2067 numero
357 2034 395 2066 et
411 2030 557 2066 iisdem
574 2039 599 2066 a
619 2032 725 2074 stylo
745 2030 950 2067 distinctis
968 2030 1164 2067 facillime
1180 2031 1498 2075 distinguuntur.

317 2108 745 2165 Geographiaeu
802 2115 1156 2163 Lobeliacearum,
1189 2119 1378 2160 quotquot
1394 2116 1511 2152 hodic
1527 2115 1570 2151 in
1585 2115 1861 2152 botanicorum
1879 2118 1996 2154 cata-

170 2170 287 2215 logos
303 2174 457 2207 relatae
473 2176 587 2219 sunt,
620 2176 739 2207 sexta
754 2171 913 2208 circiter
928 2181 1023 2215 pars
1039 2173 1100 2208 cis
1117 2181 1305 2208 cancrum
1321 2173 1498 2219 habitat,
1523 2173 1704 2215 reliquae
1721 2182 1792 2216 per
1808 2173 1993 2217 regiones

172 2228 350 2270 tropicas
382 2231 421 2262 et
449 2228 739 2271 hemisphaerii
762 2229 959 2265 australis
983 2232 1146 2273 plagam
1171 2229 1486 2272 extratropicam
1511 2229 1584 2263 tali
1606 2229 1760 2265 ratione
1783 2229 1995 2272 dispersae

173 2287 290 2331 sunt,
321 2287 365 2318 ut
387 2284 477 2327 pari
500 2284 585 2320 fere
607 2294 774 2319 numero
796 2294 867 2327 per
881 2285 1113 2320 Americam
1136 2289 1174 2320 et
1190 2289 1365 2320 veterem
1382 2288 1516 2320 orbem
1533 2285 1790 2330 distributae,
1822 2286 1864 2320 in
1882 2287 1994 2321 Novo

174 2340 412 2375 continente
439 2339 689 2383 frequentius
713 2340 818 2375 inter
834 2341 1009 2377 circulos
1027 2341 1222 2387 tropicos,
1254 2341 1297 2376 in
1312 2341 1456 2377 Africa
1472 2344 1510 2376 et
1525 2341 1631 2377 Asia
1646 2343 1770 2377 multo
1787 2341 1994 2384 copiosius

172 2399 286 2432 trans
318 2396 599 2439 capricornum
624 2400 861 2432 nascantur.
919 2398 1154 2433 Borealium
1177 2397 1376 2440 plurimae
1390 2398 1620 2433 Americam
1641 2398 1842 2444 incolunt,
1875 2401 1994 2434 aucto

170 2461 318 2488 versus
335 2457 590 2496 aequatorem
606 2453 833 2496 specierum
850 2464 1034 2500 numero3
1064 2449 1227 2498 Europa
1244 2457 1281 2490 et
1297 2455 1403 2490 Asia
1420 2452 1597 2490 borealis
1614 2454 1886 2504 paucissimas
1904 2453 1992 2501 alit,

170 2510 315 2545 harum
344 2518 428 2545 una
458 2506 657 2553 [Lobelia
678 2506 955 2544 Dortmmma
978 2510 1123 2554 Linn.)
1154 2510 1198 2546 in
1228 2510 1463 2554 regionibus
1492 2510 1737 2547 subarcticis
1760 2509 1991 2557 amphigea,

171 2567 303 2601 altera
325 2562 500 2599 Lobelm
522 2564 775 2614 sessz'lifolz'oe
795 2567 965 2611 Lamk.)
992 2566 1034 2602 in
1056 2568 1353 2603 Kamtschatka
1374 2567 1492 2603 vivit.
1551 2567 1744 2603 America
1765 2567 1992 2609 specierum

171 2622 540 2658 suffrutescentium
570 2622 770 2666 imprimis
807 2626 868 2659 est
891 2623 1166 2670 feracissima,
1200 2623 1410 2659 imminuto
1434 2628 1547 2659 trans
1571 2623 1768 2659 circulum
1792 2623 1991 2666 tropicum

170 2677 399 2720 specierum
429 2688 607 2714 numer0.
665 2678 833 2715 Africae
863 2680 1177 2722 promontorium
1207 2682 1387 2715 australe
1417 2680 1616 2723 plurimas
1638 2680 1731 2726 alit,
1763 2679 1990 2722 specierum

168 2735 460 2770 lierbacearum
484 2735 739 2778 potissimum
762 2736 899 2781 copia,
931 2736 973 2771 in
996 2737 1145 2778 majore
1168 2745 1358 2780 generum
1377 2737 1592 2783 varietate,
1623 2736 1838 2773 Americae
1856 2739 1990 2770 tamen

170 2791 333 2826 cedens.
390 2792 613 2828 Pauciores
643 2795 780 2828 Novae
803 2793 1050 2830 llollandiae
1079 2801 1190 2828 oram
1221 2793 1529 2839 circumcolunt,
1560 2794 1667 2828 unde
1697 2794 1916 2828 nonnullae
1946 2789 1990 2827 in

167 2847 323 2883 Novam
338 2848 603 2884 Zeelandiam
620 2851 865 2895 evagantur,
885 2853 979 2891 typo
997 2858 1086 2884 cum
1104 2849 1349 2892 capensibus
1366 2849 1665 2884 convenientes.
1701 2848 1830 2883 Asiae
1846 2847 1989 2890 aequi-

169 2903 361 2940 noctialis
393 2907 498 2939 terra
529 2905 740 2940 continens
770 2907 809 2940 et
837 2905 1001 2941 insulae
1032 2905 1254 2940 continenti
1284 2905 1447 2940 vicinae
1467 2905 1802 2940 Lobeliacearum
1825 2904 1990 2939 minime

171 2958 347 3006 feraces,
372 2968 526 3002 paucas
543 2961 761 3003 proferunt.
791 2962 878 2996 Has
896 2960 999 2996 inter
1015 2958 1319 3005 Plclcle'ngtom'a
1334 2958 1620 2994 nummularia
1635 2961 1715 2996 Dc.
1735 2960 1775 2994 in
1793 2960 1990 3002 Nepaliae

169 3019 208 3051 et
223 3017 354 3052 Javae
369 3016 570 3052 montibus
587 3020 763 3061 reperta,
790 3014 958 3050 Pratz'z's
974 3016 1207 3052 Americam
1222 3016 1488 3052 antarcticam
1503 3017 1775 3053 incolentibus
1792 3016 1992 3053 affinitate

169 3072 375 3120 proxima,
407 3072 589 3114 reliquae
607 3069 826 3118 Lobele’ae,
858 3072 1019 3116 generis
1040 3072 1237 3108 latissime
1255 3073 1411 3119 diffusi,
1444 3077 1582 3116 typum
1598 3072 1790 3110 referunt.

249 3170 258 3175 ,
307 3143 476 3189 Plures,
508 3142 550 3178 in
579 3145 706 3178 multa
735 3152 928 3186 generum
957 3142 1205 3178 naturalium
1236 3143 1372 3178 fructu
1395 3143 1672 3180 indehiscente
1696 3143 1802 3178 inter
1823 3152 1868 3178 se
1891 3152 1987 3178 con-

169 3198 421 3234 venientium
443 3198 663 3245 varietate,
694 3199 736 3234 in
760 3199 986 3234 insularum
1004 3199 1361 3235 Sandwicensium
1385 3200 1549 3244 regione
1565 3203 1778 3246 montana,
1811 3199 1987 3236 nubibus

169 3256 333 3291 madida
349 3258 387 3290 et
403 3255 599 3292 imbribus
614 3255 790 3300 irrigua,
822 3257 1050 3298 sylvestres
1066 3260 1330 3302 generantur,
1362 3259 1767 3303 subarborescentes,
1801 3254 1987 3292 foliorum

171 3319 286 3346 coma
302 3311 505 3347 terminali
522 3311 818 3357 palmiforines,
851 3311 1136 3357 grandiflorae,
1168 3311 1450 3354 copiosolacte
1466 3315 1730 3355 squallentes.
1791 3311 1863 3346 His
1882 3311 1986 3347 facie

167 3366 342 3403 similem
376 3367 664 3412 archipelagus
686 3368 878 3403 Taitense
902 3364 1212 3401 Sclerotleecmn
1237 3367 1460 3402 arboream
1483 3369 1606 3411 Alph.
1631 3368 1735 3414 Dc„
1766 3367 1903 3403 insula
1926 3369 1984 3403 St.

168 3422 349 3458 Helenae
391 3421 610 3458 Trtmerae‘m
642 3422 960 3472 oblongifolv‘am
990 3424 1119 3460 Presl.
1159 3424 1433 3470 [lllillzwood]
1463 3427 1503 3460 et
1532 3423 1762 3467 Abyssinia
1792 3424 1983 3467 alpestris

167 3474 561 3525 Rhfflcclmpctalnm
582 3483 826 3516 montanum
849 3480 1014 3517 Fresen.
1039 3478 1260 3525 [Ginai-ra]
1283 3481 1369 3518 aliu
1428 3480 1636 3519 Plurimae
1658 3474 1751 3518 soca
1775 3481 1984 3528 depressa,
