2147 3756
838 180 881 187 ,...,

955 102 1070 151 205

107 275 252 317 matis]
273 271 468 319 Pae-lenm)
486 270 660 307 mt'nore's
676 274 781 310 Nees
798 278 836 310 et
851 277 992 322 Mart.,
1017 275 1059 311 in
1076 275 1257 317 ejusdem
1275 274 1511 317 provinciae
1533 277 1666 320 sylvis
1683 279 1925 323 Japurensi-

107 335 182 369 bus
200 336 237 367 et
254 332 302 367 ad
322 331 487 366 fluvium
503 329 701 365 Solimoe's
718 331 947 377 nascentis,
973 333 1234 374 cotyledones
1253 330 1292 366 in
1318 331 1476 367 similes
1503 342 1601 368 usus
1624 342 1923 372 convertuntur.

246 384 463 433 Apsdendrv‘
479 383 712 431 C‘eanmmys
730 389 867 433 Nees.,
901 397 991 423 cum
1008 387 1250 423 Nectandris
1269 387 1555 430 puchuryferis
1581 393 1825 437 crescentis,
1859 404 1926 429 se-

104 444 216 480 mina
239 444 398 486 saporis
421 447 517 479 sunt,
540 443 771 489 aromatici,
803 445 956 486 majore
979 449 1113 479 autem
1139 444 1218 479 olei
1243 443 1408 487 pinguis
1434 449 1566 488 parte,
1598 455 1646 480 ac
1663 443 1807 481 Fabae
1829 449 1927 484 illae

106 501 386 544 praegnantia.
444 502 490 535 In
520 501 728 541 pulverem
759 502 922 536 redacta
947 505 981 535 et
1008 510 1116 542 aqua
1136 510 1174 536 v.
1200 500 1295 535 vino
1319 501 1503 536 admixta
1525 506 1664 537 contra
1687 503 1926 546 digestionis

103 557 207 591 vitia
238 554 443 599 propinari
473 557 627 600 solent,
659 556 853 597 majorem
877 556 1101 592 efficaciam
1127 557 1167 591 in
1192 557 1428 600 corrigendo
1452 557 1678 593 ventriculo
1701 561 1928 596 medicinae

105 613 302 656 tribuunt,
336 622 357 647 e
382 612 640 647 comminutis
659 612 882 654 Cujumary
905 613 1150 657 seminibus,
1184 614 1326 655 aequis
1350 613 1534 656 partibus
1558 623 1646 649 cum
1670 615 1782 659 ligno
1805 617 1927 652 semi-

103 674 194 704 usto
224 668 386 710 ignotae
418 669 631 711 cujusdam
661 668 820 703 arboris
850 665 1166 715 (Pira-cuuba,
1212 669 1238 704 i.
1272 678 1305 704 e.
1336 669 1511 713 Lignum
1541 669 1741 716 piscium)
1772 673 1926 720 mixtis,

103 729 284 767 paratae.

242 782 276 816 Ε
315 776 699 813 Tetrantleerarnm
733 777 1059 823 [Sebiserarum]
1088 780 1356 822 complurium
1389 781 1614 818 seminibus
1643 782 1846 828 pinguedo
1885 785 1928 822 in

104 846 221 873 cerae
237 841 425 872 naturam
443 836 609 881 transit,
642 840 679 871 et
698 837 747 871 ad
766 835 995 871 fundendas
1013 837 1207 871 candelas
1226 837 1410 873 inservit.

248 889 525 937 Oreodaphne
536 891 1069 940 (CeraniophoraJfoetens
1086 893 1204 927 Nees.
1216 891 1364 937 [vulgo
1382 894 1488 939 Tin)
1505 894 1611 930 inter
1626 896 1829 934 maximas
1847 898 1927 935 Ca-

104 949 358 986 nariensiunl
388 951 576 996 arbores,
609 957 732 984 succo
764 951 885 984 rubro
914 951 982 984 vel
1004 947 1210 993 violaceo,
1243 950 1402 993 saporis
1426 951 1555 997 acris,
1588 951 1740 989 foetore
1764 956 1928 998 gravis-

103 1007 205 1042 simo
222 1015 342 1041 nares
360 1009 397 1041 et
413 1008 625 1048 pulmones
643 1004 844 1040 afficiente
860 1008 1004 1041 scatet.
1060 1006 1198 1040 Laesa
1220 1006 1354 1041 securi
1379 1009 1498 1042 arbor
1520 1009 1720 1044 teterrimo
1742 1013 1928 1049 vulneris

102 1063 233 1098 halitu
249 1063 416 1105 petitam
433 1064 482 1097 ab
500 1060 698 1104 operariis
714 1062 841 1097 vitam
858 1065 1022 1097 strenue
1039 1061 1238 1106 defendit,
1272 1066 1310 1098 et
1335 1062 1488 1107 fugatis
1512 1064 1580 1106 qui
1604 1066 1654 1100 ad
1677 1068 1930 1105 caedendum

103 1118 274 1155 exmissi
298 1122 412 1165 sunt,
445 1117 629 1161 repetitis
651 1117 815 1153 nonnisi
832 1122 924 1161 post
939 1118 1095 1154 dierum
1110 1118 1333 1155 intervalla
1348 1120 1601 1157 redeuntium
1616 1120 1787 1170 ictibus,
1818 1126 1929 1161 haud

101 1175 233 1212 inulta
248 1174 369 1210 cadit.
426 1175 663 1210 Prostratae
678 1174 836 1218 lignum
852 1183 1064 1218 exsangue
1079 1174 1191 1210 iners
1209 1179 1284 1210 est.

242 1230 461 1267 Laurineis
493 1230 708 1266 arboribus
734 1230 943 1274 plerisque
971 1231 1162 1267 materies
1193 1230 1368 1268 inutilis.
1433 1233 1587 1268 Tamen
1621 1230 1927 1281 Oreodccplmceo

101 1284 331 1323 aralt‘atae
352 1290 471 1323 Nees.
503 1285 650 1331 [vulgo
681 1286 843 1323 Timber
879 1289 1045 1323 Sweet-
1065 1285 1210 1330 wood]
1239 1287 1398 1331 lignum
1428 1289 1592 1336 durum,
1638 1290 1789 1327 flavum
1819 1295 1930 1336 apud

100 1344 383 1381 Jamaicenses
406 1343 804 1386 praestantissimum
816 1343 1046 1390 judicatur,
1079 1347 1117 1380 et
1133 1341 1319 1378 Per-seue
1337 1341 1503 1379 indicae
1520 1348 1610 1389 Spr.
1627 1345 1774 1392 [vulgo
1796 1347 1928 1386 Vina..

100 1401 203 1445 tico]
215 1400 489 1436 Madeirensis
504 1400 696 1437 materies
706 1399 957 1436 Swieteniae
967 1402 1206 1446 Mahagony
1219 1400 1332 1446 ligno
1350 1405 1389 1439 et
1405 1402 1553 1440 duritie
1569 1407 1608 1439 et
1623 1405 1927 1449 pulchritudine

98 1457 399 1502 aequiparatur.

550 1579 721 1625 ordo
752 1578 946 1626 CVII.
1020 1579 1488 1638 Gyroearpeae.

244 1680 469 1730 Arbores
507 1681 730 1728 excelsae
767 1679 1069 1744 v.fi²ut2‘ces,
1116 1683 1270 1730 erecti
1309 1684 1409 1729 sive
1448 1682 1753 1743 scandentes,
1803 1687 1926 1736 foliis

101 1752 319 1809 alternis,
360 1752 502 1814 longe
536 1752 797 1814 petiolatis,
839 1752 1006 1799 lobatis
1036 1769 1082 1799 v.
1117 1754 1464 1811 ternatisectis,
1511 1755 1664 1801 rarius
1695 1756 1923 1818 indivisis,

102 1822 416 1887 exstipulatis.
489 1823 661 1869 Flores
706 1822 932 1885 perfecti,
995 1839 1038 1869 ν.
1090 1823 1259 1870 abortu
1304 1824 1596 1887 imperfecti,
1658 1829 1924 1890 regulares,

104 1893 350 1950 axillares,
384 1892 903 1957 paniculato-cymosi,
937 1891 1187 1956 pedicellis
1219 1892 1541 1942 bracteolatis.
1616 1898 1928 1960 Perz'gom‘zcm

103 1964 393 2028 calycinum,
442 1964 566 2010 intus
604 1979 747 2027 saepe
796 1964 1079 2020 coloratum,
1128 1963 1240 2010 tubo
1288 1981 1391 2011 cum
1438 1966 1652 2028 germine
1699 1979 1922 2028 connato,

104 2035 230 2082 limbi
264 2032 1017 2099 quadri-sex·octo-decemlobi
1050 2033 1171 2081 lobis
1203 2034 1464 2094 biseriatis,
1511 2039 1823 2087 aestivatione
1856 2042 1927 2088 in·
1980 2072 1984 2074 -

104 2104 372 2169 duplicatis,
422 2103 634 2152 deciduis
664 2122 708 2151 v.
740 2105 976 2152 nonnullis
1007 2105 1390 2169 persistentibus,
1439 2122 1540 2153 cum
1577 2109 1730 2157 fructu
1769 2110 1927 2159 incre*

103 2176 359 2223 scentibus.
434 2177 656 2223 Stamina
688 2192 864 2222 summo
897 2176 1138 2239 perigonii
1168 2176 1282 2223 tubo
1314 2177 1514 2235 inserta,
1562 2178 1774 2241 ejusdem
1807 2182 1926 2229 tobis

103 2246 418 2294 exterioribus
455 2249 650 2292 numero
683 2246 899 2309 aequalia
929 2255 978 2293 et
1008 2247 1251 2309 opposita3
1286 2246 1562 2310 filamentz's
1594 2249 1777 2309 liberis,
1824 2252 1927 2300 basi

102 2318 320 2381 utrinque
359 2315 582 2380 glandula
618 2317 850 2379 stipitata,
897 2315 1068 2364 adnata
1105 2333 1149 2364 v.
1189 2316 1410 2364 distincta
1455 2321 1661 2383 stipatis,
1709 2323 1929 2371 matheria

103 2389 345 2446 introrsis,
380 2387 744 2445 bilocularibus,
779 2387 945 2434 loculis
976 2388 1226 2451 appositis,
1260 2389 1520 2450 paralleliS,
1554 2391 1737 2439 valvula
1766 2410 1793 2440 a
1823 2393 1927 2440 basi

103 2457 163 2505 ad
200 2459 382 2521 apicem
424 2458 598 2514 soluta,
644 2459 934 2523 persistente
975 2457 1348 2506 dehiscentibus.
1431 2462 1632 2509 Germen
1665 2478 1766 2509 cum
1798 2466 1928 2528 peri-

104 2531 236 2593 gonii
268 2529 380 2575 tubo
415 2537 687 2587 connatum,
734 2528 1046 2576 uniloculare.
1126 2529 1368 2577 Gemmula
1398 2532 1559 2590 unica,
1605 2531 1743 2579 lateri
1773 2551 1925 2599 prope

102 2601 283 2663 apicem
323 2615 550 2662 appensa,
599 2608 842 2663 anatropa.
924 2601 1092 2661 Stylzcs
1128 2600 1348 2663 simplex3
1398 2603 1575 2663 stigma
1614 2604 1840 2665 peltatum
1878 2622 1923 2654 v.

105 2671 340 2728 obtusum,
397 2669 737 2732 subobliquum.
821 2671 1027 2717 Fructus
1071 2668 1359 2732 drupaceus,
1410 2671 1642 2719 interdum
1686 2676 1926 2739 perigonii

102 2740 224 2788 iobis
256 2741 434 2804 aliquot
466 2739 826 2803 persistentibus
857 2739 1326 2804 increscentibusque
1365 2742 1502 2804 apice
1542 2743 1714 2801 alatus,
1762 2762 1926 2793 mono·

55 2809 65 2814 ”
103 2827 332 2875 spermuS.
393 2812 565 2858 Semen
598 2811 858 2869 inversum,
890 2811 1217 2873 integumento
1251 2811 1585 2875 cartilagineo‚
1620 2812 1753 2862 duro.
1813 2818 1927 2863 Em-

104 2882 302 2945 bryonz's
330 2881 691 2939 exalbuminosi‚
726 2881 993 2944 orthotropi
1024 2881 1337 2944 cotyledones
1366 2883 1650 2946 petiolatae,
1685 2885 1926 2949 spiraliter

104 2953 233 3001 circa
262 2952 512 3018 plumulam
546 2951 796 3017 diphyllam
831 2951 1137 3010 convolutae,
1169 2953 1396 3001 radicula
1424 2952 1584 3012 brevi,
1617 2971 1808 3021 supera.

871 3070 904 3106 G
923 3077 948 3104 E
967 3077 999 3104 N
1016 3077 1042 3105 E
1061 3077 1090 3104 n
1108 3077 1158 3106 A.

184 3153 308 3190 2068.
340 3153 602 3198 Gyrocarpus
618 3151 747 3202 Jacq.
1131 3155 1256 3191 2069.
1286 3153 1454 3200 Illigera
1469 3152 1608 3192 Blum.

239 3230 564 3278 Affinitas.
622 3238 727 3275 Ordo
748 3247 997 3286 perparvus,
1028 3239 1231 3284 perigonii
1253 3243 1292 3276 et
1314 3242 1574 3277 antherarum
1597 3244 1820 3291 structura,
1851 3253 1926 3282 nee

106 3302 185 3330 non
209 3297 436 3340 gemmulae
459 3294 541 3331 situ
557 3295 777 3334 Laurineis
794 3300 904 3332 arcte
921 3296 1077 3343 affinis,
1109 3296 1310 3341 perigonii
1328 3306 1419 3333 cum
1435 3297 1613 3342 germine
1628 3296 1871 3337 cohaesione
1886 3305 1927 3338 et

107 3351 337 3394 embryonis
360 3351 671 3394 cotyledonibus
694 3351 926 3400 neumatis,
970 3352 1180 3397 spiraliter
1209 3352 1321 3389 circa
1352 3355 1578 3396 plumulam
1609 3356 1840 3393 convolutis
1871 3361 1924 3397 ab

105 3406 250 3443 iisdem
272 3407 416 3443 differt.
475 3407 722 3455 Gyrocarpi,
755 3407 866 3453 foliis
890 3408 1062 3454 integris
1083 3419 1123 3446 v.
1148 3408 1232 3445 fere
1254 3408 1296 3445 in
1321 3419 1471 3446 morem
1495 3409 1684 3448 foliorum
1704 3413 1924 3450 Sassafras

73 3490 77 3498 ,
104 3462 270 3514 Iobatis,
297 3462 407 3501 facie
420 3464 604 3510 plantam
619 3463 844 3503 Laurinam
857 3474 940 3504 non
954 3467 1062 3504 male
1076 3465 1271 3504 referunt.
1327 3465 1518 3512 Illigerae
1534 3465 1777 3520 fruticosae,
1800 3479 1924 3509 scan-
