2147 3756
1122 58 1271 139 562

377 228 597 268 Genera
627 227 854 281 penitus
888 225 1068 267 dubia.
1320 226 1445 264 5635.
1474 223 1777 270 PappeaEckI.
1794 230 1831 263 et
1849 223 1976 272 7eyh

665 283 668 285 ’
1324 285 1449 320 5636.
1480 284 1753 328 Ptaeroxylon
1771 281 1887 318 14οΙ-.Ι
1906 288 1941 318 et
1961 280 2087 331 Zeyla.

1324 333 1448 376 5637.
1480 336 1902 382 HippobromusEcll.
1912 331 2087 386 etZeyh,

1324 397 1449 431 5638.
1481 396 1683 432 Tarrietia
1702 394 1838 433 Blum

1324 448 1449 502 5⁶3}-
1478 452 1736 489 Deinboellia
1751 448 2001 487 Schnmam.
2019 474 2022 478 -
2078 456 2080 461 “

389 316 515 353 5631.
545 316 784 352 Valentinia
801 311 985 350 Swarez.

390 375 515 409 5632.
544 373 724 408 Racaria
738 367 864 406 Anbl.

391 431 516 466 5633.
546 431 766 465 Eustathes
784 424 915 460 Lonr.

391 488 516 522 5634.
547 484 775 521 Pedicellia
793 480 922 517 Lour.

419 590 742 636 AffinitaS·
802 595 905 631 Ordo
930 595 978 630 ab
996 590 1210 629 Acerineis
1235 594 1273 628 et
1289 590 1605 636 Malpighiaceis
1629 591 1826 635 imprimis
1844 592 1955 629 foliis
1970 594 2094 629 alter-

280 655 346 691 nis
377 658 415 690 et
446 653 594 697 petalis
618 650 968 696 appendiculatis,
998 649 1244 691 floribusque
1266 649 1510 691 saepissime
1538 650 1794 691 asymetricis
1819 649 2094 695 distinguitur,

280 714 393 747 nullo
415 711 582 745 istorum
605 711 881 744 characterum
905 710 1045 742 tamen-
1063 707 1162 741 adeo
1186 705 1409 751 constanti,
1444 709 1486 740 ut
1508 715 1588 740 non
1612 705 1655 741 in
1677 706 1860 748 pluribus
1876 702 2095 751 generibus

282 777 389 802 nnus
412 776 449 802 v.
473 768 576 801 alter
600 765 778 811 deficiat,
810 763 880 799 ubi
903 763 1045 799 deinde
1070 762 1169 798 folia
1192 761 1416 804 composita
1437 770 1476 796 v.
1495 764 1658 804 embryo
1674 763 1864 810 spiralis,
1896 761 2096 805 imprimis

283 824 405 859 etiam
443 823 583 858 discus
618 821 732 856 varie
771 820 1031 866 effiguratus,
1070 819 1209 861 ipseve
1238 812 1403 853 habitus
1434 817 1709 854 distinctionis
1739 819 1860 862 signa
1888 821 2095 861 praebent.

283 877 680 926 limpocastaneas,
712 879 871 920 propter
894 876 993 912 folia
1014 876 1218 921 opposita,
1249 874 1460 920 palmatim
1480 875 1704 917 composita
1726 878 1776 910 ab
1800 875 2032 911 auctoribus
2055 875 2096 910 in

284 935 489 978 proprium
511 934 690 969 ordinem
712 937 971 978 segregatas,
1002 933 1074 967 vix
1098 941 1124 967 a
1139 931 1407 973 Sapindaceis
1433 933 1670 967 avellendas
1694 931 1953 978 crediderim,
1985 931 2097 967 foliis

284 993 405 1027 etiam
428 992 471 1026 in
493 987 789 1033 Valenzuehn,
822 990 996 1033 genuino
1022 989 1159 1030 utique
1174 988 1523 1030 Sapindacearum
1545 997 1710 1034 genere,
1734 979 1960 1034 oppositis,
1994 991 2032 1023 et
2055 988 2094 1023 in

289 1045 535 1094 Ungnadnc,
567 1056 715 1091 genere
730 1046 910 1082 Aesculo
928 1045 1130 1091 proximo,
1164 1044 1505 1086 imparipinnatis.
1549 1044 1553 1047 “
1572 1044 1783 1079 Caeterum
1801 1044 2001 1087 propriam
2020 1043 2098 1080 sibi

285 1105 505 1141 sectionem
526 1103 757 1150 vindicant,
789 1103 1003 1146 gemmulis
1024 1102 1131 1136 intra
1145 1103 1301 1136 loculos
1320 1100 1428 1135 binis
1445 1108 1471 1134 a
1487 1099 1727 1146 Sapindeis,
1759 1104 1975 1143 embryone
1990 1100 2099 1136 haud

286 1163 501 1196 comoluto
531 1168 558 1195 a
585 1130 893 1200 Dodonaeaceis
924 1158 1135 1199 diver-,sae
1168 1157 1314 1199 quibus
1343 1155 1450 1192 notis
1481 1156 1533 1191 ad
1556 1156 1774 1192 Meliosma
1803 1160 1842 1192 et
1866 1156 1922 1193 'ad
1953 1164 2103 1200 genera

283 1218 632 1261 Sapindacearum
648 1217 839 1251 anomala
854 1215 1141 1257 quodammodo
1158 1213 1368 1249 accedunt.

425 1279 853 1336 Geographia.
912 1284 1193 1327 Sapindaceae
1208 1283 1314 1318 inter
1331 1281 1526 1327 tropicos,
1557 1281 1757 1327 imprimis
1773 1283 2008 1331 Americae,
2032 1293 2100 1320 co-

284 1342 446 1391 piosae,
479 1348 592 1378 trans
617 1343 900 1385 capricornum
922 1349 1061 1386 rarae,
1095 1340 1154 1375 cis
1171 1348 1363 1374 cancrum
1386 1339 1551 1374 nonnisi
1572 1340 1613 1374 in
1632 1340 1762 1375 China
1784 1341 1939 1377 boreali
1962 1344 2100 1377 obser-

283 1404 406 1442 vatae
429 1400 608 1446 fuerunt,
640 1397 983 1441 Hippocastaneis
1007 1405 1145 1432 earum
1167 1395 1210 1431 in
1227 1396 1458 1438 temperatis
1474 1396 1781 1437 hemisphaerae
1795 1398 1973 1434 borealis
1987 1397 2101 1433 vices

285 1457 515 1501 agentibus.
574 1457 780 1498 Quaedam
809 1454 970 1497 species
994 1452 1197 1488 latissime
1220 1462 1293 1495 per
1315 1452 1500 1495 regiones
1523 1452 1701 1495 tropicas
1724 1453 1908 1489 diffusae.
1965 1455 2101 1489 Dodo-

284 1522 492 1550 naeaceae
508 1511 706 1555 imprimis
723 1512 765 1546 in
781 1513 896 1546 Nova
912 1509 1133 1545 Hollandia
1148 1511 1331 1549 creseunt
1343 1535 1352 1553 ,
1371 1509 1615 1544 Dodonaeae
1629 1508 1843 1552 speciebus
1860 1511 2101 1554 quibusdam

282 1572 403 1614 juxta
419 1571 622 1606 borealem
640 1572 679 1603 61.
695 1570 916 1604 australem
932 1566 1085 1601 ordinis
1102 1566 1314 1601 terminum
1330 1565 1578 1601 sedentibus.

430 1632 791 1686 Qualitates
817 1640 855 1674 et
876 1642 1045 1675 usus.
1087 1636 1436 1679 Sapindacearum
1453 1635 1584 1671 virtus
1602 1636 1814 1671 admodum
1829 1635 1960 1672 varia.
1998 1637 2102 1673 Sub-

287 1697 465 1732 stantiae
496 1697 797 1740 adstringentes
827 1699 865 1730 et
894 1703 1060 1731 amarae
1090 1693 1132 1728 in
1164 1693 1370 1735 plerisque
1400 1692 1666 1735 plurimarum
1696 1693 1880 1735 partibus
1910 1692 2103 1740 resident,

290 1754 436 1795 quibus
459 1753 501 1788 in
524 1751 831 1788 Dodonaeaceis
855 1751 994 1787 resina
1017 1754 1055 1786 et
1077 1749 1155 1785 olei
1179 1749 1355 1784 aetherei
1378 1751 1507 1790 portio
1526 1749 1694 1784 accedit.
1752 1750 1927 1785 Fructus
1943 1750 2106 1786 baccati

286 1810 552 1852 plurimarum
582 1813 621 1844 et
650 1809 849 1844 seminum
879 1808 1026 1843 arillus
1057 1815 1192 1852 muco,
1226 1808 1422 1841 saccharo
1447 1808 1485 1840 et.
1508 1805 1638 1840 acidis
1661 1805 1803 1841 liberis
1826 1805 2103 1849 gratissimum

288 1875 475 1908 saporem
501 1867 663 1910 debent,
697 1866 790 1899 dum
813 1864 945 1911 aliae,
978 1872 1081 1906 quae
1105 1872 1129 1898 a
1152 1861 1415 1907 substantiis,
1448 1865 1491 1897 ut
1515 1862 1676 1897 videtur
1691 1862 1991 1909 peculiaribus,
2021 1862 2104 1898 vim

286 1922 642 1958 vehementissime
657 1921 903 1956 narcoticam
920 1924 1125 1968 repetunt,
1156 1928 1406 1962 summopere
1420 1919 1636 1955 venenatis
1654 1918 1808 1962 plantis
1825 1921 2105 1956 accensentur.

287 1978 454 2016 semina
468 1982 554 2014 oleo
572 1978 712 2021 pingui
729 1977 836 2013 foeta
853 1980 961 2013 sunt.

433 2045 890 2094 SapindiSnponariae
904 2047 1047 2094 Linn.,
1079 2045 1235 2082 arboris
1258 2045 1299 2081 in
1315 2045 1486 2082 Antillis
1509 2044 1750 2092 crescentis,
1783 2048 1920 2085 cortex
1935 2048 1974 2082 et
1987 2044 2108 2081 radix

290 2107 550 2149 adstringens
580 2105 769 2140 remediis
800 2101 1125 2140 amaro--tonicis
1156 2105 1483 2139 adnumerantur.
1557 2103 1709 2138 Eadem
1740 2103 1898 2141 fructus
1927 2102 2104 2149 carnosi,

292 2162 518 2198 dulcamari
547 2166 586 2197 et
617 2160 908 2204 adstringentis
933 2156 1143 2201 (Nuculae
1168 2157 1452 2203 saponariam
1484 2161 1581 2194 laus
1610 2162 1685 2194 est.
1741 2160 1874 2202 Pulpa
1904 2159 2107 2195 fructuum

290 2228 382 2254 cum
413 2227 520 2261 aqua
549 2218 719 2261 saponis
750 2217 882 2252 instar
912 2219 1092 2262 spumat,
1126 2215 1348 2257 frequentis
1372 2215 1413 2249 in
1436 2216 1616 2250 lavanda
1640 2217 1741 2260 tela,
1774 2224 1894 2257 quam
1917 2215 2108 2251 acredine

291 2275 529 2321 corrumpit,
567 2284 683 2311 usus.
751 2265 959 2318 Sapindus
992 2270 1240 2319 lllurz’folizcs
1270 2272 1413 2316 Vahl.,
1453 2268 1661 2315 Sapv'ndus
1692 2271 1956 2306 aromaticus
1985 2272 2107 2308 Valil.

292 2332 480 2374 aliaeque
503 2331 662 2375 species
686 2330 728 2365 in
751 2330 857 2366 Asia
881 2328 1037 2372 tropica
1059 2331 1287 2363 crescentes
1312 2328 1485 2363 similem
1511 2337 1630 2362 usum
1647 2328 1873 2363 admittunt.
1934 2324 2112 2374 Sapimlz·

294 2388 553 2434 emarginati
567 2388 728 2433 Wffld„
754 2387 794 2421 in
814 2386 988 2429 Georgia
1003 2388 1041 2420 et
1056 2384 1247 2420 Carolina
1266 2384 1461 2429 indigeni,
1485 2383 1644 2419 fructus
1662 2383 1972 2420 Terebinthinae
1988 2385 2108 2420 odore

292 2454 455 2487 graves,
513 2443 671 2487 Speciel
688 2443 931 2488 Africanae,
965 2437 1142 2486 Sapz'udz·
1163 2438 1446 2486 senegalensz's
1469 2441 1601 2489 Poir.)
1626 2443 1779 2477 baccae
1802 2441 1909 2484 apud
1926 2441 2107 2485 Nigritas

293 2506 332 2537 et
363 2503 619 2538 Novaccolas
649 2500 692 2534 in
724 2499 883 2534 deliciis
913 2501 1129 2541 habentur,
1163 2506 1307 2540 sapore
1337 2497 1468 2541 dulci,
1498 2496 1642 2531 vinoso
1673 2497 2108 2533 commendatissimae.

291 2558 459 2593 Semina
474 2560 676 2593 venenata
692 2559 894 2598 putantur.
955 2546 1133 2598 Supinas
1147 2551 1378 2587 aromatici
1391 2555 1533 2597 Vahl.,
1565 2553 1919 2601 arbor-isindicae,
1951 2544 2108 2589 fructus

292 2622 382 2649 cum
401 2613 670 2649 amaritudine
687 2613 849 2656 dulces,
880 2611 1048 2646 remedii
1066 2609 1227 2654 egregie
1253 2609 1556 2652 expectorantis
1578 2611 1700 2644 laude
1724 2609 1874 2645 florent.
1934 2606 2111 2655 Sapmdz'

281 2669 497 2720 ‘ft-”zetunsi
517 2672 645 2705 Roxb.
669 2668 815 2713 indici,
848 2671 887 2703 et
910 2665 1087 2711 Sapi'mle
1100 2664 1304 2700 esculenta
1327 2667 1383 2700 St.
1402 2666 1482 2700 llil.
1508 2663 1759 2708 (Pittomba)
1781 2668 1933 2701 baccae
1955 2667 2109 2703 edules.

290 2728 444 2763 Eadem
468 2726 572 2761 inter
586 2725 855 2760 Americanas
871 2723 993 2759 etiam
1010 2721 1263 2757 Melie-accae
1278 2720 1445 2772 bv'jngae
1460 2724 1491 2757 Ι
1498 2722 1580 2756 11111.
1598 2725 1633 2756 61
1651 2721 1755 2756 111161
1771 2721 1967 2769 asiaticas
1984 2719 2108 2756 DIele-

293 2791 444 2818 coccae
479 2780 664 2827 trr‘jugae
687 2781 958 2816 Wi11d.1aus
982 2783 1055 2815 651..
1114 2771 1335 2821 Utriusque
1357 2778 1509 2820 speciei
1533 2778 1679 2813 arillus
1703 2777 1810 2813 inter
1831 2777 1939 2813 orbis
1963 2777 2108 2821 tropici

293 2840 499 2882 lautitias,
535 2842 672 2873 cortex
694 2837 799 2872 inter
823 2836 1002 2871 remedia
1016 2836 1313 2877 adstringentia
1328 2837 1575 2869 numeratur.
1635 2832 1853 2878 ·Cupamae
1871 2832 2107 2878 (Blighiaej

294 2893 470 2940 sapidae
485 2895 608 2939 Korn,
641 2903 691 2928 ex
707 2893 876 2928 Africae
899 2901 971 2927 ora
994 2892 1237 2927 occidentali
1261 2901 1331 2934 per
1354 2890 1542 2933 regiones
1559 2889 1739 2931 tropicas
1756 2889 1880 2925 totius
1899 2889 1982 2926 fere
1999 2890 2108 2926 orbis

295 2951 605 2997 disseminatae,
639 2949 784 2984 arillus
807 2949 1039 2983 comeditur.
1096 2949 1129 2983 Ε
1155 2947 1356 2982 fructibus
1373 2955 1461 2981 cum
1479 2948 1677 2980 saccharo
1695 2948 1734 2980 et
1750 2945 2000 2982 cinnamomo
2016 2948 2108 2990 pul—

295 3010 372 3043 tem
398 3010 592 3052 coquunt,
623 3005 666 3045 in
690 3004 914 3039 diarrhoeis
937 3004 1194 3049 sumendum,
1228 3004 1388 3039 eosdem
1411 3004 1487 3040 sub
1510 3001 1718 3037 cineribus
1749 3004 1913 3039 assatos
1940 3003 1992 3038 ad
2021 3010 2109 3038 ma·-

294 3065 488 3100 turandos
507 3067 681 3098 tumores
697 3060 915 3104 languidos
932 3060 1136 3095 adhibent.
1187 3058 1433 3096 Stillaticiae
1449 3057 1587 3093 florum
1604 3067 1734 3100 aquae
1748 3058 1939 3094 virtutem
1955 3066 2109 3094 cosme-

294 3121 417 3156 ticam
433 3120 614 3163 Nigritae
635 3125 780 3152 servae
804 3112 987 3151 dominas
1011 3117 1192 3151 docuere.
1255 3112 1470 3160 Cupam'ae
1491 3117 1751 3149 tomes-atowe
1766 3116 1852 3150 Sw.
1876 3114 1920 3150 111
1935 3114 2109 3150 Antillis

295 3181 563 3222 spontaneae,
595 3173 753 3211 semina
776 3173 1004 3210 Castaneas
1019 3174 1297 3219 aemulantur,
1329 3170 1485 3207 fructus
1502 3173 1540 3207 et
1554 3170 1654 3207 folia
1668 3170 1836 3207 remedii
1851 3170 2110 3215 adstringen-

293 3233 347 3269 tis
362 3235 450 3269 loco
466 3235 574 3269 sunt.

440 3298 693 3337 δεΙιηιίάεἷεα
709 3302 884 3336 serrata
899 3298 980 3336 Dc.
1005 3297 1163 3344 indica,
1197 3294 1451 3332 δσΙιηιπίεᾶα
1467 3295 1675 3346 afrzcana
1689 3294 1772 3334 Dc.
1796 3277 1843 3333 61ι
1858 3292 2111 3331 Schmidelm

297 3356 429 3394 edales
446 3362 501 3394 St.
520 3359 601 3394 Hil
625 3357 888 3395 brasiliensis
911 3356 1017 3394 inter
1038 3354 1273 3393 fructiferas
1295 3358 1579 3405 numerantur,
1610 3354 1732 3429 etiam
1754 3353 1904 3391 cortice
1919 3361 2057 3391 amaro
2072 3355 2113 3389 et

296 3415 572 3460 adstringente
585 3414 722 3451 utiles.
