2147 3756
1021 136 1139 186 200

1139 212 1252 220 -——‘

171 307 308 353 ficum,
340 306 551 349 antiquum
576 307 686 343 Inter
714 312 753 343 et
775 316 923 344 novum
948 310 1082 343 orbem
1106 308 1298 352 effusum,
1327 306 1479 342 limites
1501 307 1755 343 extrinsecus
1786 316 1987 349 opponere

171 361 365 412 infestos,
397 363 465 405 qui
495 363 531 399 si
562 366 747 411 tollatur,
778 364 838 399 nil
868 364 1052 399 relictum
1084 367 1212 407 esset,
1244 363 1347 405 quod
1370 366 1629 406 utrarumque
1650 363 1924 405 coniunctioni
1947 368 1987 398 et

168 418 428 461 permixtioni
458 429 550 455 sese
579 424 808 462 opponeret.
864 419 992 462 Igitur
1020 428 1101 453 non
1131 420 1262 454 solum
1293 418 1489 465 tropicas,
1521 420 1592 454 sed
1621 420 1748 455 veluti
1773 419 1985 461 antipodas

171 475 288 509 nobis
319 476 586 517 appellandas
608 485 699 511 esse
721 478 796 510 has
819 477 1005 520 arbores,
1035 478 1172 516 utpote
1195 483 1364 516 quarum
1388 475 1599 520 cinguluS,
1631 475 1736 510 inter
1757 476 1909 519 gradus
1932 474 1978 508 43

171 531 218 565 L.
243 531 293 566 A.
319 535 358 566 et
379 534 428 566 45
447 532 492 566 L.
509 532 554 566 B.
578 539 603 566 a
619 533 747 575 gradu
773 532 822 563 90
840 531 886 565 L.
905 539 961 565 or.
986 531 1036 565 ad
1059 531 1229 573 gradum
1244 532 1294 564 65
1313 531 1358 565 L.
1378 539 1434 565 or.
1451 532 1614 574 globum
1631 535 1883 572 terraqueum
1901 538 1982 565 azn-

171 585 254 621 biat
267 613 277 632 ,
304 587 404 622 solis
423 587 610 629 aequoris
629 589 751 629 plaga
766 586 996 629 insulisque
1010 586 1137 622 maris
1153 586 1333 633 pacifici,
1357 594 1461 628 quae
1476 586 1669 622 Laurinis
1687 586 1900 622 arboribus
1916 594 1982 629 pe-

171 642 283 679 nitus
301 646 461 689 carent,
491 643 751 685 interruptus.

311 713 361 747 Et
379 715 480 747 haec
503 712 661 754 quidem
687 711 843 758 fusius,
875 720 994 754 quam
1017 711 1244 754 praesentis
1268 719 1412 754 operae
1436 710 1615 748 rationes
1637 712 1863 755 postulant,
1892 719 1985 752 per-

173 772 366 813 tractata,
399 768 560 803 totidem
584 772 717 803 tamen
741 767 888 802 summi
908 767 988 802 viri
1010 768 1144 803 verbis
1161 767 1254 802 huic
1269 768 1371 803 libro
1389 767 1606 802 inserenda
1622 767 1875 809 putavimuS,
1904 775 1984 801 non

172 823 263 859 ideo
287 828 460 868 tantum,
494 828 536 858 ut
562 826 751 858 absoluta
776 823 1070 858 distributionis
1094 824 1391 868 geographicae
1414 823 1661 859 nobilissimi
1677 826 1904 866 plantarum
1920 831 1987 857 or-

172 880 281 915 dinis
303 882 501 915 habeatur
523 879 676 924 imago,
708 880 779 915 sed
804 883 846 914 ut
868 881 1076 915 luculento
1099 880 1222 914 simul
1246 881 1429 921 exemplo
1454 884 1671 925 appareat,
1705 879 1895 921 quomodo
1921 877 1984 913 fa-

172 936 314 972 miliae
336 936 559 980 naturalis,
591 944 694 977 quae
717 935 825 970 omni
849 945 900 971 ex
925 939 1037 977 parte
1054 940 1113 971 est
1131 936 1460 979 circumscripta,
1493 939 1532 971 et.
1549 935 1764 977 disjunctis
1781 944 1802 969 e
1819 938 1986 970 naturae

171 997 274 1027 nutu
296 991 523 1033 specierum
546 1001 617 1034 per
640 999 790 1035 genera
811 991 998 1036 sedibus,
1030 995 1067 1027 et
1091 991 1302 1034 dispositis
1326 992 1368 1026 in
1393 992 1521 1027 tribus
1546 993 1754 1026 naturales
1771 990 1986 1032 generibus

172 1048 248 1083 rite
271 1047 458 1083 ordinata
479 1051 518 1083 et
541 1048 780 1092 constituta,
813 1047 989 1083 rationes
1011 1048 1305 1091 geographicae
1327 1048 1410 1082 sint
1433 1048 1716 1091 exponendae,
1749 1051 1787 1082 et
1804 1048 1987 1082 absoluto

171 1107 418 1151 systemate,
450 1103 518 1140 cui
546 1103 675 1140 veluti
705 1103 968 1140 fundamento
996 1103 1128 1140 omnis
1151 1104 1317 1140 ulterior
1340 1103 1528 1141 innititur
1548 1103 1798 1148 disquisitio,
1831 1101 1989 1146 possint

170 1169 334 1204 expom.

314 1253 675 1306 &ualitates
693 1262 731 1297 et
746 1265 914 1300 usus-
958 1262 1018 1297 De
1033 1260 1328 1297 Laurinearum
1343 1259 1500 1297 viribus
1515 1258 1686 1296 medicis
1702 1262 1741 1294 et.
1755 1266 1835 1294 usu
1850 1255 1988 1292 dicen-

174 1320 255 1364 tes,
288 1319 457 1353 eundem
480 1328 596 1361 quem
620 1320 818 1353 hactenus
842 1320 981 1353 ducem
1008 1327 1148 1360 presso
1174 1319 1273 1360 pede
1296 1317 1517 1359 sequimur.
1575 1317 1754 1352 Arbores
1770 1313 1988 1357 LaurinaS,

174 1382 279 1416 quae
296 1374 455 1416 quidem
471 1374 629 1410 viribus
647 1378 684 1409 ct
700 1379 878 1410 aromate
894 1376 1169 1420 praecellunt,
1201 1375 1288 1409 oleo
1304 1374 1481 1417 gaudere
1497 1375 1682 1408 aethereo
1698 1373 1851 1416 monet,
1882 1369 1991 1404 intra

171 1430 309 1465 radios
338 1431 585 1466 medullares
616 1429 778 1466 corticis
807 1430 984 1465 maxime
1014 1434 1186 1476 secreto,
1232 1430 1304 1465 sed
1334 1429 1456 1465 etiam
1486 1428 1529 1463 in
1559 1428 1744 1464 foliorum
1773 1426 1992 1468 florumque

172 1486 381 1529 glandulis
398 1487 595 1528 disperso.
620 1485 708 1521 Olei
725 1486 903 1521 aetherei
920 1486 1118 1522 fervorem
1134 1486 1176 1520 in
1193 1485 1289 1521 aliis
1306 1485 1424 1527 quasi
1440 1485 1482 1520 iu
1500 1483 1754 1519 dulcedinem
1771 1481 1896 1527 abire,
1913 1490 1990 1523 quo

177 1540 490 1576 cinnamomum
521 1544 786 1588 producatur,
819 1545 868 1578 ab
899 1545 1030 1577 altera
1050 1546 1184 1576 autem
1208 1544 1319 1583 parte
1342 1540 1576 1585 refrigerari
1598 1539 1716 1582 quasi
1738 1548 1786 1574 ac
1810 1538 1991 1587 delique-

175 1608 290 1634 scere
307 1598 444 1643 fugaci
463 1595 727 1644 Camplmme
744 1598 872 1634 halitu
885 1625 894 1643 ,
912 1598 1017 1633 inter
1033 1598 1301 1640 camphoram
1316 1597 1440 1641 igitur
1455 1601 1494 1632 et
1511 1595 1817 1632 cinnamomum
1832 1592 1992 1630 versari

172 1655 447 1690 Laurinarum
463 1658 651 1691 arborum
668 1659 826 1690 secreta
842 1654 1044 1697 specifica.
1102 1655 1208 1690 Esse
1224 1654 1440 1699 quasdam,
1473 1662 1526 1688 ex
1542 1650 1799 1687 orientalium
1816 1650 1991 1695 agmine,

173 1720 277 1753 quae
297 1709 559 1745 Cimmmomz'
578 1714 724 1754 plenae
742 1719 858 1745 omne
881 1713 1182 1752 camphoratum
1205 1714 1276 1744 aut
1290 1711 1486 1752 repellere
1503 1708 1663 1743 omnino
1680 1711 1748 1742 aut
1766 1708 1816 1742 ad
1833 1706 1994 1742 radices

175 1767 397 1810 deprimere
412 1767 641 1812 videantur,
673 1769 816 1801 harum
832 1766 932 1800 folia
947 1768 1012 1801 vel
1029 1765 1122 1807 ipsa
1138 1765 1443 1800 cinnamomum
1460 1765 1631 1810 spirare,
1655 1765 1720 1798 vel
1739 1763 1994 1806 Caryophyl-

174 1825 305 1859 lorum
323 1826 508 1859 subolere
525 1822 831 1866 praestantiam,
854 1824 920 1863 vel
936 1823 987 1856 ad
1005 1821 1238 1856 debiliorem
1254 1820 1450 1856 infirmari
1466 1820 1719 1855 dulcedinem
1736 1823 1806 1854 aut
1820 1818 1994 1854 mucila-

174 1880 322 1923 ginem.
381 1876 678 1915 Laurinearum
707 1877 1020 1913 occidentalium
1050 1878 1248 1919 quasdam
1277 1877 1420 1912 rudius
1451 1877 1649 1919 quoddam
1674 1875 1993 1920 cinnamomum,

175 1936 387 1980 magisque
418 1933 678 1978 adstringens
709 1942 925 1980 generare,
957 1935 1030 1969 sed
1060 1933 1165 1968 idem
1197 1932 1450 1968 Cinnamomi
1480 1940 1638 1977 aroma,
1672 1930 1790 1973 quasi
1821 1932 1994 1973 quodam

178 1991 318 2027 florum
334 1990 626 2026 Aurantiorum
648 1989 848 2026 connubio
870 1990 910 2024 in
934 1991 1221 2025 nonnullarum
1244 1990 1431 2023 arborum
1453 1987 1762 2024 brasiliensium
1778 1986 1928 2022 cortice
1943 1986 1996 2022 ad

176 2056 375 2084 summam
386 2047 651 2091 fragrantiam
660 2047 814 2093 extolli,
832 2050 1168 2082 Mascarenarum
1184 2044 1572 2087 etMadagascariae
1587 2043 1802 2086 indigenas
1818 2043 1938 2078 odore
1955 2045 1995 2077 et

177 2113 324 2147 sapore
340 2114 432 2139 esse
449 2102 701 2138 Cinnamomi
714 2101 888 2149 vilioris,
914 2106 1092 2138 aromate
1108 2101 1235 2136 veluti
1251 2100 1481 2143 promiscuo
1498 2105 1617 2142 atque
1634 2099 1803 2142 impuro.
1833 2100 1881 2134 In
1898 2098 1994 2133 aliis

178 2165 320 2196 contra
346 2156 626 2204 Ccmphormn
653 2161 923 2206 praepollere,
955 2167 1192 2200 omnemque
1216 2156 1301 2192 fere
1323 2166 1375 2192 ex
1399 2156 1507 2191 omni
1531 2160 1643 2198 parte
1667 2155 1766 2190 viva
1788 2157 1994 2197 expellere

178 2210 432 2252 cinnamomi
458 2215 718 2251 suavitatem.
775 2216 943 2261 Latere,
976 2215 1044 2250 ubi
1067 2213 1307 2249 sublimiora
1327 2215 1427 2248 haec
1444 2212 1637 2258 emicant,
1669 2211 1863 2247 leniorem
1878 2211 1996 2246 illam

179 2273 373 2310 corticum
403 2272 715 2308 amaritudinem
746 2275 785 2306 et
814 2271 897 2307 vim
928 2270 1249 2314 adstringentem
1279 2277 1327 2304 ac
1359 2271 1702 2313 corroborantem,
1735 2266 1995 2309 quaeneutri

179 2329 341 2367 omnino
372 2330 514 2364 deesse
542 2328 703 2363 videtur
731 2327 859 2363 nostri
889 2327 1043 2362 ordinis
1074 2325 1220 2362 arbori.
1278 2325 1530 2367 Ubicumque
1560 2328 1693 2359 autem
1723 2323 1900 2359 aetherei
1924 2326 1995 2358 aut

179 2386 284 2422 nihil
307 2389 378 2421 aut
399 2384 637 2428 imperfecta
658 2387 863 2430 etsparsa
878 2387 1032 2419 tantum
1049 2385 1312 2426 procreantur
1327 2381 1508 2423 ejusdem
1524 2379 1762 2424 primordia,
1793 2378 1850 2414 ibi
1867 2378 1996 2414 amari

180 2451 339 2485 semper
369 2441 522 2483 aliquid
540 2440 738 2487 residere,
771 2440 936 2475 diversa
964 2439 1007 2474 vi
1037 2443 1075 2474 et
1095 2437 1326 2474 intensione
1351 2445 1500 2484 agens,
1532 2440 1571 2471 et
1593 2445 1735 2478 purum
1757 2433 1798 2470 i‘cl
1820 2435 1993 2480 quidem,

181 2503 252 2535 aut
282 2496 528 2534 acrimoniae
558 2497 738 2543 cuidam,
772 2499 842 2532 aut
863 2496 905 2532 vi
928 2494 1200 2540 adstringenti
1221 2494 1489 2536 conjunctum.
1548 2492 1726 2528 Mediam
1748 2491 1868 2534 quasi
1890 2490 1996 2526 inter

180 2555 449 2597 camphoram
478 2557 516 2590 et
546 2553 852 2589 cinnamomum
881 2552 1033 2587 intrare
1064 2555 1102 2587 et
1130 2550 1283 2586 virium
1313 2553 1350 2585 et
1380 2548 1515 2584 odoris
1545 2552 1665 2591 atque
1694 2546 1856 2591 saporis
1880 2547 1995 2583 illam

181 2611 381 2657 speciem,
414 2619 535 2652 quam
558 2607 794 2658 Sassafras
819 2608 958 2656 refert,
991 2611 1029 2644 et
1052 2607 1210 2651 quidem
1233 2606 1276 2641 in
1293 2605 1390 2641 aliis
1407 2614 1497 2640 cum
1515 2605 1789 2640 ciimamomeo
1806 2604 1884 2639 isto
1903 2612 1995 2638 con-

177 2669 381 2714 Junctam,
412 2666 454 2702 in
484 2666 582 2702 aliis
603 2666 736 2711 magis
764 2667 815 2701 ad
838 2665 1102 2708 camphoram
1126 2662 1407 2698 declinantem.
1468 2658 1614 2695 Lauro
1637 2658 1769 2694 nobili
1789 2660 1998 2703 singulare

181 2734 275 2760 esse
305 2732 424 2759 suum
453 2731 610 2769 aroma,
650 2731 774 2765 grave
805 2726 844 2757 et
872 2731 985 2768 acre,
1023 2720 1211 2756 omnibus
1242 2717 1399 2754 arboris
1429 2717 1637 2764 partibus,
1670 2717 1833 2752 diversa
1862 2720 1997 2751 tamen

179 2781 302 2823 copia
322 2779 526 2825 innatum,
560 2779 749 2814 corticem
772 2776 961 2812 Beazoz‘n
985 2777 1131 2823 simili,
1163 2774 1346 2812 suaviori
1370 2774 1555 2816 quamvis
1572 2775 1724 2816 pollere
1739 2773 1889 2808 virtute
1905 2780 1997 2807 aro-

182 2836 334 2872 matitza
363 2840 401 2871 et.
431 2835 720 2879 adstringente.
782 2831 965 2868 Fructus
988 2831 1327 2873 Laecrz'nearum,
1361 2830 1429 2872 qui
1452 2829 1645 2867 sicciores
1669 2831 1782 2874 sunt,
1816 2832 1885 2863 aut
1908 2830 1995 2863 solo

182 2895 270 2928 oleo
302 2894 487 2927 aethereo
511 2901 602 2927 esse
625 2891 850 2938 praeditos,
881 2894 952 2926 aut
976 2889 1059 2926 fere
1081 2888 1303 2934 insipidos,
1334 2885 1377 2922 in
1402 2886 1534 2921 fructu
1558 2887 1726 2920 baccato
1749 2887 1787 2920 et
1810 2892 1995 2931 carnoso,

183 2949 252 2991 qui
282 2947 485 2991 plerisque
514 2947 673 2989 quidem
703 2947 877 2982 tributus
902 2950 981 2992 est,
1012 2945 1162 2988 pingue
1184 2942 1352 2986 produci
1374 2944 1526 2988 oleum,
1557 2941 1742 2982 idemque
1767 2943 1833 2975 aut
1859 2940 1998 2976 addita

182 3004 431 3047 mucilagine
462 3008 501 3038 et
524 3005 719 3038 saccharo
743 3002 862 3045 quasi
886 2998 1109 3036 emollitum
1132 3004 1171 3035 et
1194 3007 1453 3043 saporosum,
1485 3003 1555 3032 aut
1578 2996 1820 3031 acritudinis
1844 2999 1881 3031 et
1904 3005 1997 3031 aro-

182 3061 304 3097 matis
322 3061 535 3102 cujusdam
552 3058 681 3093 amari
699 3062 735 3093 et
751 3058 858 3093 acris
877 3060 1052 3100 plenum.
1092 3053 1384 3099 Pinguedinem
1399 3053 1514 3088 illam
1526 3079 1544 3098 ,
1560 3052 1628 3087 ubi
1642 3053 1781 3096 purior
1797 3051 1998 3095 suavique

183 3119 363 3152 aromate
392 3116 547 3151 imbuta
575 3114 772 3159 gignitur,
804 3113 861 3148 ibi
892 3122 1016 3155 saepe
1047 3113 1099 3148 ad
1129 3113 1461 3147 cerae‘naturam
1491 3108 1684 3156 transire,
1715 3112 1998 3152 plerarumque

185 3177 320 3208 autem
349 3171 507 3208 semina
537 3172 624 3205 oleo
648 3173 885 3214 butyraceo,
916 3169 1000 3204 acri
1024 3174 1062 3204 et
1084 3165 1304 3203 aromatico
1328 3174 1420 3201 esse
1445 3165 1571 3211 foeta,
1603 3164 1828 3200 innumeris
1850 3164 1998 3200 virium

184 3228 392 3272 gradibus.
450 3228 605 3263 Multas
630 3225 802 3268 denique
816 3225 1114 3261 Laurinearum
1135 3223 1328 3258 inodoras
1351 3220 1436 3257 fere
1453 3230 1544 3256 esse
1562 3225 1597 3256 et
1615 3221 1840 3266 insipidas,
1874 3228 1997 3262 quas-

186 3286 278 3319 dam
294 3288 429 3320 autem
451 3291 598 3319 succos
619 3284 766 3318 vehere
789 3280 899 3317 rubri
922 3285 993 3316 aut
1016 3279 1192 3316 violacei
1216 3278 1384 3324 coloris,
1417 3279 1559 3320 quales
1583 3281 1675 3312 sunt
1693 3276 1995 3320 Myristicarum

186 3340 321 3386 succi,
346 3339 506 3383 saporis
522 3337 630 3374 acris
642 3365 652 3385 ,
678 3341 716 3373 et
732 3337 978 3382 gravissimo
994 3336 1143 3372 foetore
1159 3343 1279 3371 nares
1296 3337 1333 3369 et
1349 3335 1562 3376 pulmones
1578 3333 1815 3369 afficientes.
1853 3333 1999 3368 Patere

187 3405 238 3431 ex
253 3395 333 3442 his,
357 3396 437 3432 vim
454 3393 876 3443 medicamLaurirlcis
891 3393 936 3429 in
953 3392 1187 3429 universum
1203 3399 1295 3428 esse
1311 3389 1573 3425 aromaticam
1590 3392 1627 3424 et.
1644 3388 1902 3435 excitantem,
1927 3395 1997 3432 ca-

188 3451 333 3501 lidam,
366 3451 539 3489 tonicam
561 3453 599 3488 et
622 3453 895 3498 roborantem,
924 3457 1123 3487 venenum
1148 3451 1283 3487 autem
1307 3445 1486 3482 alienum
1514 3444 1645 3481 videri
1668 3447 1719 3481 ab
1744 3444 1822 3481 isto
1844 3443 1997 3489 ordine„
