2147 3756
1021 135 1131 185 ¹⁸9ss

907 212 1141 221 ’‘w—p*
1179 216 1181 219 .
1197 213 1250 219 .....-,

171 309 232 341 set
249 304 466 340 Jusslevus
483 305 745 349 Mommieas,
776 306 1092 350 Aliter-osperma
1113 310 1151 343 et
1166 307 1422 352 Laui-eliam,
1455 312 1641 344 revocato
1663 307 1703 343 ln
1729 317 1865 344 eorum
1887 317 1985 344 con-

173 361 399 396 tubernium
430 361 550 396 etiam
576 362 846 404 Calycantlio,
878 364 999 398 simul
1024 366 1328 405 amplectentes.
1387 365 1586 400 Robertus
1609 366 1760 400 Brown
1783 365 1986 407 duplicem

170 417 348 451 ordinem
372 417 566 461 instituit,
599 418 961 453 Monimiacearum
985 422 1022 452 et
1044 420 1495 466 Atlierospermearum3
1524 422 1598 456 lias
1627 423 1885 456 antherarum
1918 421 1986 455 de-

171 472 372 508 hiscentia
391 473 593 509 valvulari
609 474 787 515 aliquam
804 484 893 508 cum
910 474 1131 510 Laurineis
1144 475 1381 510 affinitatem
1400 485 1496 518 prae
1512 486 1556 512 se
1573 476 1695 522 ferre,
1720 476 1841 521 illas,
1867 475 1986 519 quasi

170 528 378 572 perigonio
395 530 631 573 destitutas,
663 529 943 575 elimontem,
974 530 1091 566 flores
1109 531 1303 573 plurimos
1319 533 1448 567 nudos
1474 532 1655 577 fovente,
1686 534 1877 579 donatas,
1908 533 1987 567 Ur·
2048 550 2052 554 -

172 584 288 619 liceis
318 585 472 620 arctius
503 587 696 620 accedere
729 585 890 631 statuit,
922 585 1024 620 nihil
1057 588 1104 622 de
1127 587 1369 630 Calycanthi
1392 588 1589 624 affinitate
1614 589 1850 624 decernens.
1908 589 1988 624 Ast

172 640 414 682 Calycanthi
453 651 601 685 genus,
648 644 820 675 naturae
850 646 950 677 nutu
981 642 1179 690 divisum,
1225 644 1276 678 ad
1309 644 1463 679 ordinis
1494 644 1730 687 dignitatem
1759 644 1986 686 Lindleyus

171 696 326 741 evexit,
357 696 468 732 floris
486 694 801 731 conformatione
817 697 1170 741 Atlrerospermeis
1187 702 1230 734 ut
1256 702 1300 734 ut
1321 699 1461 746 affine,
1495 700 1691 742 qualitate
1715 698 1988 735 necessitudi-

169 761 261 787 nem
286 752 405 787 etiam
431 752 707 797 confirmante,
741 752 906 789 diversa
929 758 1062 790 tamen
1085 755 1316 798 emhryonis
1347 755 1663 792 elaboratissimi
1694 755 1891 798 dignitate
1922 755 1988 791 sui

165 808 284 849 juris.
344 809 428 852 Ego
452 810 499 842 de
517 808 888 849 Calycanthearum
910 810 1095 853 legitima
1111 813 1207 847 sede
1224 812 1391 857 dubius,
1423 813 1606 860 easdem,
1637 811 1719 848 nisi
1735 810 1839 847 inter
1854 811 1987 847 Moni-

168 864 299 899 mieas
333 869 367 898 et
399 865 760 905 Atherospermeas
792 868 1038 902 collocentur
1067 868 1244 915 mediae,
1289 867 1589 914 Rosiflorarum
1611 870 1799 903 catervae
1827 867 1989 903 interim

168 921 278 954 haud
303 920 438 963 inepte
462 920 623 955 misceri
639 922 885 968 concedens,
918 923 966 958 de
982 923 1344 960 Monimiacearum
1360 924 1498 960 ordine
1512 924 1663 959 intacte
1679 926 1879 960 servando
1897 933 1986 966 per-

169 984 321 1011 suasus
338 986 448 1021 sum,
481 977 659 1011 Boldoae
681 975 840 1013 fabrica
861 978 1225 1024 integumentorum
1248 979 1447 1021 floralium
1469 984 1655 1016 naturam
1678 980 1922 1026 mihietiam
1945 979 1986 1014 in

170 1031 336 1073 reliquis
359 1032 575 1075 generibus
599 1032 918 1084 demonstrante,
950 1035 1130 1072 ordinem
1146 1036 1189 1072 in
1206 1037 1306 1072 duos
1323 1037 1562 1073 subordines
1579 1037 1780 1073 commode
1797 1036 1988 1082 divisum,

167 1097 271 1131 pone
286 1088 517 1124 Laurineas
535 1088 750 1124 collocavi.

313 1165 738 1222 Geoglfaphia·
809 1173 1053 1211 Distributio
1091 1177 1363 1221 geographica
1401 1175 1741 1213 necessitudinem
1778 1176 1989 1218 utriusque

168 1228 398 1264 subordinis
429 1230 715 1270 quodammodo
745 1231 963 1268 confirmat.
1023 1233 1170 1275 Omnes
1200 1236 1313 1269 trans
1344 1236 1623 1280 aequatorem,
1654 1233 1853 1276 plurimae
1877 1235 1989 1269 trans

168 1284 449 1326 capricornum
478 1285 676 1320 habitant.
741 1287 946 1322 Amborae
974 1291 1011 1323 et
1033 1289 1254 1325 Monimiae
1277 1290 1635 1334 Madagascariam
1665 1292 1700 1324 et
1723 1292 1991 1324 Mascarenas

169 1340 352 1387 insulas,
383 1340 563 1376 Kibarae
588 1343 734 1377 ,lavam
758 1343 999 1379 inhabitant.
1060 1345 1284 1381 Citrosmae
1307 1355 1548 1382 numerosae
1570 1346 1730 1388 species
1754 1345 1794 1379 in
1812 1343 1990 1379 Peruvia

168 1398 397 1438 sylvestres
421 1399 667 1443 nascuntur,
699 1399 873 1433 rariores
898 1399 941 1434 in
963 1401 1147 1436 Brasilia
1172 1404 1413 1438 observatae
1430 1401 1602 1437 fuerunt.
1662 1403 1930 1443 Hedycaryae
1945 1399 1988 1434 in

167 1454 280 1488 Nova
298 1453 524 1488 Zeelandia
540 1456 578 1487 et
594 1453 636 1487 in
651 1453 788 1489 vicino
805 1456 940 1489 Novae
957 1456 1202 1492 Hollandiae
1216 1459 1352 1493 littore
1368 1458 1634 1500 reperiuntur.
1673 1456 1988 1493 Australasicao

170 1508 372 1554 reliquae,
404 1509 742 1551 Atherospermae
756 1513 793 1545 et
808 1511 1097 1560 Doryphorae,
1130 1512 1329 1548 orientale
1344 1513 1459 1549 littus
1476 1513 1792 1555 extratropicum
1808 1513 1989 1547 incolen-

168 1569 250 1612 tes,
274 1564 421 1607 quibus
438 1565 596 1599 tertium
612 1565 742 1609 {genus
761 1566 1076 1614 innominatum,
1101 1568 1297 1605 ininsula
1312 1570 1482 1605 Diemen
1498 1570 1731 1613 indigenum
1748 1569 1987 1612 addendum,
2018 1596 2023 1601 ,

166 1622 360 1664 majorem
376 1630 468 1656 cum
484 1623 679 1657 Laurelia
695 1626 732 1657 et
749 1624 922 1670 Boldoa,
954 1624 1171 1668 generibus
1187 1625 1459 1671 chilensibus,
1491 1625 1799 1662 similitudinem
1821 1613 1983 1660 habe‘nt.

308 1698 672 1750 &ualitates
698 1709 737 1743 et
756 1713 925 1747 usus.
970 1709 1030 1743 De
1047 1709 1355 1745 Monimiearum
1374 1712 1703 1755 gerontogearum
1722 1707 1989 1752 qualitatibus

167 1759 271 1796 nihil
296 1762 492 1807 comperi,
526 1764 785 1799 americanae
809 1774 899 1799 cuin
915 1765 1265 1808 Atherospermeis
1289 1767 1534 1802 conveniunt
1558 1765 1751 1802 aromatis
1768 1763 1991 1807 nlyristicei
2014 1798 2016 1801 .

168 1827 208 1852 v.
234 1819 564 1860 suhcamphorati
589 1830 660 1862 per
683 1829 819 1855 omnes
846 1823 1010 1862 plantae
1029 1825 1164 1863 partes
1183 1823 1317 1858 diffusi
1334 1823 1579 1865 praesentia.
1642 1820 1879 1855 Cin-osmae
1896 1831 1990 1864 spe-

169 1873 321 1908 cierum
339 1873 436 1909 folia
453 1874 552 1909 Citri
568 1877 699 1910 oleum
717 1878 907 1912 redolent.
967 1875 1155 1911 Boldoae
1171 1883 1306 1921 partes
1324 1888 1461 1913 omnes
1478 1877 1742 1923 aromaticae,
1768 1878 1986 1920 druparum

170 1938 263 1964 caro
282 1930 432 1976 dulcis,
465 1930 618 1977 edulis‚
650 1932 851 1967 seminum
874 1935 1065 1969 albumen
1089 1936 1176 1970 oleo
1200 1934 1345 1978 pingui
1367 1937 1507 1970 scatet.
1567 1935 1714 1974 Cortex
1730 1936 1777 1969 ol)
1794 1936 1993 1969 substan--

171 1986 252 2020 tiae
276 1985 470 2022 tanninae
493 1987 652 2029 copiam
675 1987 718 2023 in
743 1990 961 2026 cerdonum
984 1999 1064 2026 usu
1086 1993 1160 2026 est.
1221 1986 1552 2036 Atherosperma
1577 1994 1615 2026 et
1640 1987 1847 2024 Lam-elia
1869 1988 1991 2025 nucis

170 2044 403 2078 mesenatae
418 2043 536 2078 odore
551 2045 741 2087 gaudent.
788 2042 1073 2092 Doryphorae
1087 2046 1264 2097 lignum,
1295 2047 1450 2083 colonis
1467 2045 1755 2084 australasicis
1770 2044 1990 2083 Sassafras

174 2098 343 2148 dictum,
376 2097 624 2136 foeniculum
639 2100 781 2145 spirat.

678 2235 849 2282 Ordo
884 2235 1040 2284 OVI-
1099 2238 1483 2286 Laurineae.

311 2335 535 2383 Arbores
566 2338 752 2401 saepius
784 2339 1028 2398 excelsae,
1069 2339 1346 2398 frondosae,
1387 2340 1538 2388 rarius
1569 2339 1863 2397 suffr-utices,
1912 2353 1988 2385 ra-

171 2405 355 2452 rissime
402 2405 578 2453 herbae
625 2408 864 2472 aphyllae,
918 2411 1224 2473 parasiticae,
1277 2410 1528 2459 volubiles.
1604 2410 1746 2457 Folia
1791 2409 1989 2466 alterna,

171 2474 403 2522 interdum
463 2479 808 2540 approximata,
875 2480 923 2527 in
981 2481 1241 2528 verticillos
1300 2482 1604 2545 imperfectos
1664 2480 1887 2527 coeuntia
1943 2496 1987 2526 v.

169 2545 637 2610 pseudo-opposita,
688 2550 940 2613 simplicia,
982 2552 1191 2614 integra,
1231 2567 1431 2599 nervosa
1463 2568 1506 2599 v.
1538 2551 1867 2614 penninervia,
1905 2565 1990 2597 vc·-

174 2616 659 2677 nuloso-reticulata,
699 2620 1024 2682 integerrima,
1071 2621 1342 2685 plerumque
1377 2622 1621 2679 coriacea,
1665 2620 1988 2683 perennanda,

172 2685 403 2734 interdum
435 2687 594 2736 subtus
627 2689 941 2752 glandulifera
972 2708 1014 2738 v.
1046 2701 1286 2755 punctata.
1340 2693 1562 2755 Stz'pulae
1594 2692 1765 2755 nullae.
1816 2691 1990 2738 Flores

171 2758 374 2820 perfecti
404 2774 449 2806 v.
481 2759 648 2806 abortu
678 2762 998 2820 unisexuales,
1046 2763 1316 2825 regulares,
1365 2763 1601 2810 racemosi
1638 2779 1681 2809 v.
1713 2760 1987 2824 paniculati‚

173 2843 294 2874 nunc
341 2829 388 2874 in
433 2828 647 2877 umbellis
691 2831 965 2879 axillaribus
1009 2833 1312 2890 involucrati,
1367 2833 1605 2879 rarissime
1651 2832 1842 2894 spicati,
1905 2831 1990 2876 tri-

171 2898 428 2955 bracteati,
475 2899 720 2962 pedicellis
753 2900 934 2948 demum
966 2918 1106 2965 saepe
1138 2903 1512 2950 increscentibus
1544 2902 1768 2965 impositi.
1850 2901 1989 2948 Peri-

170 2970 369 3030 gom‘um
401 2969 686 3032 calycinum‚
733 2972 1100 3035 gamophyllum,
1149 2971 1603 3035 quadri-sexlidum,
1650 2971 1832 3018 laciniis
1862 2969 1988 3016 bise-

173 3039 332 3096 riatis,
366 3039 632 3098 trinerviis,
664 3041 1012 3098 crassiusculis,
1046 3043 1168 3089 intus
1192 3058 1331 3104 saepe
1356 3041 1744 3105 pubescentibus,
1778 3038 1989 3105 quando-

175 3124 265 3170 que
317 3109 420 3155 fere
476 3109 723 3168 obsoletis,
785 3112 1095 3159 aestivatione
1147 3112 1421 3159 imbricatis.
1515 3114 1690 3159 Discus
1741 3126 1985 3168 carnosus,

174 3179 411 3240 perigenii
455 3178 599 3226 fundo
645 3178 864 3239 adflatus,
919 3197 1021 3228 cum
1068 3181 1277 3244 ejusdem
1321 3182 1422 3229 basi
1465 3183 1746 3245 persistens,
1799 3181 1988 3244 saepius

178 3264 277 3293 curn
311 3248 466 3295 fructu
497 3251 790 3298 increscens,
860 3252 1080 3299 Stamina
1110 3253 1363 3316 perigyna,
1412 3250 1531 3299 disci
1562 3253 1762 3314 margini
1793 3252 1986 3308 inserta,

178 3316 468 3381 quadruplici
507 3320 778 3368 laciniarum
816 3322 1049 3384 perigonii
1089 3338 1281 3369 numero
1321 3339 1364 3370 v.
1396 3322 1564 3370 abortu
1600 3322 1799 3385 triplici,
1844 3321 1988 3368 inter-

179 3386 283 3433 dum
316 3387 488 3452 duplici
520 3407 562 3437 v.
595 3391 820 3454 simplici,
847 3399 1035 3455 tumque
1066 3391 1231 3439 iisdem
1264 3394 1501 3457 opposita,
1533 3393 1683 3440 rarius
1715 3390 1987 3458 quintuplici

152 3464 222 3503 ‘v.
269 3458 409 3506 ctiam
454 3454 721 3526 sextupliciss
800 3463 1071 3512 Fz‘lamenta
1116 3462 1287 3523 libera,
1347 3462 1511 3527 glabra
1554 3479 1599 3513 v.
1645 3463 1790 3521 hirta,
1849 3461 1986 3525 apice
