<?xml version="1.0" encoding="UTF-8"?>
<!DOCTYPE html PUBLIC "-//W3C//DTD XHTML 1.0 Transitional//EN"
    "http://www.w3.org/TR/xhtml1/DTD/xhtml1-transitional.dtd">
<html xmlns="http://www.w3.org/1999/xhtml" xml:lang="en" lang="en">
 <head>
  <title>
</title>
<meta http-equiv="Content-Type" content="text/html;charset=utf-8" />
  <meta name='ocr-system' content='tesseract 3.04.00' />
  <meta name='ocr-capabilities' content='ocr_page ocr_carea ocr_par ocr_line ocrx_word'/>
</head>
<body>
  <div class='ocr_page' id='page_1' title='image "./enchiridionbotan00endl/enchiridionbotan00endl_0065.png"; bbox 0 0 2147 3756; ppageno 0'>
   <div class='ocr_carea' id='block_1_1' title="bbox 930 122 1005 171">
    <p class='ocr_par' dir='ltr' id='par_1_1' title="bbox 930 122 1005 171">
     <span class='ocr_line' id='line_1_1' title="bbox 930 122 1005 171; baseline 0.013 -1"><span class='ocrx_word' id='word_1_1' title='bbox 930 122 1005 171; x_wconf 67' lang='lat'>47</span> 
     </span>
    </p>
   </div>
   <div class='ocr_carea' id='block_1_2' title="bbox 433 286 1499 347">
    <p class='ocr_par' dir='ltr' id='par_1_2' title="bbox 433 286 1499 347">
     <span class='ocr_line' id='line_1_2' title="bbox 433 286 1499 347; baseline -0.006 -9"><span class='ocrx_word' id='word_1_2' title='bbox 433 293 603 339; x_wconf 76' lang='lat' dir='ltr'>ordo</span> <span class='ocrx_word' id='word_1_3' title='bbox 633 290 902 337; x_wconf 82' lang='lat' dir='ltr'><strong>xxxvl.</strong></span> <span class='ocrx_word' id='word_1_4' title='bbox 961 286 1499 347; x_wconf 71' lang='lat' dir='ltr'>Lycopodiaeeae.</span> 
     </span>
    </p>
   </div>
   <div class='ocr_carea' id='block_1_3' title="bbox 56 377 1891 1510">
    <p class='ocr_par' dir='ltr' id='par_1_3' title="bbox 56 377 1891 1510">
     <span class='ocr_line' id='line_1_3' title="bbox 196 377 1876 445; baseline -0.004 -17"><span class='ocrx_word' id='word_1_5' title='bbox 196 379 389 430; x_wconf 69' lang='lat' dir='ltr'>[Iarbae</span> <span class='ocrx_word' id='word_1_6' title='bbox 413 396 674 445; x_wconf 74' lang='lat' dir='ltr'><strong>perennes,</strong></span> <span class='ocrx_word' id='word_1_7' title='bbox 712 377 943 426; x_wconf 90' lang='lat' dir='ltr'>interdum</span> <span class='ocrx_word' id='word_1_8' title='bbox 970 378 1379 436; x_wconf 76' lang='lat' dir='ltr'>sull‘rutesccntes,</span> <span class='ocrx_word' id='word_1_9' title='bbox 1413 377 1649 424; x_wconf 83' lang='lat' dir='ltr'>rarissime</span> <span class='ocrx_word' id='word_1_10' title='bbox 1675 391 1876 432; x_wconf 81' lang='lat' dir='ltr'>annuae,</span> 
     </span>
     <span class='ocr_line' id='line_1_4' title="bbox 59 447 1880 516; baseline -0.003 -18"><span class='ocrx_word' id='word_1_11' title='bbox 59 452 189 500; x_wconf 81' lang='lat' dir='ltr'>caule</span> <span class='ocrx_word' id='word_1_12' title='bbox 225 460 388 499; x_wconf 79' lang='lat' dir='ltr'>erecto</span> <span class='ocrx_word' id='word_1_13' title='bbox 420 469 461 499; x_wconf 74' lang='lat' dir='ltr'>v.</span> <span class='ocrx_word' id='word_1_14' title='bbox 495 460 761 516; x_wconf 80' lang='lat' dir='ltr'>prostrato,</span> <span class='ocrx_word' id='word_1_15' title='bbox 801 450 967 507; x_wconf 84' lang='lat' dir='ltr'>tereti,</span> <span class='ocrx_word' id='word_1_16' title='bbox 1008 449 1229 512; x_wconf 79' lang='lat' dir='ltr'>angulato</span> <span class='ocrx_word' id='word_1_17' title='bbox 1262 465 1307 495; x_wconf 85' lang='lat' dir='ltr'>v.</span> <span class='ocrx_word' id='word_1_18' title='bbox 1345 453 1641 511; x_wconf 85' lang='lat' dir='ltr'>compresso,</span> <span class='ocrx_word' id='word_1_19' title='bbox 1682 447 1880 508; x_wconf 75' lang='lat' dir='ltr'>simplici</span> 
     </span>
     <span class='ocr_line' id='line_1_5' title="bbox 56 517 1881 584; baseline -0.005 -14"><span class='ocrx_word' id='word_1_20' title='bbox 56 541 96 570; x_wconf 80' lang='lat' dir='ltr'>v.</span> <span class='ocrx_word' id='word_1_21' title='bbox 139 523 405 571; x_wconf 81' lang='lat' dir='ltr'>dicliotome</span> <span class='ocrx_word' id='word_1_22' title='bbox 448 540 657 580; x_wconf 77' lang='lat' dir='ltr'>ramoso,</span> <span class='ocrx_word' id='word_1_23' title='bbox 698 523 897 578; x_wconf 84' lang='lat' dir='ltr'>solioso,</span> <span class='ocrx_word' id='word_1_24' title='bbox 933 519 1198 584; x_wconf 61' lang='lat' dir='ltr'>fasciculas</span> <span class='ocrx_word' id='word_1_25' title='bbox 1235 535 1450 566; x_wconf 85' lang='lat' dir='ltr'>vasorum</span> <span class='ocrx_word' id='word_1_26' title='bbox 1493 517 1881 565; x_wconf 83' lang='lat' dir='ltr'>scalariformium</span> 
     </span>
     <span class='ocr_line' id='line_1_6' title="bbox 58 589 1880 657; baseline -0.004 -17"><span class='ocrx_word' id='word_1_27' title='bbox 58 595 286 657; x_wconf 81' lang='lat' dir='ltr'>ligulatis,</span> <span class='ocrx_word' id='word_1_28' title='bbox 337 612 436 641; x_wconf 87' lang='lat' dir='ltr'>cum</span> <span class='ocrx_word' id='word_1_29' title='bbox 481 594 661 641; x_wconf 87' lang='lat' dir='ltr'>cellulis</span> <span class='ocrx_word' id='word_1_30' title='bbox 701 592 936 655; x_wconf 82' lang='lat' dir='ltr'>elongatis</span> <span class='ocrx_word' id='word_1_31' title='bbox 975 593 1096 638; x_wconf 76' lang='lat' dir='ltr'>axim</span> <span class='ocrx_word' id='word_1_32' title='bbox 1136 591 1282 637; x_wconf 86' lang='lat' dir='ltr'>caulis</span> <span class='ocrx_word' id='word_1_33' title='bbox 1318 589 1704 646; x_wconf 74' lang='lat' dir='ltr'>ell&#39;ormantilius,</span> <span class='ocrx_word' id='word_1_34' title='bbox 1734 603 1758 634; x_wconf 88' lang='lat' dir='ltr'>e</span> <span class='ocrx_word' id='word_1_35' title='bbox 1793 604 1880 651; x_wconf 82' lang='lat' dir='ltr'>quo</span> 
     </span>
     <span class='ocr_line' id='line_1_7' title="bbox 57 658 1881 729; baseline -0.005 -17"><span class='ocrx_word' id='word_1_36' title='bbox 57 666 270 712; x_wconf 72' lang='lat' dir='ltr'><strong>fasciculi</strong></span> <span class='ocrx_word' id='word_1_37' title='bbox 304 666 509 729; x_wconf 82' lang='lat' dir='ltr'>separati</span> <span class='ocrx_word' id='word_1_38' title='bbox 541 663 886 712; x_wconf 73' lang='lat' dir='ltr'>adscendentes</span> <span class='ocrx_word' id='word_1_39' title='bbox 919 679 1004 725; x_wconf 90' lang='lat' dir='ltr'>per</span> <span class='ocrx_word' id='word_1_40' title='bbox 1037 663 1263 708; x_wconf 86' lang='lat' dir='ltr'>corticem</span> <span class='ocrx_word' id='word_1_41' title='bbox 1297 662 1341 707; x_wconf 91' lang='lat' dir='ltr'>in</span> <span class='ocrx_word' id='word_1_42' title='bbox 1377 661 1514 718; x_wconf 84' lang='lat' dir='ltr'>folia,</span> <span class='ocrx_word' id='word_1_43' title='bbox 1567 675 1704 723; x_wconf 79' lang='lat' dir='ltr'>supra</span> <span class='ocrx_word' id='word_1_44' title='bbox 1736 658 1881 704; x_wconf 85' lang='lat' dir='ltr'>basim</span> 
     </span>
     <span class='ocr_line' id='line_1_8' title="bbox 58 729 1882 794; baseline -0.004 -12"><span class='ocrx_word' id='word_1_45' title='bbox 58 753 170 784; x_wconf 68' lang='lat' dir='ltr'>vero</span> <span class='ocrx_word' id='word_1_46' title='bbox 213 735 560 783; x_wconf 75' lang='lat' dir='ltr'>descendentes</span> <span class='ocrx_word' id='word_1_47' title='bbox 599 737 641 780; x_wconf 92' lang='lat' dir='ltr'>in</span> <span class='ocrx_word' id='word_1_48' title='bbox 683 733 870 780; x_wconf 83' lang='lat' dir='ltr'>radices</span> <span class='ocrx_word' id='word_1_49' title='bbox 911 741 1172 779; x_wconf 78' lang='lat' dir='ltr'>transeunt.</span> <span class='ocrx_word' id='word_1_50' title='bbox 1250 733 1393 779; x_wconf 66' lang='lat' dir='ltr'>Folia</span> <span class='ocrx_word' id='word_1_51' title='bbox 1434 731 1673 794; x_wconf 72' lang='lat' dir='ltr'>spiraliter</span> <span class='ocrx_word' id='word_1_52' title='bbox 1706 729 1882 775; x_wconf 82' lang='lat' dir='ltr'>caulem</span> 
     </span>
     <span class='ocr_line' id='line_1_9' title="bbox 58 800 1881 871; baseline -0.005 -17"><span class='ocrx_word' id='word_1_53' title='bbox 58 823 305 871; x_wconf 85' lang='lat' dir='ltr'>ramosque</span> <span class='ocrx_word' id='word_1_54' title='bbox 346 807 621 871; x_wconf 60' lang='lat' dir='ltr'>ambientia,</span> <span class='ocrx_word' id='word_1_55' title='bbox 669 801 942 868; x_wconf 80' lang='lat' dir='ltr'><strong>saepissime</strong></span> <span class='ocrx_word' id='word_1_56' title='bbox 978 804 1194 850; x_wconf 83' lang='lat' dir='ltr'>conferta</span> <span class='ocrx_word' id='word_1_57' title='bbox 1228 811 1276 850; x_wconf 89' lang='lat' dir='ltr'>et</span> <span class='ocrx_word' id='word_1_58' title='bbox 1306 803 1575 860; x_wconf 83' lang='lat' dir='ltr'>imbricata,</span> <span class='ocrx_word' id='word_1_59' title='bbox 1624 800 1809 847; x_wconf 82' lang='lat' dir='ltr'>sessilia</span> <span class='ocrx_word' id='word_1_60' title='bbox 1839 817 1881 845; x_wconf 67' lang='lat' dir='ltr'>v.</span> 
     </span>
     <span class='ocr_line' id='line_1_10' title="bbox 59 871 1884 940; baseline -0.004 -17"><span class='ocrx_word' id='word_1_61' title='bbox 59 877 383 934; x_wconf 86' lang='lat' dir='ltr'>decurrentia,</span> <span class='ocrx_word' id='word_1_62' title='bbox 446 893 691 940; x_wconf 83' lang='lat' dir='ltr'>numquam</span> <span class='ocrx_word' id='word_1_63' title='bbox 739 873 1012 932; x_wconf 84' lang='lat' dir='ltr'>articulata,</span> <span class='ocrx_word' id='word_1_64' title='bbox 1069 874 1285 921; x_wconf 84' lang='lat' dir='ltr'>subulata</span> <span class='ocrx_word' id='word_1_65' title='bbox 1330 891 1372 921; x_wconf 80' lang='lat' dir='ltr'>v.</span> <span class='ocrx_word' id='word_1_66' title='bbox 1420 875 1555 937; x_wconf 89' lang='lat' dir='ltr'>plana</span> <span class='ocrx_word' id='word_1_67' title='bbox 1603 871 1884 927; x_wconf 74' lang='lat' dir='ltr'>lanceolata,</span> 
     </span>
     <span class='ocr_line' id='line_1_11' title="bbox 57 942 1887 1008; baseline -0.005 -13"><span class='ocrx_word' id='word_1_68' title='bbox 57 949 325 1005; x_wconf 73' lang='lat' dir='ltr'>uninervia,</span> <span class='ocrx_word' id='word_1_69' title='bbox 369 965 426 995; x_wconf 80' lang='lat' dir='ltr'>ex</span> <span class='ocrx_word' id='word_1_70' title='bbox 458 948 612 994; x_wconf 76' lang='lat' dir='ltr'>axillis</span> <span class='ocrx_word' id='word_1_71' title='bbox 644 945 881 994; x_wconf 87' lang='lat' dir='ltr'>radiculas</span> <span class='ocrx_word' id='word_1_72' title='bbox 915 946 1208 1008; x_wconf 72' lang='lat' dir='ltr'>generantia.</span> <span class='ocrx_word' id='word_1_73' title='bbox 1284 946 1619 1007; x_wconf 66' lang='lat' dir='ltr'>Spot&#39;ocatqn‘a</span> <span class='ocrx_word' id='word_1_74' title='bbox 1660 945 1703 989; x_wconf 89' lang='lat' dir='ltr'>in</span> <span class='ocrx_word' id='word_1_75' title='bbox 1746 942 1887 988; x_wconf 90' lang='lat' dir='ltr'>folio-</span> 
     </span>
     <span class='ocr_line' id='line_1_12' title="bbox 57 1011 1886 1082; baseline -0.005 -16"><span class='ocrx_word' id='word_1_76' title='bbox 57 1036 155 1066; x_wconf 84' lang='lat' dir='ltr'>rum</span> <span class='ocrx_word' id='word_1_77' title='bbox 201 1019 381 1076; x_wconf 74' lang='lat' dir='ltr'>axillis,</span> <span class='ocrx_word' id='word_1_78' title='bbox 430 1019 567 1082; x_wconf 81' lang='lat' dir='ltr'>juxta</span> <span class='ocrx_word' id='word_1_79' title='bbox 613 1027 756 1064; x_wconf 78' lang='lat' dir='ltr'>totam</span> <span class='ocrx_word' id='word_1_80' title='bbox 805 1018 954 1065; x_wconf 88' lang='lat' dir='ltr'>caulis</span> <span class='ocrx_word' id='word_1_81' title='bbox 1000 1015 1364 1080; x_wconf 79' lang='lat' dir='ltr'>longitudinem,</span> <span class='ocrx_word' id='word_1_82' title='bbox 1419 1033 1462 1062; x_wconf 74' lang='lat' dir='ltr'>v.</span> <span class='ocrx_word' id='word_1_83' title='bbox 1497 1015 1631 1077; x_wconf 78' lang='lat' dir='ltr'>juxta</span> <span class='ocrx_word' id='word_1_84' title='bbox 1676 1011 1886 1076; x_wconf 80' lang='lat' dir='ltr'>ejusdem</span> 
     </span>
     <span class='ocr_line' id='line_1_13' title="bbox 57 1084 1890 1155; baseline -0.004 -18"><span class='ocrx_word' id='word_1_85' title='bbox 57 1091 238 1155; x_wconf 83' lang='lat' dir='ltr'>apicem</span> <span class='ocrx_word' id='word_1_86' title='bbox 272 1090 484 1137; x_wconf 76' lang='lat' dir='ltr'>solitarie</span> <span class='ocrx_word' id='word_1_87' title='bbox 518 1089 727 1147; x_wconf 85' lang='lat' dir='ltr'>sessilia,</span> <span class='ocrx_word' id='word_1_88' title='bbox 774 1105 819 1135; x_wconf 78' lang='lat' dir='ltr'>v.</span> <span class='ocrx_word' id='word_1_89' title='bbox 854 1087 1065 1136; x_wconf 81' lang='lat' dir='ltr'>breviter</span> <span class='ocrx_word' id='word_1_90' title='bbox 1095 1086 1409 1151; x_wconf 84' lang='lat' dir='ltr'>pedieellata,</span> <span class='ocrx_word' id='word_1_91' title='bbox 1459 1084 1691 1132; x_wconf 88' lang='lat' dir='ltr'>interdum</span> <span class='ocrx_word' id='word_1_92' title='bbox 1726 1085 1771 1130; x_wconf 87' lang='lat' dir='ltr'>in</span> <span class='ocrx_word' id='word_1_93' title='bbox 1811 1099 1890 1130; x_wconf 42' lang='lat' dir='ltr'>ra*</span> 
     </span>
     <span class='ocr_line' id='line_1_14' title="bbox 57 1155 1889 1219; baseline -0.004 -11"><span class='ocrx_word' id='word_1_94' title='bbox 57 1162 213 1219; x_wconf 76' lang='lat' dir='ltr'>muliS,</span> <span class='ocrx_word' id='word_1_95' title='bbox 247 1161 374 1207; x_wconf 86' lang='lat' dir='ltr'>foliis</span> <span class='ocrx_word' id='word_1_96' title='bbox 414 1163 458 1207; x_wconf 91' lang='lat' dir='ltr'>in</span> <span class='ocrx_word' id='word_1_97' title='bbox 498 1160 717 1208; x_wconf 79' lang='lat' dir='ltr'>bracteas</span> <span class='ocrx_word' id='word_1_98' title='bbox 757 1160 966 1219; x_wconf 84' lang='lat' dir='ltr'>mutatis,</span> <span class='ocrx_word' id='word_1_99' title='bbox 1005 1168 1191 1207; x_wconf 83' lang='lat' dir='ltr'>amenta</span> <span class='ocrx_word' id='word_1_100' title='bbox 1222 1158 1492 1215; x_wconf 75' lang='lat' dir='ltr'>formantia,</span> <span class='ocrx_word' id='word_1_101' title='bbox 1533 1157 1704 1203; x_wconf 72' lang='lat' dir='ltr'>uni-v.</span> <span class='ocrx_word' id='word_1_102' title='bbox 1737 1155 1889 1202; x_wconf 78' lang='lat' dir='ltr'>rarius</span> 
     </span>
     <span class='ocr_line' id='line_1_15' title="bbox 59 1226 1886 1290; baseline -0.004 -12"><span class='ocrx_word' id='word_1_103' title='bbox 59 1232 461 1290; x_wconf 74' lang='lat' dir='ltr'>bi-tritoeularia,</span> <span class='ocrx_word' id='word_1_104' title='bbox 495 1248 616 1279; x_wconf 88' lang='lat' dir='ltr'>nunc</span> <span class='ocrx_word' id='word_1_105' title='bbox 648 1232 923 1289; x_wconf 75' lang='lat' dir='ltr'>uniformia,</span> <span class='ocrx_word' id='word_1_106' title='bbox 956 1247 1078 1277; x_wconf 89' lang='lat' dir='ltr'>nune</span> <span class='ocrx_word' id='word_1_107' title='bbox 1110 1231 1156 1277; x_wconf 89' lang='lat' dir='ltr'>in</span> <span class='ocrx_word' id='word_1_108' title='bbox 1183 1228 1347 1276; x_wconf 87' lang='lat' dir='ltr'>iisdem</span> <span class='ocrx_word' id='word_1_109' title='bbox 1373 1226 1626 1275; x_wconf 83' lang='lat' dir='ltr'>individuis</span> <span class='ocrx_word' id='word_1_110' title='bbox 1651 1226 1886 1283; x_wconf 78' lang='lat' dir='ltr'>biformia,</span> 
     </span>
     <span class='ocr_line' id='line_1_16' title="bbox 58 1298 1890 1367; baseline -0.004 -17"><span class='ocrx_word' id='word_1_111' title='bbox 58 1303 148 1350; x_wconf 86' lang='lat' dir='ltr'>alia</span> <span class='ocrx_word' id='word_1_112' title='bbox 180 1303 402 1363; x_wconf 78' lang='lat' dir='ltr'>bivalvia,</span> <span class='ocrx_word' id='word_1_113' title='bbox 443 1304 637 1367; x_wconf 80' lang='lat' dir='ltr'>pulvere</span> <span class='ocrx_word' id='word_1_114' title='bbox 670 1303 938 1360; x_wconf 83' lang='lat' dir='ltr'>farinaceo,</span> <span class='ocrx_word' id='word_1_115' title='bbox 981 1317 1006 1347; x_wconf 92' lang='lat' dir='ltr'>e</span> <span class='ocrx_word' id='word_1_116' title='bbox 1040 1301 1249 1365; x_wconf 79' lang='lat' dir='ltr'>granulis</span> <span class='ocrx_word' id='word_1_117' title='bbox 1284 1300 1592 1364; x_wconf 82' lang='lat' dir='ltr'>quaternatim</span> <span class='ocrx_word' id='word_1_118' title='bbox 1627 1298 1890 1345; x_wconf 87' lang='lat' dir='ltr'>cohaeren-</span> 
     </span>
     <span class='ocr_line' id='line_1_17' title="bbox 58 1371 1891 1436; baseline -0.003 -15"><span class='ocrx_word' id='word_1_119' title='bbox 58 1375 180 1422; x_wconf 85' lang='lat' dir='ltr'>tibus</span> <span class='ocrx_word' id='word_1_120' title='bbox 212 1375 365 1433; x_wconf 85' lang='lat' dir='ltr'>foeta,</span> <span class='ocrx_word' id='word_1_121' title='bbox 406 1375 496 1421; x_wconf 86' lang='lat' dir='ltr'>alia</span> <span class='ocrx_word' id='word_1_122' title='bbox 529 1376 929 1432; x_wconf 80' lang='lat' dir='ltr'>tri-tetraeocca,</span> <span class='ocrx_word' id='word_1_123' title='bbox 963 1371 1413 1436; x_wconf 78' lang='lat' dir='ltr'>tri-quadrivalvia,</span> <span class='ocrx_word' id='word_1_124' title='bbox 1451 1371 1744 1434; x_wconf 82' lang='lat' dir='ltr'>corpusculis</span> <span class='ocrx_word' id='word_1_125' title='bbox 1777 1385 1891 1433; x_wconf 89' lang='lat' dir='ltr'>pau-</span> 
     </span>
     <span class='ocr_line' id='line_1_18' title="bbox 60 1443 1524 1510; baseline -0.002 -18"><span class='ocrx_word' id='word_1_126' title='bbox 60 1446 128 1493; x_wconf 81' lang='lat' dir='ltr'>cis</span> <span class='ocrx_word' id='word_1_127' title='bbox 160 1445 480 1510; x_wconf 83' lang='lat' dir='ltr'>subglobosis‚</span> <span class='ocrx_word' id='word_1_128' title='bbox 520 1447 702 1494; x_wconf 84' lang='lat' dir='ltr'>vertice</span> <span class='ocrx_word' id='word_1_129' title='bbox 735 1445 912 1510; x_wconf 78' lang='lat' dir='ltr'>rhaplie</span> <span class='ocrx_word' id='word_1_130' title='bbox 944 1445 1139 1492; x_wconf 81' lang='lat' dir='ltr'>tricruri</span> <span class='ocrx_word' id='word_1_131' title='bbox 1169 1443 1343 1491; x_wconf 86' lang='lat' dir='ltr'>notatis</span> <span class='ocrx_word' id='word_1_132' title='bbox 1377 1443 1524 1490; x_wconf 86' lang='lat' dir='ltr'>foeta.</span> 
     </span>
    </p>
   </div>
   <div class='ocr_carea' id='block_1_4' title="bbox 830 1579 1115 1613">
    <p class='ocr_par' dir='ltr' id='par_1_4' title="bbox 830 1579 1115 1613">
     <span class='ocr_line' id='line_1_19' title="bbox 830 1579 1115 1613; baseline -0.004 0"><span class='ocrx_word' id='word_1_133' title='bbox 830 1579 1115 1613; x_wconf 74' lang='lat' dir='ltr'><strong>GENERA.</strong></span> 
     </span>
    </p>
   </div>
   <div class='ocr_carea' id='block_1_5' title="bbox 173 1634 1787 2010">
    <p class='ocr_par' dir='ltr' id='par_1_5' title="bbox 173 1634 1684 1686">
     <span class='ocr_line' id='line_1_20' title="bbox 173 1634 1684 1686; baseline -0.004 -2"><span class='ocrx_word' id='word_1_134' title='bbox 173 1652 267 1686; x_wconf 82' lang='grc'><strong>695.</strong></span> <span class='ocrx_word' id='word_1_135' title='bbox 299 1648 500 1685; x_wconf 89' lang='lat' dir='ltr'>Psilotum</span> <span class='ocrx_word' id='word_1_136' title='bbox 523 1646 570 1683; x_wconf 81' lang='lat' dir='ltr'>R.</span> <span class='ocrx_word' id='word_1_137' title='bbox 589 1646 665 1685; x_wconf 68' lang='grc' dir='ltr'>ΒΓ.</span> <span class='ocrx_word' id='word_1_138' title='bbox 1326 1636 1525 1679; x_wconf 74' lang='lat' dir='ltr'>nuperzta</span> <span class='ocrx_word' id='word_1_139' title='bbox 1543 1634 1684 1670; x_wconf 66' lang='lat' dir='ltr'>Bernh-</span> 
     </span>
    </p>

    <p class='ocr_par' dir='ltr' id='par_1_6' title="bbox 232 1679 1652 1742">
     <span class='ocr_line' id='line_1_21' title="bbox 232 1679 1652 1742; baseline -0.004 -10"><span class='ocrx_word' id='word_1_140' title='bbox 232 1711 268 1732; x_wconf 78' lang='lat' dir='ltr'>a.</span> <span class='ocrx_word' id='word_1_141' title='bbox 297 1698 557 1742; x_wconf 77' lang='lat' dir='ltr'>Tmesipteris</span> <span class='ocrx_word' id='word_1_142' title='bbox 574 1695 716 1732; x_wconf 77' lang='lat' dir='ltr'>Bernh.</span> <span class='ocrx_word' id='word_1_143' title='bbox 1327 1680 1512 1714; x_wconf 50' lang='lat' dir='ltr'><strong>Tristem</strong></span> <span class='ocrx_word' id='word_1_144' title='bbox 1527 1679 1652 1714; x_wconf 48' lang='lat' dir='ltr'>Pstis·</span> 
     </span>
    </p>

    <p class='ocr_par' dir='ltr' id='par_1_7' title="bbox 233 1735 1757 1902">
     <span class='ocr_line' id='line_1_22' title="bbox 233 1735 1571 1781; baseline -0.005 -6"><span class='ocrx_word' id='word_1_145' title='bbox 233 1742 265 1775; x_wconf 73' lang='lat' dir='ltr'>l».</span> <span class='ocrx_word' id='word_1_146' title='bbox 292 1740 482 1775; x_wconf 83' lang='lat' dir='ltr'>Psilotum</span> <span class='ocrx_word' id='word_1_147' title='bbox 503 1740 669 1775; x_wconf 69' lang='lat' dir='ltr'>Swartz.</span> <span class='ocrx_word' id='word_1_148' title='bbox 1171 1736 1203 1771; x_wconf 79' lang='grc' dir='ltr'>ὸ.</span> <span class='ocrx_word' id='word_1_149' title='bbox 1230 1736 1433 1781; x_wconf 80' lang='lat' dir='ltr'>Lepi‹l0·tis</span> <span class='ocrx_word' id='word_1_150' title='bbox 1450 1735 1571 1769; x_wconf 66' lang='lat' dir='ltr'>Palis.</span> 
     </span>
     <span class='ocr_line' id='line_1_23' title="bbox 387 1776 1755 1817; baseline -0.004 0"><span class='ocrx_word' id='word_1_151' title='bbox 387 1782 625 1817; x_wconf 84' lang='lat' dir='ltr'>Bernhardia</span> <span class='ocrx_word' id='word_1_152' title='bbox 647 1780 780 1816; x_wconf 74' lang='lat' dir='ltr'>Willd.</span> <span class='ocrx_word' id='word_1_153' title='bbox 1329 1777 1613 1812; x_wconf 84' lang='lat' dir='ltr'>Chamaeclinis</span> <span class='ocrx_word' id='word_1_154' title='bbox 1629 1776 1755 1811; x_wconf 71' lang='lat' dir='ltr'>DIart.</span> 
     </span>
     <span class='ocr_line' id='line_1_24' title="bbox 386 1824 1757 1902; baseline -0.007 -26"><span class='ocrx_word' id='word_1_155' title='bbox 386 1826 631 1902; x_wconf 41' lang='lat' dir='ltr'>ffffffmfflmia</span> <span class='ocrx_word' id='word_1_156' title='bbox 655 1824 788 1875; x_wconf 51' lang='lat' dir='ltr'>&#39;Villa‘</span> <span class='ocrx_word' id='word_1_157' title='bbox 1174 1847 1205 1870; x_wconf 72' lang='lat' dir='ltr'>c,</span> <span class='ocrx_word' id='word_1_158' title='bbox 1233 1835 1615 1886; x_wconf 55' lang='lat' dir='ltr'>Stachygynanelrum</span> <span class='ocrx_word' id='word_1_159' title='bbox 1631 1828 1757 1885; x_wconf 33' lang='lat' dir='ltr'>Palis,-</span> 
     </span>
    </p>

    <p class='ocr_par' dir='ltr' id='par_1_8' title="bbox 175 1868 1787 2010">
     <span class='ocr_line' id='line_1_25' title="bbox 428 1868 1787 1928; baseline -0.004 -11"><span class='ocrx_word' id='word_1_160' title='bbox 428 1873 571 1928; x_wconf 59' lang='lat' dir='ltr'>¹¹Stf³⁰a</span> <span class='ocrx_word' id='word_1_161' title='bbox 587 1868 709 1927; x_wconf 55' lang='lat' dir='ltr'><em>Pufis·</em></span> <span class='ocrx_word' id='word_1_162' title='bbox 1325 1878 1648 1921; x_wconf 70' lang='lat' dir='ltr'>Diplostacltyum</span> <span class='ocrx_word' id='word_1_163' title='bbox 1667 1878 1787 1912; x_wconf 62' lang='lat' dir='ltr'>Palm.</span> 
     </span>
     <span class='ocr_line' id='line_1_26' title="bbox 175 1916 1706 1963; baseline -0.001 -7"><span class='ocrx_word' id='word_1_164' title='bbox 175 1921 269 1956; x_wconf 81' lang='grc'><strong>696.</strong></span> <span class='ocrx_word' id='word_1_165' title='bbox 299 1920 580 1963; x_wconf 74' lang='lat' dir='ltr'>Lycopodium</span> <span class='ocrx_word' id='word_1_166' title='bbox 597 1916 720 1954; x_wconf 81' lang='lat' dir='ltr'>Lmn.</span> <span class='ocrx_word' id='word_1_167' title='bbox 1327 1920 1567 1963; x_wconf 78' lang='lat' dir='ltr'>Selaginella</span> <span class='ocrx_word' id='word_1_168' title='bbox 1582 1920 1706 1955; x_wconf 76' lang='lat' dir='ltr'>Palis.</span> 
     </span>
     <span class='ocr_line' id='line_1_27' title="bbox 232 1961 1756 2010; baseline -0.003 -8"><span class='ocrx_word' id='word_1_169' title='bbox 232 1981 269 2002; x_wconf 83' lang='lat' dir='ltr'>a.</span> <span class='ocrx_word' id='word_1_170' title='bbox 298 1968 436 2010; x_wconf 77' lang='lat' dir='ltr'>Selago</span> <span class='ocrx_word' id='word_1_171' title='bbox 455 1967 574 2002; x_wconf 72' lang='lat' dir='ltr'>Hoole.</span> <span class='ocrx_word' id='word_1_172' title='bbox 596 1970 634 2002; x_wconf 80' lang='lat' dir='ltr'>et</span> <span class='ocrx_word' id='word_1_173' title='bbox 654 1967 767 2001; x_wconf 62' lang='lat' dir='ltr'>Grec.</span> <span class='ocrx_word' id='word_1_174' title='bbox 1327 1966 1616 2009; x_wconf 77' lang='lat' dir='ltr'>Gymnogynum</span> <span class='ocrx_word' id='word_1_175' title='bbox 1630 1961 1756 1999; x_wconf 72' lang='lat' dir='ltr'>Palis,</span> 
     </span>
    </p>
   </div>
   <div class='ocr_carea' id='block_1_6' title="bbox 388 2011 842 2057">
    <p class='ocr_par' dir='ltr' id='par_1_9' title="bbox 388 2011 842 2057">
     <span class='ocr_line' id='line_1_28' title="bbox 388 2011 842 2057; baseline -0.007 -12"><span class='ocrx_word' id='word_1_176' title='bbox 388 2012 651 2057; x_wconf 77' lang='lat' dir='ltr'>Lycopodium</span> <span class='ocrx_word' id='word_1_177' title='bbox 668 2011 842 2055; x_wconf 77' lang='lat' dir='ltr'>Brongn.</span> 
     </span>
    </p>
   </div>
   <div class='ocr_carea' id='block_1_7' title="bbox 722 2095 1232 2141">
    <p class='ocr_par' dir='ltr' id='par_1_10' title="bbox 722 2095 1232 2141">
     <span class='ocr_line' id='line_1_29' title="bbox 722 2095 1232 2141; baseline -0.006 0"><span class='ocrx_word' id='word_1_178' title='bbox 722 2099 945 2141; x_wconf 77' lang='lat' dir='ltr'>Genera</span> <span class='ocrx_word' id='word_1_179' title='bbox 985 2095 1232 2139; x_wconf 83' lang='lat' dir='ltr'>fossilia.</span> 
     </span>
    </p>
   </div>
   <div class='ocr_carea' id='block_1_8' title="bbox 181 2175 1704 2285">
    <p class='ocr_par' dir='ltr' id='par_1_11' title="bbox 181 2175 1704 2285">
     <span class='ocr_line' id='line_1_30' title="bbox 181 2175 1686 2236; baseline -0.009 -9"><span class='ocrx_word' id='word_1_180' title='bbox 181 2193 275 2229; x_wconf 76' lang='lat'><strong>697.</strong></span> <span class='ocrx_word' id='word_1_181' title='bbox 306 2190 580 2236; x_wconf 75' lang='lat' dir='ltr'>Lycopodites</span> <span class='ocrx_word' id='word_1_182' title='bbox 600 2187 787 2236; x_wconf 75' lang='lat' dir='ltr'>Brongn.</span> <span class='ocrx_word' id='word_1_183' title='bbox 1333 2177 1514 2213; x_wconf 78' lang='lat' dir='ltr'>Walchia</span> <span class='ocrx_word' id='word_1_184' title='bbox 1533 2175 1686 2213; x_wconf 77' lang='lat' dir='ltr'>Sternb.</span> 
     </span>
     <span class='ocr_line' id='line_1_31' title="bbox 391 2227 1704 2285; baseline -0.007 -11"><span class='ocrx_word' id='word_1_185' title='bbox 391 2238 741 2285; x_wconf 76' lang='lat' dir='ltr'>Lycopodiolithes</span> <span class='ocrx_word' id='word_1_186' title='bbox 762 2235 935 2275; x_wconf 72' lang='lat' dir='ltr'>Schloth.</span> <span class='ocrx_word' id='word_1_187' title='bbox 1118 2231 1214 2266; x_wconf 84' lang='grc'><strong>698.</strong></span> <span class='ocrx_word' id='word_1_188' title='bbox 1246 2230 1497 2274; x_wconf 80' lang='lat' dir='ltr'>Selaginites</span> <span class='ocrx_word' id='word_1_189' title='bbox 1517 2227 1704 2276; x_wconf 79' lang='lat' dir='ltr'>Brongn.</span> 
     </span>
    </p>
   </div>
   <div class='ocr_carea' id='block_1_9' title="bbox 65 2327 1900 2599">
    <p class='ocr_par' dir='ltr' id='par_1_12' title="bbox 65 2327 1900 2599">
     <span class='ocr_line' id='line_1_32' title="bbox 203 2327 1897 2376; baseline -0.005 -4"><span class='ocrx_word' id='word_1_190' title='bbox 203 2327 528 2373; x_wconf 73' lang='lat' dir='ltr'>Affinitas.</span> <span class='ocrx_word' id='word_1_191' title='bbox 571 2331 909 2376; x_wconf 68' lang='lat' dir='ltr'>Lycopodiaceae</span> <span class='ocrx_word' id='word_1_192' title='bbox 932 2330 1098 2376; x_wconf 80' lang='lat' dir='ltr'>organis</span> <span class='ocrx_word' id='word_1_193' title='bbox 1114 2329 1396 2375; x_wconf 75' lang='lat' dir='ltr'>propagationi</span> <span class='ocrx_word' id='word_1_194' title='bbox 1412 2327 1734 2366; x_wconf 77' lang='lat' dir='ltr'>inservientibus</span> <span class='ocrx_word' id='word_1_195' title='bbox 1752 2329 1897 2365; x_wconf 83' lang='lat' dir='ltr'>distin-</span> 
     </span>
     <span class='ocr_line' id='line_1_33' title="bbox 65 2386 1898 2438; baseline -0.004 -10"><span class='ocrx_word' id='word_1_196' title='bbox 65 2391 294 2438; x_wconf 81' lang='lat' dir='ltr'>ctissimae,</span> <span class='ocrx_word' id='word_1_197' title='bbox 322 2394 359 2427; x_wconf 87' lang='lat' dir='ltr'>et</span> <span class='ocrx_word' id='word_1_198' title='bbox 376 2391 479 2427; x_wconf 90' lang='lat' dir='ltr'>solis</span> <span class='ocrx_word' id='word_1_199' title='bbox 493 2390 706 2426; x_wconf 82' lang='lat' dir='ltr'>Isoe&#39;tideis</span> <span class='ocrx_word' id='word_1_200' title='bbox 724 2389 1045 2435; x_wconf 79' lang='lat' dir='ltr'>comparandae,</span> <span class='ocrx_word' id='word_1_201' title='bbox 1071 2397 1092 2424; x_wconf 90' lang='lat' dir='ltr'>e</span> <span class='ocrx_word' id='word_1_202' title='bbox 1109 2387 1242 2423; x_wconf 84' lang='lat' dir='ltr'>caulis</span> <span class='ocrx_word' id='word_1_203' title='bbox 1260 2390 1467 2423; x_wconf 80' lang='lat' dir='ltr'>structura</span> <span class='ocrx_word' id='word_1_204' title='bbox 1483 2387 1533 2422; x_wconf 84' lang='lat' dir='ltr'>ad</span> <span class='ocrx_word' id='word_1_205' title='bbox 1549 2386 1705 2422; x_wconf 83' lang='lat' dir='ltr'>Filices</span> <span class='ocrx_word' id='word_1_206' title='bbox 1721 2389 1758 2422; x_wconf 86' lang='lat' dir='ltr'>et</span> <span class='ocrx_word' id='word_1_207' title='bbox 1777 2386 1898 2423; x_wconf 86' lang='lat' dir='ltr'>Coni-</span> 
     </span>
     <span class='ocr_line' id='line_1_34' title="bbox 65 2442 1900 2493; baseline -0.003 -9"><span class='ocrx_word' id='word_1_208' title='bbox 65 2449 174 2485; x_wconf 85' lang='lat' dir='ltr'>feras</span> <span class='ocrx_word' id='word_1_209' title='bbox 197 2448 499 2491; x_wconf 82' lang='lat' dir='ltr'>aliquantulum</span> <span class='ocrx_word' id='word_1_210' title='bbox 523 2448 742 2493; x_wconf 86' lang='lat' dir='ltr'>accedunt,</span> <span class='ocrx_word' id='word_1_211' title='bbox 774 2449 914 2489; x_wconf 86' lang='lat' dir='ltr'>plures</span> <span class='ocrx_word' id='word_1_212' title='bbox 929 2447 1165 2480; x_wconf 88' lang='lat' dir='ltr'>Muscorum</span> <span class='ocrx_word' id='word_1_213' title='bbox 1181 2453 1279 2487; x_wconf 84' lang='lat' dir='ltr'>prae</span> <span class='ocrx_word' id='word_1_214' title='bbox 1296 2453 1341 2480; x_wconf 90' lang='lat' dir='ltr'>se</span> <span class='ocrx_word' id='word_1_215' title='bbox 1359 2442 1490 2479; x_wconf 86' lang='lat' dir='ltr'>ferunt</span> <span class='ocrx_word' id='word_1_216' title='bbox 1509 2442 1679 2490; x_wconf 84' lang='lat' dir='ltr'>faciem,</span> <span class='ocrx_word' id='word_1_217' title='bbox 1710 2453 1735 2479; x_wconf 89' lang='lat' dir='ltr'>a</span> <span class='ocrx_word' id='word_1_218' title='bbox 1751 2443 1900 2486; x_wconf 85' lang='lat' dir='ltr'>quibus</span> 
     </span>
     <span class='ocr_line' id='line_1_35' title="bbox 65 2499 1900 2549; baseline -0.002 -9"><span class='ocrx_word' id='word_1_219' title='bbox 65 2505 306 2549; x_wconf 83' lang='lat' dir='ltr'>longissime</span> <span class='ocrx_word' id='word_1_220' title='bbox 337 2504 503 2542; x_wconf 85' lang='lat' dir='ltr'>distant.</span> <span class='ocrx_word' id='word_1_221' title='bbox 560 2503 757 2541; x_wconf 86' lang='lat' dir='ltr'>Proxima</span> <span class='ocrx_word' id='word_1_222' title='bbox 785 2506 847 2539; x_wconf 85' lang='lat' dir='ltr'>est.</span> <span class='ocrx_word' id='word_1_223' title='bbox 876 2511 968 2538; x_wconf 90' lang='lat' dir='ltr'>cum</span> <span class='ocrx_word' id='word_1_224' title='bbox 991 2501 1417 2545; x_wconf 85' lang='lat' dir='ltr'>Lepidodendrearum</span> <span class='ocrx_word' id='word_1_225' title='bbox 1447 2503 1567 2545; x_wconf 85' lang='lat' dir='ltr'>gente</span> <span class='ocrx_word' id='word_1_226' title='bbox 1596 2499 1802 2537; x_wconf 85' lang='lat' dir='ltr'>exstincta</span> <span class='ocrx_word' id='word_1_227' title='bbox 1826 2509 1900 2536; x_wconf 82' lang='lat' dir='ltr'>ne-</span> 
     </span>
     <span class='ocr_line' id='line_1_36' title="bbox 65 2562 286 2599; baseline 0 -1"><span class='ocrx_word' id='word_1_228' title='bbox 65 2562 286 2599; x_wconf 79' lang='lat' dir='ltr'>cessitudo.</span> 
     </span>
    </p>
   </div>
   <div class='ocr_carea' id='block_1_10' title="bbox 67 2624 1904 3019">
    <p class='ocr_par' dir='ltr' id='par_1_13' title="bbox 67 2624 1904 3019">
     <span class='ocr_line' id='line_1_37' title="bbox 208 2624 1903 2682; baseline -0.005 -12"><span class='ocrx_word' id='word_1_229' title='bbox 208 2624 638 2682; x_wconf 70' lang='lat' dir='ltr'>Geogl&#39;allhia.</span> <span class='ocrx_word' id='word_1_230' title='bbox 694 2631 873 2667; x_wconf 87' lang='lat' dir='ltr'>Easdem</span> <span class='ocrx_word' id='word_1_231' title='bbox 897 2639 988 2666; x_wconf 89' lang='lat' dir='ltr'>eum</span> <span class='ocrx_word' id='word_1_232' title='bbox 1004 2627 1321 2673; x_wconf 83' lang='lat' dir='ltr'>Polypodiaceis</span> <span class='ocrx_word' id='word_1_233' title='bbox 1344 2627 1542 2665; x_wconf 86' lang='lat' dir='ltr'>stationes</span> <span class='ocrx_word' id='word_1_234' title='bbox 1563 2629 1701 2663; x_wconf 84' lang='lat' dir='ltr'>tenent</span> <span class='ocrx_word' id='word_1_235' title='bbox 1714 2628 1903 2671; x_wconf 79' lang='lat' dir='ltr'>Lycope-</span> 
     </span>
     <span class='ocr_line' id='line_1_38' title="bbox 67 2682 1902 2736; baseline -0.003 -10"><span class='ocrx_word' id='word_1_236' title='bbox 67 2689 256 2735; x_wconf 85' lang='lat' dir='ltr'>diaceae,</span> <span class='ocrx_word' id='word_1_237' title='bbox 287 2689 330 2725; x_wconf 91' lang='lat' dir='ltr'>in</span> <span class='ocrx_word' id='word_1_238' title='bbox 359 2689 570 2734; x_wconf 87' lang='lat' dir='ltr'>regionum</span> <span class='ocrx_word' id='word_1_239' title='bbox 594 2686 839 2730; x_wconf 83' lang='lat' dir='ltr'>tropicarum</span> <span class='ocrx_word' id='word_1_240' title='bbox 853 2682 967 2736; x_wconf 71' lang='lat' dir='ltr'>{locis</span> <span class='ocrx_word' id='word_1_241' title='bbox 996 2685 1319 2729; x_wconf 81' lang='lat' dir='ltr'>depressioribus</span> <span class='ocrx_word' id='word_1_242' title='bbox 1342 2684 1521 2720; x_wconf 83' lang='lat' dir='ltr'>humidis</span> <span class='ocrx_word' id='word_1_243' title='bbox 1545 2693 1648 2720; x_wconf 87' lang='lat' dir='ltr'>aura</span> <span class='ocrx_word' id='word_1_244' title='bbox 1670 2685 1902 2728; x_wconf 81' lang='lat' dir='ltr'>tepentibus</span> 
     </span>
     <span class='ocr_line' id='line_1_39' title="bbox 67 2741 1903 2792; baseline -0.003 -11"><span class='ocrx_word' id='word_1_245' title='bbox 67 2746 444 2790; x_wconf 75' lang='lat' dir='ltr'>frequentissimae,</span> <span class='ocrx_word' id='word_1_246' title='bbox 476 2755 599 2789; x_wconf 89' lang='lat' dir='ltr'>super</span> <span class='ocrx_word' id='word_1_247' title='bbox 616 2748 762 2780; x_wconf 89' lang='lat' dir='ltr'>terram</span> <span class='ocrx_word' id='word_1_248' title='bbox 778 2754 818 2780; x_wconf 85' lang='lat' dir='ltr'>v.</span> <span class='ocrx_word' id='word_1_249' title='bbox 835 2743 878 2779; x_wconf 90' lang='lat' dir='ltr'>in</span> <span class='ocrx_word' id='word_1_250' title='bbox 894 2746 1082 2792; x_wconf 74' lang='lat' dir='ltr'>arborum</span> <span class='ocrx_word' id='word_1_251' title='bbox 1099 2742 1274 2790; x_wconf 82' lang='lat' dir='ltr'>truncis,</span> <span class='ocrx_word' id='word_1_252' title='bbox 1306 2741 1518 2778; x_wconf 85' lang='lat' dir='ltr'>rarissime</span> <span class='ocrx_word' id='word_1_253' title='bbox 1534 2742 1584 2777; x_wconf 85' lang='lat' dir='ltr'>ad</span> <span class='ocrx_word' id='word_1_254' title='bbox 1603 2750 1709 2777; x_wconf 81' lang='lat' dir='ltr'>saxa</span> <span class='ocrx_word' id='word_1_255' title='bbox 1725 2750 1903 2777; x_wconf 86' lang='lat' dir='ltr'>nascen-</span> 
     </span>
     <span class='ocr_line' id='line_1_40' title="bbox 68 2797 1902 2847; baseline -0.002 -9"><span class='ocrx_word' id='word_1_256' title='bbox 68 2806 143 2840; x_wconf 93' lang='lat' dir='ltr'>tes.</span> <span class='ocrx_word' id='word_1_257' title='bbox 188 2803 426 2847; x_wconf 80' lang='lat' dir='ltr'>specierum</span> <span class='ocrx_word' id='word_1_258' title='bbox 442 2802 485 2838; x_wconf 88' lang='lat' dir='ltr'>in</span> <span class='ocrx_word' id='word_1_259' title='bbox 502 2803 711 2846; x_wconf 75' lang='lat' dir='ltr'>catalogos</span> <span class='ocrx_word' id='word_1_260' title='bbox 726 2800 1007 2837; x_wconf 87' lang='lat' dir='ltr'>botanicorum</span> <span class='ocrx_word' id='word_1_261' title='bbox 1023 2802 1278 2842; x_wconf 88' lang='lat' dir='ltr'>receptarum</span> <span class='ocrx_word' id='word_1_262' title='bbox 1294 2797 1498 2842; x_wconf 87' lang='lat' dir='ltr'>vigesima</span> <span class='ocrx_word' id='word_1_263' title='bbox 1512 2807 1609 2841; x_wconf 85' lang='lat' dir='ltr'>pars</span> <span class='ocrx_word' id='word_1_264' title='bbox 1626 2797 1687 2834; x_wconf 87' lang='lat' dir='ltr'>cis</span> <span class='ocrx_word' id='word_1_265' title='bbox 1704 2797 1902 2834; x_wconf 88' lang='lat' dir='ltr'>circulum</span> 
     </span>
     <span class='ocr_line' id='line_1_41' title="bbox 68 2855 1902 2906; baseline -0.002 -11"><span class='ocrx_word' id='word_1_266' title='bbox 68 2860 269 2904; x_wconf 88' lang='lat' dir='ltr'>tropicum</span> <span class='ocrx_word' id='word_1_267' title='bbox 297 2859 475 2906; x_wconf 86' lang='lat' dir='ltr'>habitat⁷</span> <span class='ocrx_word' id='word_1_268' title='bbox 521 2859 592 2895; x_wconf 90' lang='lat' dir='ltr'>ubi</span> <span class='ocrx_word' id='word_1_269' title='bbox 622 2860 846 2894; x_wconf 86' lang='lat' dir='ltr'>nonnullae</span> <span class='ocrx_word' id='word_1_270' title='bbox 877 2856 1027 2894; x_wconf 86' lang='lat' dir='ltr'>altiora</span> <span class='ocrx_word' id='word_1_271' title='bbox 1055 2855 1252 2893; x_wconf 88' lang='lat' dir='ltr'>montium</span> <span class='ocrx_word' id='word_1_272' title='bbox 1277 2855 1400 2902; x_wconf 85' lang='lat' dir='ltr'>juga,</span> <span class='ocrx_word' id='word_1_273' title='bbox 1447 2856 1647 2897; x_wconf 87' lang='lat' dir='ltr'>quaedam</span> <span class='ocrx_word' id='word_1_274' title='bbox 1677 2857 1902 2891; x_wconf 81' lang='lat' dir='ltr'>extremum</span> 
     </span>
     <span class='ocr_line' id='line_1_42' title="bbox 69 2906 1904 2964; baseline -0.004 -10"><span class='ocrx_word' id='word_1_275' title='bbox 69 2916 413 2964; x_wconf 83' lang='lat' dir='ltr'>septemtrionem,</span> <span class='ocrx_word' id='word_1_276' title='bbox 453 2915 524 2952; x_wconf 88' lang='lat' dir='ltr'>ubi</span> <span class='ocrx_word' id='word_1_277' title='bbox 552 2918 726 2952; x_wconf 90' lang='lat' dir='ltr'>multum</span> <span class='ocrx_word' id='word_1_278' title='bbox 755 2914 835 2951; x_wconf 88' lang='lat' dir='ltr'>soli</span> <span class='ocrx_word' id='word_1_279' title='bbox 860 2916 1082 2961; x_wconf 83' lang='lat' dir='ltr'>occupant,</span> <span class='ocrx_word' id='word_1_280' title='bbox 1119 2915 1275 2956; x_wconf 85' lang='lat' dir='ltr'>petunt.</span> <span class='ocrx_word' id='word_1_281' title='bbox 1341 2913 1474 2947; x_wconf 83' lang='lat' dir='ltr'>Trans</span> <span class='ocrx_word' id='word_1_282' title='bbox 1506 2906 1798 2955; x_wconf 77' lang='lat' dir='ltr'>Capricornum</span> <span class='ocrx_word' id='word_1_283' title='bbox 1828 2912 1904 2948; x_wconf 80' lang='lat' dir='ltr'>vix</span> 
     </span>
     <span class='ocr_line' id='line_1_43' title="bbox 69 2968 1851 3019; baseline -0.003 -10"><span class='ocrx_word' id='word_1_284' title='bbox 69 2973 275 3019; x_wconf 84' lang='lat' dir='ltr'>copiosius</span> <span class='ocrx_word' id='word_1_285' title='bbox 290 2976 548 3019; x_wconf 87' lang='lat' dir='ltr'>generantur.</span> <span class='ocrx_word' id='word_1_286' title='bbox 577 2972 887 3009; x_wconf 85' lang='lat' dir='ltr'>Exstinctarum</span> <span class='ocrx_word' id='word_1_287' title='bbox 900 2970 1131 3014; x_wconf 87' lang='lat' dir='ltr'>specierum</span> <span class='ocrx_word' id='word_1_288' title='bbox 1146 2969 1322 3012; x_wconf 83' lang='lat' dir='ltr'>reliquia</span> <span class='ocrx_word' id='word_1_289' title='bbox 1335 2968 1379 3004; x_wconf 88' lang='lat' dir='ltr'>in</span> <span class='ocrx_word' id='word_1_290' title='bbox 1395 2971 1503 3005; x_wconf 85' lang='lat' dir='ltr'>terra</span> <span class='ocrx_word' id='word_1_291' title='bbox 1514 2968 1851 3004; x_wconf 83' lang='lat' dir='ltr'>lithanthracum.</span> 
     </span>
    </p>
   </div>
   <div class='ocr_carea' id='block_1_11' title="bbox 70 3037 1905 3548">
    <p class='ocr_par' dir='ltr' id='par_1_14' title="bbox 70 3037 1905 3548">
     <span class='ocr_line' id='line_1_44' title="bbox 212 3037 1902 3091; baseline -0.005 -8"><span class='ocrx_word' id='word_1_292' title='bbox 212 3037 575 3091; x_wconf 62' lang='lat' dir='ltr'>QualitatGS</span> <span class='ocrx_word' id='word_1_293' title='bbox 600 3045 639 3080; x_wconf 88' lang='lat' dir='ltr'>et</span> <span class='ocrx_word' id='word_1_294' title='bbox 657 3048 830 3083; x_wconf 78' lang='lat' dir='ltr'>usus.</span> <span class='ocrx_word' id='word_1_295' title='bbox 885 3038 949 3079; x_wconf 79' lang='lat' dir='ltr'>De</span> <span class='ocrx_word' id='word_1_296' title='bbox 972 3041 1375 3086; x_wconf 80' lang='lat' dir='ltr'>Lycopodiaeearum</span> <span class='ocrx_word' id='word_1_297' title='bbox 1398 3038 1667 3083; x_wconf 87' lang='lat' dir='ltr'>qualitatibus</span> <span class='ocrx_word' id='word_1_298' title='bbox 1683 3038 1760 3080; x_wconf 87' lang='lat' dir='ltr'>rite</span> <span class='ocrx_word' id='word_1_299' title='bbox 1775 3047 1902 3082; x_wconf 86' lang='lat' dir='ltr'>quae-</span> 
     </span>
     <span class='ocr_line' id='line_1_45' title="bbox 71 3095 1902 3147; baseline -0.003 -10"><span class='ocrx_word' id='word_1_300' title='bbox 71 3101 196 3138; x_wconf 85' lang='lat' dir='ltr'>situm</span> <span class='ocrx_word' id='word_1_301' title='bbox 216 3102 396 3138; x_wconf 89' lang='lat' dir='ltr'>nondum</span> <span class='ocrx_word' id='word_1_302' title='bbox 419 3104 493 3138; x_wconf 84' lang='lat' dir='ltr'>est.</span> <span class='ocrx_word' id='word_1_303' title='bbox 551 3097 788 3147; x_wconf 66' lang='lat' dir='ltr'>Lycopodiz·</span> <span class='ocrx_word' id='word_1_304' title='bbox 803 3097 973 3134; x_wconf 46' lang='lat' dir='ltr'>*clavati</span> <span class='ocrx_word' id='word_1_305' title='bbox 985 3101 1032 3136; x_wconf 90' lang='lat' dir='ltr'>L.</span> <span class='ocrx_word' id='word_1_306' title='bbox 1057 3097 1220 3143; x_wconf 82' lang='lat' dir='ltr'>(Herba</span> <span class='ocrx_word' id='word_1_307' title='bbox 1237 3096 1373 3134; x_wconf 88' lang='lat' dir='ltr'>Musei</span> <span class='ocrx_word' id='word_1_308' title='bbox 1395 3096 1548 3133; x_wconf 86' lang='lat' dir='ltr'>clavati</span> <span class='ocrx_word' id='word_1_309' title='bbox 1565 3106 1598 3133; x_wconf 90' lang='lat' dir='ltr'>s.</span> <span class='ocrx_word' id='word_1_310' title='bbox 1616 3096 1819 3133; x_wconf 90' lang='lat' dir='ltr'>terrestris</span> <span class='ocrx_word' id='word_1_311' title='bbox 1835 3095 1902 3132; x_wconf 80' lang='lat' dir='ltr'>Of-</span> 
     </span>
     <span class='ocr_line' id='line_1_46' title="bbox 71 3152 1902 3203; baseline -0.004 -8"><span class='ocrx_word' id='word_1_312' title='bbox 71 3157 204 3202; x_wconf 83' lang='lat' dir='ltr'>ficin.]</span> <span class='ocrx_word' id='word_1_313' title='bbox 235 3157 279 3194; x_wconf 89' lang='lat' dir='ltr'>in</span> <span class='ocrx_word' id='word_1_314' title='bbox 302 3160 493 3202; x_wconf 85' lang='lat' dir='ltr'>Europae</span> <span class='ocrx_word' id='word_1_315' title='bbox 521 3158 728 3194; x_wconf 88' lang='lat' dir='ltr'>montibus</span> <span class='ocrx_word' id='word_1_316' title='bbox 753 3156 863 3194; x_wconf 87' lang='lat' dir='ltr'>obvii</span> <span class='ocrx_word' id='word_1_317' title='bbox 882 3158 1009 3193; x_wconf 86' lang='lat' dir='ltr'>herba</span> <span class='ocrx_word' id='word_1_318' title='bbox 1033 3155 1239 3203; x_wconf 81' lang='lat' dir='ltr'>insipida,</span> <span class='ocrx_word' id='word_1_319' title='bbox 1270 3158 1387 3190; x_wconf 88' lang='lat' dir='ltr'>cocta</span> <span class='ocrx_word' id='word_1_320' title='bbox 1410 3153 1507 3189; x_wconf 92' lang='lat' dir='ltr'>olim</span> <span class='ocrx_word' id='word_1_321' title='bbox 1529 3153 1728 3189; x_wconf 80' lang='lat' dir='ltr'>adversus</span> <span class='ocrx_word' id='word_1_322' title='bbox 1749 3152 1902 3197; x_wconf 82' lang='lat' dir='ltr'>plicam</span> 
     </span>
     <span class='ocr_line' id='line_1_47' title="bbox 71 3209 1903 3263; baseline -0.002 -14"><span class='ocrx_word' id='word_1_323' title='bbox 71 3214 301 3258; x_wconf 87' lang='lat' dir='ltr'>polonicam</span> <span class='ocrx_word' id='word_1_324' title='bbox 336 3216 528 3263; x_wconf 85' lang='lat' dir='ltr'>laudata,</span> <span class='ocrx_word' id='word_1_325' title='bbox 566 3215 783 3251; x_wconf 89' lang='lat' dir='ltr'>hodiedum</span> <span class='ocrx_word' id='word_1_326' title='bbox 821 3213 865 3250; x_wconf 86' lang='lat' dir='ltr'>in</span> <span class='ocrx_word' id='word_1_327' title='bbox 893 3212 1050 3250; x_wconf 87' lang='lat' dir='ltr'>Russia</span> <span class='ocrx_word' id='word_1_328' title='bbox 1078 3212 1122 3248; x_wconf 87' lang='lat' dir='ltr'>in</span> <span class='ocrx_word' id='word_1_329' title='bbox 1149 3210 1441 3255; x_wconf 74' lang='lat' dir='ltr'>Hydrophobia</span> <span class='ocrx_word' id='word_1_330' title='bbox 1469 3209 1751 3246; x_wconf 86' lang='lat' dir='ltr'>administrari</span> <span class='ocrx_word' id='word_1_331' title='bbox 1784 3212 1903 3246; x_wconf 89' lang='lat' dir='ltr'>solet.</span> 
     </span>
     <span class='ocr_line' id='line_1_48' title="bbox 72 3263 1902 3318; baseline -0.002 -13"><span class='ocrx_word' id='word_1_332' title='bbox 72 3268 308 3317; x_wconf 68' lang='lat' dir='ltr'>Lycopodv&#39;z‘</span> <span class='ocrx_word' id='word_1_333' title='bbox 328 3268 537 3318; x_wconf 69' lang='lat' dir='ltr'>Selagae&#39;m&#39;s</span> <span class='ocrx_word' id='word_1_334' title='bbox 557 3272 605 3308; x_wconf 88' lang='lat' dir='ltr'>L.</span> <span class='ocrx_word' id='word_1_335' title='bbox 637 3271 828 3316; x_wconf 80' lang='lat' dir='ltr'>(Herbae</span> <span class='ocrx_word' id='word_1_336' title='bbox 853 3269 1060 3315; x_wconf 86' lang='lat' dir='ltr'>Selaginis</span> <span class='ocrx_word' id='word_1_337' title='bbox 1091 3279 1126 3306; x_wconf 85' lang='lat' dir='ltr'>s.</span> <span class='ocrx_word' id='word_1_338' title='bbox 1150 3268 1285 3304; x_wconf 88' lang='lat' dir='ltr'>Musei</span> <span class='ocrx_word' id='word_1_339' title='bbox 1316 3266 1531 3304; x_wconf 82' lang='lat' dir='ltr'>cathartici</span> <span class='ocrx_word' id='word_1_340' title='bbox 1553 3276 1591 3303; x_wconf 82' lang='lat' dir='ltr'>v.</span> <span class='ocrx_word' id='word_1_341' title='bbox 1617 3266 1739 3302; x_wconf 87' lang='lat' dir='ltr'>erecti</span> <span class='ocrx_word' id='word_1_342' title='bbox 1762 3263 1902 3310; x_wconf 82' lang='lat' dir='ltr'>Offic.]</span> 
     </span>
     <span class='ocr_line' id='line_1_49' title="bbox 70 3324 1903 3374; baseline -0.003 -10"><span class='ocrx_word' id='word_1_343' title='bbox 70 3328 446 3371; x_wconf 83' lang='lat' dir='ltr'>plantaenostratis</span> <span class='ocrx_word' id='word_1_344' title='bbox 463 3329 670 3365; x_wconf 88' lang='lat' dir='ltr'>decoctum</span> <span class='ocrx_word' id='word_1_345' title='bbox 686 3327 913 3374; x_wconf 86' lang='lat' dir='ltr'>emetieum,</span> <span class='ocrx_word' id='word_1_346' title='bbox 931 3335 1127 3373; x_wconf 81' lang='lat' dir='ltr'>purgans,</span> <span class='ocrx_word' id='word_1_347' title='bbox 1146 3324 1537 3371; x_wconf 83' lang='lat' dir='ltr'>anthelmintliicum,</span> <span class='ocrx_word' id='word_1_348' title='bbox 1556 3331 1903 3369; x_wconf 81' lang='lat' dir='ltr'>emmenagogum‚</span> 
     </span>
     <span class='ocr_line' id='line_1_50' title="bbox 73 3379 1903 3430; baseline -0.004 -9"><span class='ocrx_word' id='word_1_349' title='bbox 73 3387 258 3421; x_wconf 86' lang='lat' dir='ltr'>abortum</span> <span class='ocrx_word' id='word_1_350' title='bbox 287 3384 414 3422; x_wconf 89' lang='lat' dir='ltr'>ciens.</span> <span class='ocrx_word' id='word_1_351' title='bbox 471 3386 584 3422; x_wconf 89' lang='lat' dir='ltr'>Usus</span> <span class='ocrx_word' id='word_1_352' title='bbox 614 3384 807 3429; x_wconf 86' lang='lat' dir='ltr'>frequens</span> <span class='ocrx_word' id='word_1_353' title='bbox 837 3385 946 3427; x_wconf 86' lang='lat' dir='ltr'>apud</span> <span class='ocrx_word' id='word_1_354' title='bbox 976 3385 1192 3430; x_wconf 81' lang='lat' dir='ltr'>subulcos,</span> <span class='ocrx_word' id='word_1_355' title='bbox 1223 3382 1268 3418; x_wconf 91' lang='lat' dir='ltr'>in</span> <span class='ocrx_word' id='word_1_356' title='bbox 1296 3380 1489 3418; x_wconf 81' lang='lat' dir='ltr'>lavandis</span> <span class='ocrx_word' id='word_1_357' title='bbox 1519 3379 1660 3416; x_wconf 77' lang='lat' dir='ltr'>sei-osis</span> <span class='ocrx_word' id='word_1_358' title='bbox 1684 3379 1903 3423; x_wconf 85' lang='lat' dir='ltr'>phthiriasi</span> 
     </span>
     <span class='ocr_line' id='line_1_51' title="bbox 72 3436 1903 3488; baseline -0.003 -12"><span class='ocrx_word' id='word_1_359' title='bbox 72 3440 370 3478; x_wconf 84' lang='lat' dir='ltr'>laborantibus.</span> <span class='ocrx_word' id='word_1_360' title='bbox 427 3436 662 3487; x_wconf 73' lang='lat' dir='ltr'>Lycopodz&#39;i</span> <span class='ocrx_word' id='word_1_361' title='bbox 681 3438 960 3488; x_wconf 67' lang='lat' dir='ltr'>Phlegmarm</span> <span class='ocrx_word' id='word_1_362' title='bbox 982 3442 1028 3477; x_wconf 87' lang='lat' dir='ltr'>L.</span> <span class='ocrx_word' id='word_1_363' title='bbox 1053 3438 1294 3484; x_wconf 81' lang='lat' dir='ltr'>(Lusitanis</span> <span class='ocrx_word' id='word_1_364' title='bbox 1317 3438 1358 3474; x_wconf 90' lang='lat' dir='ltr'>in</span> <span class='ocrx_word' id='word_1_365' title='bbox 1380 3437 1499 3473; x_wconf 86' lang='lat' dir='ltr'>India</span> <span class='ocrx_word' id='word_1_366' title='bbox 1521 3437 1762 3481; x_wconf 86' lang='lat' dir='ltr'>degentibus</span> <span class='ocrx_word' id='word_1_367' title='bbox 1777 3438 1903 3480; x_wconf 81' lang='lat' dir='ltr'>vulgo</span> 
     </span>
     <span class='ocr_line' id='line_1_52' title="bbox 75 3489 1905 3548; baseline -0.005 -11"><span class='ocrx_word' id='word_1_368' title='bbox 75 3497 250 3546; x_wconf 78' lang='lat' dir='ltr'>„Conda</span> <span class='ocrx_word' id='word_1_369' title='bbox 283 3498 332 3535; x_wconf 85' lang='lat' dir='ltr'>de</span> <span class='ocrx_word' id='word_1_370' title='bbox 356 3499 402 3535; x_wconf 87' lang='lat' dir='ltr'>-S.</span> <span class='ocrx_word' id='word_1_371' title='bbox 426 3493 694 3538; x_wconf 85' lang='lat' dir='ltr'>Francesco“</span> <span class='ocrx_word' id='word_1_372' title='bbox 719 3500 758 3536; x_wconf 88' lang='lat' dir='ltr'>et</span> <span class='ocrx_word' id='word_1_373' title='bbox 782 3497 1020 3548; x_wconf 82' lang='lat' dir='ltr'>„flagellum</span> <span class='ocrx_word' id='word_1_374' title='bbox 1043 3498 1101 3534; x_wconf 87' lang='lat' dir='ltr'>St.</span> <span class='ocrx_word' id='word_1_375' title='bbox 1125 3489 1372 3540; x_wconf 80' lang='lat' dir='ltr'>Thomae“]</span> <span class='ocrx_word' id='word_1_376' title='bbox 1395 3493 1516 3531; x_wconf 81' lang='lat' dir='ltr'>radix</span> <span class='ocrx_word' id='word_1_377' title='bbox 1537 3495 1752 3543; x_wconf 78' lang='lat' dir='ltr'>subsalsa,</span> <span class='ocrx_word' id='word_1_378' title='bbox 1785 3493 1905 3529; x_wconf 80' lang='lat' dir='ltr'>odore</span> 
     </span>
    </p>
   </div>
  </div>
 </body>
</html>
