2147 3756
1061 98 1178 150 488

215 274 320 316 phae
341 267 512 315 guttulis
531 268 786 315 inquinatam
809 269 1040 319 immissae,
1074 274 1144 308 vel
1166 282 1238 315 per
1260 278 1385 309 unum
1408 274 1707 317 nycthemerum
1723 275 1918 322 Papayae
1935 277 2030 316 folio

213 327 422 364 involutae
437 331 508 364 aut
524 338 546 364 e
560 332 700 364 trunco
716 338 962 375 suspensae,
994 328 1158 376 deinde,
1183 328 1266 365 nisi
1283 328 1404 365 citius
1421 333 1701 380 comedantur,
1723 333 1766 369 in
1782 335 2031 377 putredinem

214 386 377 420 abeant.
420 386 503 420 Res
520 385 660 421 multis
677 388 715 419 et
730 384 806 420 fide
824 384 959 427 dignis
978 384 1219 420 testimoniis
1236 388 1297 421 est
1314 386 1559 424 confirmata.
1596 389 1767 425 Fructus
1784 391 2031 428 meloformis

213 439 455 476 immaturus
473 441 676 488 coquitur,
699 444 899 476 maturum
916 441 1082 476 crudum
1100 439 1332 489 comedunt,
1357 443 1534 490 dulcem,
1560 444 1885 494 refrigerantem,
1911 449 2031 483 odore

213 496 416 538 peculiari
444 497 691 541 praeditum,
731 495 898 532 facilius
930 498 1067 532 alvum
1097 500 1318 533 laxantem.
1376 499 1583 536 Seminum
1615 501 1836 544 peculiaris
1867 505 2028 552 acredo,

210 552 372 595 Lepidii
396 562 434 588 v,
457 552 658 588 Nasturtii
680 554 862 598 aemula,
892 552 1025 589 virtus
1048 554 1395 590 anthelminthica.
1452 557 1504 590 Et
1526 558 1626 592 haec
1643 557 1800 600 quidem
1818 560 1866 594 de
1883 559 2032 596 Carica

212 608 386 651 Papaya
410 609 518 644 dicta
541 612 656 652 sunt,
687 617 936 651 congeneres
955 609 1064 646 ferae
1080 614 1306 645 venenatae
1324 611 1594 654 perhibentur.
1652 615 1760 648 Inter
1775 617 1851 650 has
1871 613 2030 650 Carica

212 661 399 709 digitum
415 666 559 711 Aubl.,
591 664 633 699 in
656 664 789 707 sylvis
812 665 1031 707 primaevis
1059 667 1290 709 provinciae
1314 671 1491 709 Maynas
1514 669 1739 716 Brasiliae,
1766 671 1887 712 Juxta
1916 671 2031 707 fluvii

211 722 466 758 Amazonum
491 721 621 763 ripam
645 723 683 755 et
703 721 752 756 ad
769 723 903 756 lacum
921 724 1124 767 Egensem
1142 731 1166 758 a
1182 723 1376 766 Poppigio
1394 728 1528 759 nostro
1546 725 1782 769 diligentius
1798 729 2028 776 observata,

210 777 459 812 nominanda
488 781 570 821 est,
602 779 720 811 arbor
744 779 883 813 trunco
907 779 1229 823 quinquaginta·
1251 782 1317 814 vel
1340 781 1740 825 septuagintapedali
1764 786 1801 818 et
1824 792 1940 819 coma
1962 793 2031 820 ra-

209 841 326 868 mosa
343 842 368 868 a
384 832 677 876 congeneribus
694 835 902 870 recedens.
946 837 1057 871 Haec
1074 835 1178 871 inter
1192 837 1313 871 Indos
1332 839 1601 884 Maynenses,
1620 837 1767 880 quibus
1788 836 2029 875 Cleambnm

210 889 345 935 audit,
377 889 522 924 iisdem
553 888 635 926 fere
666 888 841 937 fabulis,
874 890 1021 934 quibus
1045 893 1182 927 Bonon
1204 893 1317 936 Upas
1339 894 1588 929 Javanorum
1612 893 1771 930 famosa
1793 899 1868 931 est.
1926 898 2031 934 Nam

209 947 391 980 umbram
414 945 625 981 dormienti
640 946 889 996 lethiferam,
921 956 1143 991 auramque
1160 950 1511 991 praetereuntibus
1527 960 1674 986 nocere
1691 951 1923 999 perhibent,
1953 962 2031 989 nec

208 1001 333 1037 facile
350 1001 554 1044 quispiam
570 1001 675 1038 inter
689 1002 905 1048 indigenas
922 1005 1140 1051 reperitur,
1169 1005 1237 1047 qui
1254 1008 1436 1041 arborem
1454 1008 1622 1043 dolabra
1637 1010 1846 1043 sterneret.
1892 1010 2030 1045 scatet

208 1066 331 1093 succo
353 1058 707 1095 abundantissimo
730 1068 880 1107 aqueo,
911 1063 1026 1097 modo
1043 1062 1085 1096 in
1103 1062 1257 1097 ultimis
1274 1063 1446 1098 ramulis
1463 1064 1557 1099 etin
1575 1063 1710 1099 fructu
1725 1066 1878 1111 lacteo,
1910 1075 2029 1108 quem

207 1113 250 1149 in
274 1117 414 1149 oculos
435 1114 598 1150 illatum
622 1119 771 1153 certam
794 1117 1051 1165 coecitatem,
1083 1118 1125 1153 in
1144 1118 1377 1154 visceribus
1394 1118 1749 1155 inflammationem
1765 1121 2027 1170 mortiferam,

206 1169 249 1205 in
273 1174 365 1206 cute
387 1174 600 1217 pustulas,
630 1172 792 1209 vesicas
809 1182 1091 1218 gangrenosas
1107 1183 1356 1216 saevumque
1375 1175 1550 1211 dolorem
1568 1185 1787 1218 provocare
1802 1178 2028 1220 perhibent.

204 1227 459 1263 venenatam
475 1228 565 1264 sine
581 1229 701 1264 dubio
717 1239 810 1266 esse
826 1233 1022 1277 arborem,
1046 1231 1224 1274 plurima
1241 1234 1388 1275 tamen,
1408 1240 1512 1273 quae
1529 1232 1577 1267 de
1594 1240 1642 1266 ea
1658 1237 1888 1280 narrantur,
1907 1234 2029 1271 fabu-

205 1285 316 1329 losa,
348 1284 574 1327 Po'ppigius
589 1289 743 1332 monet,
769 1287 837 1328 qui
855 1296 876 1322 e
892 1295 1015 1323 caesa
1031 1288 1117 1323 suis
1134 1287 1323 1322 manibus
1340 1290 1482 1322 arbore
1498 1292 1658 1331 praeter
1673 1288 1871 1330 pruritum
1887 1290 2027 1338 faciei,

206 1343 245 1374 et
259 1348 415 1382 paucas
432 1341 618 1386 vesicas,
650 1350 702 1376 ex
717 1343 926 1385 adspersis
943 1344 1057 1379 succi
1074 1343 1244 1387 guttulis
1262 1347 1393 1389 ortas,
1424 1344 1527 1379 nihil
1544 1346 1660 1387 pejus
1676 1345 1817 1382 sensit.
1882 1347 2028 1384 Flores

205 1396 491 1441 staminigeros
508 1397 798 1442 gravissimum
815 1403 1159 1435 excrementorum
1174 1401 1440 1435 humanorum
1457 1401 1616 1436 odorem
1631 1410 1842 1448 spargere,
1868 1402 2028 1440 fructus

205 1456 360 1497 autem,
394 1461 493 1494 quos
516 1453 559 1488 in
583 1456 727 1488 terram
758 1455 948 1497 delapsos
966 1455 1085 1501 legit,
1118 1457 1251 1491 colore
1268 1459 1307 1501 et
1323 1454 1451 1491 forma
1467 1459 1678 1504 pulchros,
1710 1457 1917 1506 inodoros,
1950 1461 2026 1496 ad-

147 1507 151 1513 *
202 1509 363 1544 modum
394 1508 614 1557 insipidos,
646 1510 834 1552 quamvis
864 1513 973 1547 haud
1002 1515 1246 1558 venenatos,
1278 1520 1353 1547 nec
1377 1514 1426 1547 ab
1451 1521 1548 1560 ave,
1580 1523 1654 1548 nec
1676 1516 1725 1549 ab
1750 1515 1831 1551 alio
1855 1516 2025 1554 animali

203 1565 355 1608 majore
372 1565 544 1613 comedi,
578 1564 758 1604 formicis
776 1564 922 1610 (Attae
938 1568 1180 1614 speciebus]
1197 1570 1391 1613 pabulum
1407 1572 1602 1614 praebere
1619 1569 1744 1607 addit.

469 1729 769 1790 Classis
799 1732 1120 1791 XLVII.
1199 1733 1760 1805 Peponiferae.

340 1861 594 1921 Herbae
623 1884 670 1922 v.
687 1865 977 1942 frutices
1007 1865 1353 1940 scandenteS,
1384 1868 1574 1944 felicis·
1605 1868 1852 1943 alternis,
1892 1869 2026 1928 sim-

200 1946 462 2026 plicibuS,
510 1969 671 2027 saepe
708 1951 1106 2029 palmatilobis,
1151 1951 1383 2010 cz'rrhz's
1413 1953 1734 2011 lateralibus
1764 1974 1815 2012 v.
1846 1956 2023 2014 rarius

200 2033 549 2108 axillaribus,
599 2034 881 2109 floribus
938 2036 1253 2113 saepissime
1313 2037 1628 2112 (liclinibus,
1696 2039 1911 2116 calyce
1970 2046 2025 2099 et

200 2116 441 2175 corolla
476 2125 817 2195 pentamera,
861 2120 1234 2179 staminibus
1265 2121 1501 2199 quinque
1533 2130 1625 2179 aut
1653 2126 2022 2200 paucioribus,

195 2200 384 2258 liberis
413 2223 462 2259 v.
493 2203 637 2260 inter
666 2224 724 2261 se
762 2206 1001 2280 coalitis,
1041 2204 1329 2280 germine
1364 2206 1539 2263 infero
1576 2208 1855 2265 rarissime
1893 2210 2020 2266 uni-

195 2284 454 2361 loculari,
490 2288 814 2361 gemmula
845 2290 1031 2363 unica,
1071 2290 1384 2367 saepissime
1415 2291 2020 2369 tri-quinqueloculari,

195 2391 340 2428 nunc
372 2373 653 2448 gemnmlis
684 2375 899 2450 paucis,
945 2395 974 2432 e
1012 2374 1130 2431 basi
1169 2375 1391 2449 erectiS,
1436 2395 1581 2434 nunc
1617 2377 1864 2454 plurimis
1901 2384 2019 2436 tro-

194 2455 550 2534 phospermiis
585 2459 937 2535 parietalibus
974 2459 1220 2533 insertis,
1269 2459 1451 2517 baccis
1498 2459 1849 2539 (peponibus)
1891 2482 2018 2521 sae-

192 2540 416 2618 pissime
438 2542 820 2619 polyspermis,
853 2543 1186 2621 embryoue
1211 2544 1648 2622 exalbuminoso,
1681 2547 2017 2625 orthotropo,

195 2624 661 2703 cotyledom'bus
691 2627 958 2687 foliaeeis.

601 2777 774 2823 ordo
805 2777 1031 2825 coln.
1089 2778 1605 2829 Nhanclirobeae.

332 2876 526 2925 Herbae
563 2895 605 2926 v.
636 2877 917 2943 szffrute'ees
953 2870 1253 2928 scanilenteS.
1326 2883 1471 2929 Folia
1510 2882 1715 2940 alterna,
1764 2882 2010 2946 petiolata,

191 2947 445 3010 simplicia,
494 2948 712 3006 cordata,
760 2952 1136 3012 palmatinervia,
1192 2953 1400 3013 integra,
1455 2953 1752 3015 exstipulata.
1848 2956 2014 3002 Ce‘rrlez‘

190 3018 434 3076 exiliareS,
485 3035 589 3066 eum
628 3021 821 3082 petiolis
861 3030 1127 3068 nascentes.
1202 3023 1375 3068 Flores
1410 3023 1457 3068 in
1495 3023 1715 3069 foliorum
1747 3025 1901 3071 axillis
1932 3042 2010 3072 so-

189 3088 333 3135 litarii
371 3106 417 3136 v.
452 3091 708 3148 racemosi,
755 3091 1028 3153 regulares,
1075 3091 1362 3154 imperfecti,
1411 3090 1571 3139 dioici.
1645 3095 1873 3142 Floribus
1907 3103 2009 3142 sta-

188 3160 468 3222 mz'm‘gerz's:
513 3161 669 3223 θαῖμα)
699 3161 1229 3225 tri-quinquepartitus,
1262 3161 1381 3209 lobis
1412 3164 1698 3226 patentibus.
1782 3167 2009 3213 Corollae

189 3231 345 3290 petala
391 3231 619 3294 quinque,
667 3232 758 3278 imo
807 3233 961 3295 calyci
998 3249 1044 3280 v.
1081 3232 1278 3279 laminae
1319 3249 1547 3281 carnosae
1588 3235 1745 3282 tubum
1785 3237 2007 3282 vestienti

188 3301 388 3358 inserta,
436 3300 647 3364 ejusdcm
672 3302 799 3357 lobis
831 3303 1038 3360 alterna,
1085 3301 1309 3350 distincta
1339 3320 1381 3352 v.
1414 3305 1541 3351 inter
1573 3320 1624 3352 sc
1658 3313 1879 3363 connata,
1925 3322 2008 3369 pa-

188 3371 347 3416 tentia.
424 3372 642 3420 Stamina
689 3374 914 3437 quinque,
959 3375 1079 3421 imae
1126 3375 1336 3422 corollae
1384 3376 1582 3433 inserta,
1632 3375 1842 3438 ejusdem
1887 3376 2005 3422 lobis

189 3437 389 3498 alterna,
435 3443 672 3491 rarissime
713 3443 900 3502 decem,
948 3444 1129 3493 alterna
1170 3454 1278 3492 tunc
1324 3447 1491 3509 petalis
1540 3446 1756 3510 opposita
1803 3442 2001 3495 sterilia.
