2147 3756
1037 65 1155 115 600

188 237 345 271 modum
365 236 463 277 agn,
508 237 771 275 substantiae
787 246 951 274 amarae
968 242 1005 274 et
1023 237 1344 283 adstringentes',
1369 237 1515 281 quibus
1530 238 1798 283 complurium
1814 243 1948 277 cortex
1965 245 2005 277 ot

187 293 341 336 lignum
367 296 544 339 scatent,
576 295 732 330 variam
758 304 847 329 cum
872 295 1032 330 resinae
1055 292 1246 330 acredine
1262 296 1502 336 conjunctae
1519 296 1694 331 diversis
1711 297 1794 332 vim
1811 298 2004 333 tribuunt.

188 349 362 383 Fructus
382 351 632 392 quarundam
656 351 836 396 carnosi,
869 354 1064 385 saccharo
1085 355 1123 385 et
1139 351 1271 386 acidis
1288 351 1429 386 liberis
1447 352 1602 397 referti,
1633 353 1714 387 nisi
1732 354 1868 388 resina
1883 354 2006 390 simul

187 408 393 451 scateant,
425 407 585 453 edules,
616 408 720 442 inter
737 407 844 441 orbis
862 406 1004 447 tropici
1023 407 1194 444 delicias
1211 412 1486 444 numerantur.
1547 409 1711 444 Semina
1726 411 1876 445 oleosa.

328 473 545 510 Pistacme
584 477 838 517 aliquomodo
878 477 928 510 ad
970 476 1232 516 thurifragam
1273 479 1612 513 Burseracearum
1651 479 1902 514 nobilitatem
1934 487 2005 514 ac-

186 532 346 568 cedunt.
405 534 506 568 Nam
530 530 749 566 Pistoriae
778 529 966 565 herceis-cz·
986 533 1104 567 Linn.
1132 531 1342 577 (σχῖνος),
1374 543 1477 576 quae
1501 535 1658 576 quidem
1684 535 1723 570 in
1750 534 2003 580 archipelagi

185 589 321 631 graeci
339 589 489 624 insulis
504 590 667 631 colitur,
702 592 739 622 et.
763 585 980 621 Pis-caefae
997 587 1236 622 atlanticae
1254 589 1388 638 Dess„
1413 590 1452 624 in
1473 592 1723 626 Mauritania
1739 597 2003 637 spontaneae,

186 647 395 686 lacrymae
421 642 653 684 (lilasticlaee
677 654 710 678 s.
737 643 882 678 resina
906 643 1094 688 Mastia)
1121 646 1282 680 Olihani
1312 646 1498 681 virtutem
1533 648 1711 689 proxime
1734 650 2004 691 aemulantur,

185 711 208 736 e
229 702 385 746 resina,
418 701 634 736 subresina
660 697 962 743 (stlasu‘eln‘na)
997 705 1032 736 et
1064 704 1152 737 oleo
1182 705 1367 737 aethereo
1392 703 1659 747 compositae,
1692 703 1870 744 ingentis
1895 705 2004 746 apud

185 757 362 793 Orientis
389 760 557 800 populos
581 758 630 792 ad
656 759 904 793 roborandas
928 758 1139 803 gingivas,
1173 762 1207 792 et
1233 758 1314 793 oris
1337 759 1506 793 halitum
1531 760 1652 794 suavi
1677 761 1794 795 odore
1819 760 2004 795 imbuen-

187 814 279 849 dum
316 823 437 857 usus,
485 813 682 856 peculiari
721 813 864 861 etiam,
910 814 953 848 in
993 824 1112 856 quam
1150 815 1254 849 iuter
1289 816 1588 850 masticandum
1626 819 1795 861 abeunt,
1834 816 2003 851 mollitie

182 870 380 905 imertibus
412 869 844 907 commendatissimae.
916 868 1117 904 Piscaefa
1155 868 1431 905 Terebv'nllms
1461 872 1579 907 Linn.
1613 869 1927 921 (τέρεμινθ-ος)
1959 872 2003 907 in

183 926 344 964 regione
366 926 661 961 mediterranea
676 931 819 969 sponte
834 927 1031 964 nascitur.
1090 929 1154 962 Ex
1170 927 1299 962 inciso
1318 932 1458 963 trunco
1482 926 1782 962 1'e1·efn·ncsa·aa
1799 927 1950 974 cypria
1964 938 2003 964 v.

184 980 281 1016 chia
307 991 402 1017 rara
423 986 579 1027 manat,
612 982 771 1030 spissa,
803 984 992 1030 limpida,
1022 984 1246 1029 pellucida,
1280 987 1375 1019 alba
1397 994 1436 1020 V.
1462 995 1483 1020 e
1500 986 1619 1020 viridi
1638 985 1744 1021 flava
1764 985 1891 1021 autin
1909 994 2005 1021 cae-

181 1041 339 1075 ruleum
377 1041 559 1081 colorem
588 1049 783 1085 vergens,
823 1041 956 1076 odoris
994 1041 1119 1085 grati,
1159 1041 1264 1075 inter
1294 1042 1393 1076 Citri
1423 1045 1461 1080 et
1492 1042 1704 1076 Foeniculi
1737 1042 2002 1086 fragrantiam

184 1095 438 1141 fluctuantis,
471 1096 632 1138 saporis
658 1097 877 1141 balsamei,
911 1097 1117 1132 acredinis
1134 1101 1169 1132 et
1188 1097 1393 1132 amaritiei
1408 1098 1538 1132 omnis
1556 1108 1715 1140 expers.
1775 1098 2001 1134 Rarissime

180 1155 282 1187 haec
308 1151 412 1186 inter
434 1162 589 1187 merces
613 1161 716 1195 pura
732 1158 813 1197 est,
846 1155 1015 1188 necdum
1042 1153 1116 1188 rite
1140 1161 1164 1188 a
1180 1153 1371 1188 chemicis
1388 1156 1609 1195 explorata.
1671 1155 1836 1189 Semina
1851 1163 1876 1189 a
1891 1157 2005 1189 vete-

180 1210 292 1245 ribus
310 1209 349 1243 in
367 1209 647 1253 menostasiis,
673 1210 995 1254 haemorrhagiis
1015 1209 1195 1251 passivis
1213 1214 1247 1244 et
1267 1210 1511 1251 dysenteriis
1528 1212 1827 1256 commendata,
1852 1211 2003 1247 exoleti

182 1265 299 1301 hodie
330 1275 431 1300 usus
463 1269 571 1301 sunt.
630 1266 771 1301 Ramis
801 1266 949 1301 insecti
980 1266 1061 1300 ictu
1086 1268 1221 1309 gallae
1247 1265 1585 1309 leguminiformis
1610 1268 1819 1302 resinosae
1841 1266 2004 1317 species

182 1321 329 1365 [vulgo
357 1319 517 1355 Car-obe
541 1319 585 1354 da·
610 1320 792 1365 Gindea)
822 1322 1071 1368 innascitur,
1105 1323 1223 1363 cujus
1249 1323 1398 1358 fumum
1417 1332 1483 1357 ore
1500 1324 1651 1359 'rabaci
1670 1324 1799 1358 instar
1817 1326 2002 1367 tractum,

179 1378 436 1414 asthmaticis
461 1380 752 1415 commendant.
812 1375 1010 1412 Pae'swcr'a
1034 1388 1137 1412 vera
1154 1378 1273 1414 Linn.
1293 1374 1565 1423 (πιστακιά),
1599 1380 1640 1414 in
1659 1381 1804 1415 Persia
1828 1383 1862 1414 et
1882 1379 2004 1422 Syria

180 1440 425 1480 spontanea,
460 1434 648 1476 frequens
682 1435 724 1471 in
755 1444 827 1470 ora
858 1436 1152 1471 mediterranea
1173 1434 1337 1483 colitur,
1370 1435 1595 1474 seminibus
1618 1437 1767 1472 oleosis
1793 1433 2005 1479 (Nuculae

179 1489 398 1526 Pistaciae
416 1501 449 1528 s,
466 1487 729 1537 Amssgdalae
747 1489 921 1535 virides)
942 1492 1243 1536 acceptissima.

319 1562 512 1597 Proxima
542 1566 630 1605 post
655 1563 862 1598 Pistacias
886 1560 1159 1609 Mangv‘ferae
1181 1559 1346 1596 indit-ae
1369 1562 1490 1599 Linn.
1522 1561 1633 1600 fama
1656 1566 1737 1607 est,
1771 1561 1928 1599 arboris
1951 1573 2004 1600 ex

177 1620 283 1656 Asia
307 1629 377 1661 per
399 1619 585 1661 regiones
612 1620 789 1661 tropicas
815 1619 937 1654 totius
954 1620 1062 1654 orbis
1081 1623 1340 1662 propagatae.
1398 1620 1564 1661 Drupae
1581 1617 1919 1665 istius‘fflqango)
1939 1620 2005 1654 in-

180 1680 320 1720 gentes
345 1684 491 1718 sapore
515 1678 865 1720 commendantur,
898 1676 1040 1711 variae
1064 1678 1284 1711 secundum
1310 1675 1550 1711 varietatem
1575 1678 1737 1712 cultura
1753 1680 1879 1712 ortam
1897 1676 2003 1712 inter

179 1732 410 1767 fructiferas
441 1732 711 1777 dignationis,
744 1733 939 1767 cautioris
972 1736 1105 1767 tamen
1136 1742 1256 1779 usus,
1288 1741 1383 1768 nam
1414 1734 1551 1767 alvum
1576 1734 1748 1778 ducunt,
1782 1736 1818 1768 et
1842 1733 2000 1776 largius

177 1789 364 1832 ingestae
388 1789 565 1831 pustulis
588 1789 735 1831 ubique
760 1789 800 1823 in
826 1793 916 1824 cute
941 1790 1263 1834 erumpentibus,
1297 1798 1377 1832 qua
1400 1789 1597 1824 violentia
1620 1789 1661 1824 in
1686 1789 1908 1832 inquilinos
1925 1792 2002 1824 hu-

176 1855 307 1881 mores
325 1855 445 1889 agere
461 1845 633 1889 possint,
658 1846 761 1880 satis
779 1847 1064 1881 demonstrant.
1095 1845 1326 1881 Seminibus
1344 1845 1495 1881 amaris
1512 1846 1642 1881 virtus
1661 1845 2000 1881 anthelminthica

177 1902 387 1945 tribuitur,
420 1911 544 1937 succo
576 1901 711 1947 fusco,
744 1911 881 1937 amaro
908 1906 946 1937 et
969 1903 1074 1947 acri,
1107 1902 1174 1944 qui
1199 1913 1220 1938 e
1245 1903 1422 1937 detracto
1446 1903 1593 1937 cortice
1617 1912 1706 1937 cum
1730 1905 1856 1938 multo
1881 1903 2001 1938 odore

177 1958 334 2004 defluit,
367 1960 418 1993 ad
442 1960 757 2001 compescendas
775 1959 1011 1994 diarrhoeas
1028 1959 1240 1994 chronicas
1260 1962 1439 1995 utuntur.
1498 1960 1721 1994 Nascentia
1739 1958 1838 1994 folia
1855 1960 2002 1994 adver·

176 2025 250 2050 sus
282 2015 425 2049 tussim
449 2018 488 2049 et.
511 2017 694 2060 asthma,
727 2016 868 2050 adulta
891 2017 941 2050 ad
966 2016 1196 2058 purgandos
1220 2016 1360 2051 dentes
1383 2015 1588 2051 adhibent.
1648 2016 1828 2051 Resinae
1849 2014 1937 2051 acri
1960 2017 2001 2051 et

177 2071 438 2116 amaricanti,
472 2079 575 2112 quae
592 2076 733 2114 sponte
750 2082 771 2106 e
789 2076 930 2106 trunco
947 2072 1194 2117 secernitur,
1226 2072 1307 2107 vim
1326 2071 1692 2113 antisyphiliticam
1712 2072 1904 2107 tribuunt.

317 2129 396 2162 Pro
413 2131 583 2169 accepta
600 2137 650 2162 ex
665 2129 769 2163 Asia
782 2127 1015 2171 Mangifera
1032 2130 1168 2163 Novus
1185 2128 1292 2171 orbis
1305 2123 1592 2160 Almam-dium
1611 2125 1999 2164 occv'deucaleLinn.

176 2182 387 2227 (Caschu)
413 2183 539 2218 veteri
564 2184 704 2219 reddit.
762 2185 896 2220 Arbor
918 2184 961 2218 in
984 2184 1155 2219 Antillis
1179 2187 1217 2218 et
1238 2184 1455 2219 Americae
1480 2183 1659 2225 tropicae
1681 2183 1911 2219 continente
1936 2184 2002 2218 in-

176 2240 345 2285 digena,
377 2240 542 2275 nuncin
562 2241 683 2275 totius
700 2240 807 2283 globi
827 2243 946 2283 plaga
965 2240 1100 2275 calida
1117 2239 1277 2275 seritur.
1337 2242 1429 2275 Nux
1450 2237 1616 2282 (Semen
1635 2236 1874 2273 Anacardn‘
1889 2238 2001 2273 oeci-

178 2294 382 2340 dentalr's,
415 2296 793 2340 Elephantenlaus]
819 2297 859 2331 in
878 2297 1097 2345 pedunculi
1114 2296 1298 2342 carnosi,
1331 2296 1457 2339 ampli
1477 2297 1565 2339 pyri
1584 2297 1751 2339 figuram
1770 2295 1998 2342 referentis,

175 2354 327 2389 vertice
352 2362 479 2396 parva
504 2353 672 2396 residet,
705 2353 834 2397 figura
857 2352 1101 2389 reniformis.
1160 2354 1293 2396 Hujus
1318 2358 1506 2395 putamen
1533 2356 1622 2388 oleo
1648 2353 1837 2389 caustico.
1856 2355 1999 2399 scatet,

176 2420 314 2446 semen
340 2419 485 2451 sapore
509 2410 792 2456 amygdalino,
826 2410 1081 2453 pedunculus
1104 2409 1269 2445 acidula
1286 2409 1508 2445 vinositate
1526 2414 1719 2459 acceptus
1737 2413 1811 2445 est.
1854 2411 1999 2451 ,Enut

174 2476 268 2502 cum
293 2466 467 2509 tegmine
491 2470 738 2510 unguentum
765 2469 910 2509 parant
927 2465 1241 2510 epispasticum,
1274 2466 1455 2509 integras
1472 2468 1520 2501 ob
1539 2466 1727 2501 virtutem
1746 2469 2001 2502 roborantem
2020 2461 2026 2464 ”

175 2527 213 2558 et
248 2523 542 2568 vivificantem,
574 2531 711 2567 gquam
739 2523 941 2570 tribuunt,
988 2522 1108 2558 etiam
1137 2523 1337 2558 adversus
1369 2522 1604 2558 diarrhoeas
1635 2523 1826 2559 adhibere
1857 2525 2002 2558 solent.

173 2580 328 2623 Quibus
351 2582 563 2616 maculosa
587 2582 699 2615 rubet
727 2578 875 2625 facies,
908 2589 930 2614 e
953 2581 1055 2614 collo
1081 2582 1224 2622 gerunt
1242 2578 1441 2624 pensiles,
1476 2579 1681 2614 tutissimo
1699 2579 1925 2624 foeditatis,
1957 2581 2002 2613 ut

173 2636 405 2680 perhibent,
437 2635 625 2671 remedio.
685 2637 871 2672 Truncus
895 2635 1045 2680 gummi
1073 2632 1265 2676 (Gomme
1291 2631 1517 2680 d'Aeajou)
1545 2637 1678 2671 sudat.
1736 2636 1855 2670 Folia
1878 2637 2001 2677 caput

175 2696 343 2728 tentant.
393 2693 529 2727 Radix
545 2696 703 2735 purgat.
772 2689 1046 2737 Semeearpns
1063 2687 1349 2726 Anacctrde'um
1366 2692 1487 2727 Linn.
1507 2692 1549 2727 in
1566 2691 1673 2727 Asia
1690 2692 1842 2734 tropica
1858 2694 2001 2742 sponte

176 2749 374 2785 nascitur.
433 2750 662 2786 Pedunculi
679 2748 877 2785 fructiferi
903 2748 1136 2793 pyr-iformis
1161 2751 1309 2784 acerba
1331 2749 1512 2784 cruditas
1535 2748 1744 2784 assatione
1768 2747 1998 2783 discutitur.

172 2807 307 2841 Nuces
334 2802 498 2848 (Semen
517 2801 754 2839 Anacarde'i
769 2804 1011 2847 orientalis)
1038 2805 1278 2841 immaturae
1301 2805 1398 2839 dant
1424 2804 1580 2839 viscus.
1638 2803 1772 2838 Etiam
1787 2797 2003 2850 vernix'ex

173 2862 239 2898 his
263 2858 442 2904 paratur.
500 2861 775 2897 Vernicifluae
799 2865 933 2897 autem
950 2862 1141 2896 Sinarum
1157 2863 1427 2903 Indorumque
1443 2862 1627 2906 arbores3
1659 2855 1999 2894 Melanorrlzoea

174 2917 462 2953 usitatissima
498 2919 650 2963 wall„
699 2915 949 2966 Slagmaria
985 2912 1238 2964 vernia-{flua
1275 2918 1415 2963 Jack.,
1454 2912 1593 2961 Aecgv’a
1631 2912 1840 2950 chimensis
1877 2915 1999 2952 Lour.

174 2985 227 3011 ex
244 2975 413 3010 istarum
431 2973 744 3009 necessitudine.
790 2974 1128 3009 Americanarum
1144 2972 1432 3020 complurium,
1450 2967 1662 3015 Aserom·2·‚
1685 2970 2000 3022 CnmncIod-e’ae-

176 3041 253 3074 que
271 3031 495 3074 specierum
513 3039 664 3065 succus
682 3029 996 3065 Terebinthinae
1010 3031 1129 3064 odore
1145 3028 1285 3074 gravis
1302 3031 1377 3064 est.
1435 3028 1501 3063 Ex
1516 3025 1704 3064 asiaticis
1729 3024 1999 3064 Odz'rea'Woss-

175 3086 265 3121 dier
287 3071 448 3134 Roxb.,‘
470 3083 755 3120 Bac-hanania
779 3083 975 3135 latefolia
996 3087 1126 3122 Roxb.
1157 3088 1195 3121 et
1216 3082 1462 3130 Holv'garna
1485 3082 1709 3134 longv'folia
1732 3087 1861 3122 Roxb.
1892 3084 1998 3122 inter

181 3144 413 3180 resinifluas
430 3143 725 3179 memorandae.
1782 3160 1788 3165 »

316 3197 449 3234 Rleov's
473 3199 701 3242 specierum
724 3199 866 3236 varius
890 3208 1005 3235 usus,
1066 3193 1185 3233 Rbus
1205 3194 1379 3232 Cotimcs
1394 3195 1514 3233 Linn.
1539 3195 1928 3243 (PeruckenhaumJ
1948 3197 1996 3234 in

176 3258 340 3299 Europa
369 3256 553 3292 australi·
573 3259 611 3292 et
641 3257 827 3292 caucaso
859 3256 1064 3300 nascitur,
1093 3253 1252 3290 boreali
1280 3253 1444 3290 fruticis
1472 3255 1593 3297 juxta
1624 3254 1998 3293 thermascaetias

175 3312 316 3348 limite.
377 3311 583 3346 Corlae‘cem
604 3310 764 3357 Cotini,
798 3322 887 3349 cum
905 3311 1390 3354 aliquo'aromatevalide
1405 3310 1744 3357 adstringentem,
1771 3310 1998 3346 interelu-

176 3370 329 3403 chonae
346 3371 602 3405 succedanea
617 3372 843 3405 numerant.
899 3368 1018 3404 Folia
1033 3367 1076 3403 in
1091 3367 1358 3411 gargarismis
1375 3367 1581 3403 adhibent.
1639 3367 1812 3412 Lignum
1833 3363 1997 3409 (Fisu-

177 3421 293 3470 holz)
314 3427 484 3461 colorem
501 3425 732 3463 aurantium
747 3427 926 3471 praebet.
985 3421 1121 3460 Rhois
1135 3418 1320 3470 Meropia·
1332 3423 1476 3472 Lirim,
1508 3423 1551 3460 in
1567 3423 1755 3461 Jamaiea
1769 3422 1999 3471 nascentis,
