2147 3756
981 127 1098 177 575

877 206 913 213 ,μ
1166 206 1211 212 ..2-

134 307 241 340 sunt.
297 298 733 348 ancoccipalustris
751 301 886 348 Pers,
913 300 1098 337 fruticull
1114 300 1236 348 nani,
1268 301 1312 337 tn
1330 300 1495 336 tursosis
1514 300 1812 346 frigidiusculis
1829 302 1958 338 hemi-

135 363 334 403 sphaerae
357 358 533 395 borealis
557 358 783 405 ampliigei,
816 358 972 399 fructus
1003 355 1308 403 (Moosbeeren,
1341 357 1678 405 Krahenbeeren,
1703 358 1957 402 Cranberry]

139 417 256 452 acido
282 416 420 450 citrico
443 418 621 460 scatent,
654 414 759 449 inter
781 417 1017 458 populorum
1042 414 1263 450 borealium
1287 414 1468 449 remedia
1490 413 1774 457 refrigerantia
1797 419 1835 450 et
1852 414 1960 450 anti-

136 472 368 507 scorbutica
392 481 471 506 non
496 470 621 507 infimi
644 471 845 517 nominis,
877 471 997 507 etiam
1022 471 1126 506 inter
1149 471 1268 506 acida
1292 470 1472 506 ciborum
1495 471 1754 506 condimenta
1777 471 1960 507 admissi.

134 527 561 564 Boi-eali-americani
584 527 710 563 aliam
737 531 896 570 praeter
920 531 1024 563 hanc
1049 528 1251 569 oxycocci
1275 527 1453 570 speciem
1478 523 1768 572 (azyme-cam
1791 536 1959 561 macro-

134 594 311 629 carpum
335 582 474 627 Pers.)
506 587 675 630 habent,
708 585 826 627 cujus
859 587 1009 620 baccae
1039 583 1174 620 cerasi
1197 587 1341 620 molem
1365 587 1612 632 aequantes,
1643 586 1842 620 saccharo
1867 593 1961 620 con-

133 640 244 677 ditae
260 640 303 676 in
319 641 594 676 mercimoniis
610 644 718 676 sunt.

282 694 544 731 Tln'baude‘ae
581 696 1019 733 austro-americanae
1056 695 1223 733 floribus
1255 696 1555 744 fragrantibus,
1586 696 1810 732 nonnullae
1839 694 1964 732 etiam

132 754 266 790 fructu
283 754 393 789 eduli
410 755 750 790 commendantur.
815 750 1078 787 Tlez'baadiae
1095 750 1210 786 melli
1245 762 1346 786 orae
1369 754 1475 789 Ruiz
1499 757 1535 789 et
1559 754 1683 800 Pav.,
1705 752 1866 788 fruticis
1890 762 1962 795 pe-

135 810 255 846 ruani
285 811 519 856 andicolae,
558 811 675 846 flores
699 819 822 845 succo
845 812 990 845 melleo
1014 809 1111 844 foeti
1134 813 1248 858 sunt,
1287 812 1395 845 hunc
1416 810 1634 854 indigenae
1655 809 1776 845 avide
1797 812 1964 855 sugunt,

134 867 348 910 ipsamque
370 869 553 910 plantam
576 863 795 899 Paeo-hato
819 864 1122 911 sumacmo‘sqai
1142 866 1169 901 i.
1193 876 1227 901 e.
1255 866 1431 912 „florum
1450 866 1693 902 fasciculum
1708 865 1965 901 incarnatum

135 923 275 966 optimi
300 918 476 958 mellis“
507 921 733 957 nominant.
789 923 823 957 E
854 919 1116 956 Thz'baudz'ae
1140 920 1460 967 macrophysllae
1484 925 1532 959 Η.
1557 925 1602 959 Β.
1627 924 1677 959 K.
1701 921 1848 966 [vulgo
1872 923 1966 958 Uva

133 978 380 1022 camarona]
403 976 542 1014 baccis
557 979 805 1014 Pastoe'nses
821 978 959 1014 vinum
979 979 1219 1021 exprimunt.
1277 980 1310 1014 E
1338 976 1610 1024 Thybaudiae
1630 977 1833 1023 Quereme
1850 979 1897 1013 H.
1915 978 1962 1014 B.

131 1036 182 1071 K.
207 1033 425 1078 (Quereme
448 1035 496 1070 de
521 1034 636 1080 Caii]
660 1034 827 1071 floribus
849 1035 1030 1071 Peruani
1052 1035 1269 1072 tincturam
1292 1038 1557 1072 aromaticam
1573 1035 1962 1080 antiodontalgicam

131 1096 289 1135 parant.

271 1144 631 1182 Rhododemlreae
652 1146 803 1184 virtute
825 1148 1036 1184 narcotica
1061 1148 1170 1195 acri,
1204 1148 1366 1192 quaein
1390 1149 1560 1192 reliquis
1584 1149 1753 1185 minima
1776 1158 1815 1185 v.
1841 1151 1964 1193 plane

130 1205 275 1252 dubia,
301 1207 521 1241 excellunt.
567 1201 1289 1253 ledodendri-chrysanthiLinn.,
1315 1205 1478 1242 fruticis
1495 1207 1537 1241 in
1556 1207 1719 1249 alpibus
1736 1206 1864 1243 Asiae
1885 1209 1957 1242 bo-

130 1262 259 1298 realis
283 1261 414 1308 obvii,
447 1261 549 1297 folia
571 1265 610 1297 et
634 1261 796 1305 stipites
819 1261 862 1297 in
888 1262 1064 1298 officinis
1086 1265 1306 1309 habentur,
1338 1263 1502 1305 saporis
1519 1263 1748 1311 subamari,
1781 1265 1961 1299 adstrin-

129 1319 278 1362 gentis.
336 1318 479 1367 vitrus
510 1321 705 1354 roborans
736 1322 773 1354 et
797 1320 1022 1355 narcotica.
1082 1320 1231 1362 Majori
1255 1319 1345 1354 dosi
1370 1319 1637 1366 vertiginem,
1672 1320 1963 1362 temulentiam,

128 1384 350 1422 nauseam,
383 1375 716 1420 somnolentiam,
749 1375 922 1411 subinde
946 1375 1069 1411 etiam
1086 1380 1246 1412 auctam
1264 1375 1350 1412 alvi
1368 1379 1404 1412 et
1424 1377 1567 1412 urinae
1585 1376 1854 1411 excretionem
1872 1387 1962 1420 pro-

130 1432 294 1468 ducunt.
353 1429 918 1479 Rhododendriferruginei
936 1431 1080 1479 Linn.,
1113 1433 1275 1469 fruticis
1302 1433 1344 1468 in
1368 1433 1547 1476 Alpibus
1578 1433 1731 1468 nostris
1760 1433 1963 1480 vulgaris,

128 1492 169 1525 et
187 1485 817 1531 ledodemirz'ma.z·2‘mz'Linn.
832 1516 842 1536 ,
874 1489 916 1524 in
938 1490 1131 1525 America
1161 1489 1317 1526 boreali
1341 1490 1472 1536 obvii,
1505 1489 1654 1526 similis
1676 1490 1742 1525 vis
1766 1494 1840 1526 est.
1898 1491 1964 1526 Ex

128 1545 282 1581 infusis
312 1549 399 1581 oleo
429 1545 574 1590 pingui
604 1542 906 1580 Rhododendrz·
924 1545 1175 1594 ferruginei
1202 1547 1372 1591 gemmis
1401 1545 1693 1582 Pedemontani
1719 1545 1964 1582 medicinam

130 1601 243 1646 (Olio
275 1602 315 1637 di
342 1600 584 1645 Marmotta)
614 1605 783 1652 parant,
816 1612 897 1647 qua
926 1604 1128 1641 adversus
1158 1603 1424 1640 articulorum
1447 1604 1605 1640 dolores
1630 1606 1669 1639 et
1691 1602 1735 1638 in
1759 1603 1962 1640 sanandis

128 1659 369 1695 vulneribus
388 1662 569 1695 utuntnr.

269 1715 404 1751 Etiam
421 1712 748 1759 Lede'palastrv's
764 1716 885 1752 Linn.
903 1714 1061 1763 (Porst,
1081 1717 1352 1752 Rosmarinus
1367 1715 1588 1759 sylvestris
1605 1714 1756 1763 Offic.],
1775 1715 1962 1753 fruticuli
2020 1749 2027 1752 Α

131 1771 173 1807 in
196 1773 360 1814 Europa
389 1771 545 1808 boreali
576 1776 614 1807 et
636 1773 742 1808 Asia
774 1773 925 1816 frigida
946 1772 1153 1820 vulgaris,
1186 1772 1287 1808 folia
1315 1772 1514 1820 linearia,
1546 1773 1731 1816 margine
1760 1776 1960 1821 revoluta,

128 1831 274 1864 subtus
292 1827 787 1872 ferrugineo-tomentosa
802 1829 845 1864 in
862 1828 1111 1865 medicorum
1130 1839 1238 1873 penu
1255 1833 1365 1866 sunt.
1403 1829 1517 1865 Trita
1534 1831 1693 1865 odorem
1708 1830 1961 1866 narcoticum

127 1887 288 1930 halant,
322 1888 444 1929 gustu
468 1892 609 1920 amara
632 1889 671 1921 et
694 1885 1013 1933 adstringentia,
1046 1886 1197 1922 virtute
1220 1886 1430 1922 narcotica
1452 1890 1490 1922 et
1508 1886 1772 1923 subemetica.
1831 1888 1961 1935 Haec,

126 1942 309 1986 pessima
338 1941 481 1977 fraude
503 1949 529 1976 a
552 1942 793 1984 quibusdam
818 1942 1045 1978 cerevisiae
1068 1943 1274 1987 admixta,
1305 1943 1677 1986 perniciosissimos
1702 1944 1867 1980 effectus
1893 1944 1957 1980 in-

127 1999 275 2033 ducere
293 2001 465 2034 constat.
511 1999 666 2046 Oleum,
693 2000 797 2042 quod
814 2009 835 2035 e
853 1999 964 2035 foliis
982 1999 1257 2036 destillatione
1275 2000 1490 2047 obtinetur,
1514 2003 1626 2042 aqua
1638 1999 1795 2047 levius,
1821 2003 1957 2036 colore

126 2055 300 2102 flavum,
325 2056 445 2090 odore
460 2057 744 2103 temulentum,
771 2064 920 2099 sapore
937 2056 1322 2092 aromatico-urens
1339 2060 1415 2093 est.
1474 2053 1890 2105 Ledz'latzy'olae'z’Ait.,
1917 2060 1960 2093 in

125 2111 321 2148 America
341 2112 575 2148 subarctica
596 2112 839 2161 crescentis,
864 2112 966 2150 folia
989 2111 1294 2159 (vulgoJames
1311 2115 1417 2163 Tea,
1440 2111 1651 2151 Labrador
1667 2113 1776 2159 Tea)
1800 2113 1844 2150 in
1866 2124 1960 2160 per·
1985 2149 1987 2152 ,

127 2169 235 2206 tussi
249 2169 594 2205 commendantur.

266 2236 471 2274 Kaltm'ae
487 2239 930 2277 boreali-americanae
945 2240 1114 2286 gravius
1128 2240 1364 2278 narcoticae
1379 2240 1652 2289 perhibentur,
1676 2240 1824 2279 ovibus
1840 2241 1961 2280 aliis-

129 2305 207 2341 que
230 2296 481 2333 animalibus
505 2297 737 2335 domesticis
761 2298 975 2335 exitiosae.
1033 2301 1119 2335 Mel
1141 2309 1162 2335 e
1189 2298 1357 2335 floribus
1373 2296 1578 2333 Kalmz'ae
1594 2297 1816 2345 latifoliae
1838 2299 1959 2336 Linn.

129 2352 279 2398 (vulgo
308 2355 463 2389 Laurel
493 2357 533 2389 et
562 2346 868 2400 Calico-bush]
898 2358 948 2391 ab
980 2355 1129 2398 apibus
1159 2358 1376 2392 collectum
1407 2356 1706 2403 temulentiam,
1738 2356 1960 2404 insaniam,

125 2410 340 2457 vomitum,
373 2414 412 2446 et
427 2410 716 2446 convulsiones
731 2420 974 2459 provocare,
1005 2412 1084 2447 imo
1101 2416 1268 2448 mortem
1284 2421 1458 2448 causare
1475 2422 1617 2459 posse,
1650 2416 1822 2450 constat.
1875 2410 1963 2448 Mel

122 2467 363 2513 ponticam,
395 2468 499 2510 quod
522 2466 731 2503 insaniam
756 2467 875 2515 facit,
908 2470 1016 2512 apud
1041 2473 1200 2505 veteres
1217 2468 1418 2512 imprimis
1436 2479 1457 2504 e
1472 2470 1766 2513 Xenophontea
1783 2470 1957 2506 anabasi

127 2523 303 2570 infame,
336 2533 357 2558 e
381 2519 814 2570 Rhododendrz'fi'avz'
832 2526 934 2560 Don.
966 2524 1176 2568 [Azaleae
1204 2525 1394 2568 ponticae
1421 2525 1567 2570 Lirin.)
1600 2529 1638 2561 et
1660 2523 1962 2561 Rhododendrz'

119 2579 289 2626 pontici
301 2580 423 2616 Linn.
440 2580 606 2617 floribus
630 2580 795 2629 colligi,
828 2582 1098 2621 recentiorum
1114 2582 1404 2627 experimentis
1422 2585 1725 2627 comprobatum
1742 2587 1817 2621 est.

267 2699 841 2758 *Iliapensiace'ae.
902 2705 1183 2755 Suffrut2‘cul2‘
1203 2706 1394 2756 arctici,
1415 2709 1546 2760 foliis
1570 2705 1784 2758 alternis,
1817 2706 1958 2748 dense

126 2759 406 2801 imbricatim
440 2760 687 2811 confertis,
724 2762 1188 2815 sempervirentibus,
1226 2764 1420 2802 avc-niis.
1486 2764 1637 2802 Flores
1668 2763 1957 2815 terminales,

124 2816 342 2858 solitarii.
407 2819 548 2868 calyx
581 2817 1216 2869 imbricato—tribracteatns,
1265 2815 1614 2872 pentaphyllus,
1659 2817 1790 2859 foliis
1826 2820 1953 2860 bise-

124 2874 284 2926 riatis,
335 2874 674 2929 inaequalibus.
751 2877 924 2914 Corolla
967 2876 1262 2929 receptaculo
1301 2875 1499 2924 inserta,
1545 2873 1955 2930 subhypocrateri-

126 2932 339 2984 morpha,
379 2931 513 2971 limbi
544 2931 729 2972 laciniis
762 2933 984 2985 quinque,
1017 2933 1328 2972 aestivatione
1357 2931 1628 2972 imbricatis.
1691 2935 1889 2972 Stamina
1914 2934 1955 2986 5,

127 2987 336 3028 corollae
354 2986 483 3028 sauci
507 2988 706 3038 inserta,
743 2988 946 3041 ejusdem
972 2988 1157 3029 laciniis
1182 2990 1384 3039 alterna3
1404 2989 1640 3038 filamenca
1664 2989 1954 3043 petaloideo-

127 3043 344 3096 dilatata,
381 3046 592 3084 antherae
620 3044 928 3097 biloculares,
966 3046 1244 3087 tansversim
1272 3045 1505 3097 biv-aives,
1536 3046 1737 3086 valvulis
1769 3048 1954 3088 muticis

124 3114 168 3142 v.
200 3098 421 3141 inferiore
455 3101 662 3142 aristata.
727 3104 908 3142 Germen
938 3102 1110 3157 absque
1142 3103 1270 3143 disco
1303 3103 1488 3154 sessile,
1518 3102 1816 3155 triloculare‚
1856 3108 1950 3146 tro-

125 3155 436 3211 phospermiis
456 3159 764 3200 >centralibush
828 3161 1071 3199 Gemmnlae
1092 3160 1140 3199 in
1167 3160 1328 3214 quovis
1353 3159 1510 3200 loculo
1543 3165 1724 3214 septem
1759 3174 1801 3200 v.
1826 3161 1952 3202 inde-

128 3213 288 3254 finitae
317 3214 560 3268 plurimae.
631 3217 778 3267 stylus
807 3215 1089 3268 terminalis,
1127 3215 1386 3266 filiformis,
1425 3215 1642 3270 simplex,
1685 3220 1842 3268 stigma
1874 3219 1952 3259 tri-

126 3269 381 3311 dentatum.
465 3273 654 3321 Capsula
695 3273 1052 3320 membranacea
1098 3287 1138 3314 v.
1175 3274 1454 3324 chartacea,
1512 3275 1624 3324 stylo
1670 3274 1951 3326 persistente

126 3332 370 3380 superata,
398 3327 713 3380 trilocularis,
742 3330 874 3383 apice
899 3328 1152 3371 loculicide
1183 3330 1416 3380 trivalvis‚
1448 3329 1595 3370 valvis
1626 3330 1778 3371 medio
1812 3332 1949 3385 septi-

127 3381 259 3426 feris.
320 3386 490 3424 Semina
508 3385 558 3424 in
586 3384 970 3440 trophospermiis
994 3386 1229 3441 fungosis,
1262 3387 1505 3427 columnae
1530 3386 1727 3427 centrali
1751 3387 1953 3440 adnatis,

125 3438 227 3481 basi
245 3440 411 3481 solutis
427 3441 650 3494 plurima,
673 3443 950 3494 subcubica,
976 3443 1299 3498 integumento
1319 3442 1695 3494 membranaceo,
1721 3445 1951 3496 areolato,

127 3495 224 3539 hilo
254 3495 379 3540 infra
411 3500 592 3552 apicem
621 3499 835 3542 ventrali.
894 3502 1080 3551 Embryo
1112 3501 1161 3542 in
1193 3501 1270 3543 axi
1297 3499 1544 3542 albuminis
1576 3501 1762 3542 carnosi
1795 3503 1950 3543 mollis

1918 3658 1939 3668 s
