2147 3756
1039 124 1155 173 216

299 299 421 333 2148.
452 298 639 340 Rhopala
659 294 825 332 Sela-eb.
1300 300 1334 320 ‹c-
1363 286 1575 337 Eulomzrtia
1590 287 1702 320 Endl.
1836 286 1837 292 ¹

508 345 681 388 Roupala
699 344 809 377 Aula.
1451 329 1709 371 Tricondylus
1726 328 1805 361 ΚΗ.
1825 332 1863 361 et
1882 325 1961 362 Sal.

512 394 722 427 Leinkerist
741 392 856 436 Scap.
1297 378 1330 411 b.
1359 377 1596 422 Amphiloma
1612 378 1724 412 Emll.

508 443 774 476 Dicknekeria
792 442 894 475 Flor.
913 441 1038 474 Flam.
1117 482 1120 485 Ι
1240 430 1363 465 2156-
1395 430 1669 489 Slfltlossal'ffl'}
1691 426 1737 463 R·
1758 424 1831 486 Bs-

301 501 424 536 2149.
454 500 766 542 Andripetalum
786 496 948 533 sehon.
1453 476 1596 519 cybele
1612 477 1690 509 1¹¹²·
1711 480 1751 508 et
1770 475 1850 509 ΜΛ·

512 546 827 590 Andr-inperalum
846 545 952 580 Pola.
1175 545 1370 581 TRIBUS
1394 546 1445 579 11.
1481 544 1796 580 RANKSJEAE.

301 606 425 643 2¹50.
458 606 617 640 HeliPia
641 601 767 637 Lour.
1240 612 1365 647 2157·
1396 609 1582 647 Banksia
1602 606 1798 654 'disten-fil·

512 651 818 695 Helitophyllum
836 650 961 685 Blum.
1297 671 1333 692 a.
1361 658 1580 692 Euhanksia
1594 658 1709 691 Eum,

300 712 425 747 2151.
455 710 651 751 Knightia
674 707 718 742 R.
739 707 815 745 Br.
1298 708 1332 742 b.
1357 707 1538 750 Isostylis
1555 707 1603 740 R.
1622 706 1692 740 Br.

358 777 394 798 a.
422 763 693 805 Caloknightia
709 764 821 798 Endl.
1244 760 1368 794 2158.
1400 760 1616 801 Dryantll'a
1633 755 1682 792 R.
1704 754 1778 791 ΒΥ.

364 815 397 849 h.
425 812 623 857 Eucarpha
640 813 688 845 R.
707 813 774 846 Br.
1190 826 1193 834 ι
1451 806 1640 849 Josephia
1652 806 1732 839 Kn.
1751 810 1790 838 et
1808 802 1890 839 Sal.

518 897 527 901 -
1300 868 1336 890 ιι.
1362 854 1663 899 Diplophragma
1678 854 1728 887 R.
1744 854 1814 887 Br.

256 896 558 933 SUBTRJBLS
580 896 630 930 11.
664 896 1062 932 EMBOTHRIEAE.
1298 906 1331 939 b,
1358 905 1572 949 Aphfflgma
1589 904 1638 937 R,
1657 903 1724 937 Br,

301 965 424 999 2152.
454 961 731 998 Embotlirium
753 959 893 998 Fnrst.
1242 956 1365 992 2159.
1396 955 1641 991 Hemiclidia
1658 951 1709 991 R.
1727 950 1806 988 Br.

298 1020 423 1054 2153.
455 1018 678 1054 Oreocallis
695 1015 746 1054 R.
766 1016 840 1054 Br.
1723 1047 1733 1057 .
1769 1041 1772 1044 ⁴

302 1076 426 1111 2154.
456 1076 634 1116 Tempea
652 1071 701 1110 R.
719 1072 795 1111 Ην.
1354 1049 1576 1090 Genera
1606 1047 1785 1089 dubla·

512 1122 712 1165 Hylogyne
727 1123 807 1157 Kn.
826 1125 865 1157 et
882 1121 963 1158 Sal.
1246 1142 1291 1149 -—-·
1325 1125 1535 1168 Agnostus
1552 1118 1600 1159 A.
1621 1120 1751 1159 Cunn.

301 1181 425 1216 2155.
453 1179 640 1217 Lomatia
658 1177 708 1218 R.
725 1177 802 1215 ΒΓ.
1240 1197 1296 1206 -—·
1325 1179 1538 1224 cylindria
1551 1176 1683 1215 Lour.

331 1286 659 1332 Affinitas.
719 1294 965 1330 Proteaceae
980 1292 1122 1330 habitu
1136 1293 1238 1330 mire
1256 1292 1427 1329 formoso
1442 1295 1480 1329 et
1496 1289 1803 1328 characteribus
1818 1288 2014 1327 facillime

189 1348 521 1398 distinguendae,
554 1359 579 1386 a
595 1349 767 1392 reliquis
783 1350 1351 1394 Thymelaearum‘ordinibus
1369 1349 1600 1393 embryonis
1623 1347 1924 1384 exalbuminosi
1945 1355 2013 1383 ra-

190 1406 349 1451 dicula,
381 1406 503 1441 etiam
534 1406 577 1441 in
601 1406 718 1442 varia
742 1410 969 1450 gemmulae
992 1407 1211 1443 directione
1236 1411 1275 1442 et
1296 1406 1338 1442 in
1360 1405 1434 1442 hili
1458 1406 1542 1442 situ
1565 1405 1747 1451 diverso,
1779 1406 2014 1440 constanter

188 1463 321 1498 basim
345 1462 549 1504 carpicam
566 1462 833 1509 respiciente,
867 1463 1074 1509 differunt,
1106 1474 1128 1499 e
1145 1462 1345 1508 perigonii
1362 1461 1678 1497 conformatione
1694 1464 1733 1497 et
1748 1461 1888 1498 florum
1905 1459 2013 1496 facie

189 1518 372 1563 aliquam
389 1528 480 1553 cum
495 1519 792 1555 Loranthaceis
809 1519 1047 1555 affinitatem
1063 1521 1174 1555 haud
1190 1522 1362 1555 obscure
1379 1519 1605 1562 prodentes.
1840 1510 1845 1519 ”

333 1596 764 1653 Geographia.
803 1605 851 1639 In
867 1603 1101 1648 regionibus
1119 1603 1282 1647 tropicis
1300 1606 1413 1639 trans
1429 1602 1711 1646 capricornum
1725 1600 1819 1638 sitis
1835 1600 2013 1637 maximo

190 1669 358 1695 numero
391 1660 692 1707 provenientes,
731 1660 772 1695 in
805 1660 949 1703 Capite
979 1664 1109 1697 bonae
1138 1660 1227 1703 spei
1257 1663 1295 1696 et
1323 1659 1367 1695 in
1397 1660 1513 1694 Nova
1542 1658 1783 1705 Hollandia,
1814 1657 2013 1700 imprimis

190 1716 386 1763 australi,
419 1717 629 1762 copiosae,
663 1717 704 1751 in
726 1718 842 1753 Nova
865 1717 1092 1753 Zeelandia
1121 1720 1157 1752 et
1181 1716 1374 1753 America
1397 1716 1572 1751 australi
1594 1714 1866 1757 extratropica
1887 1716 2013 1749 multo

190 1772 367 1808 rariores
391 1777 630 1808 nascuntur.
688 1775 803 1808 Nova
818 1774 1039 1810 Hollandia
1054 1773 1209 1817 tropica
1225 1777 1263 1809 et
1278 1773 1384 1809 Asia
1398 1771 1712 1815 aequinoctialis
1730 1775 1842 1808 trans
1861 1779 2014 1813 aequa-

193 1832 316 1864 torem
341 1838 497 1871 paucas
523 1829 616 1874 alit,
648 1828 690 1864 in
708 1830 900 1865 America
924 1832 1145 1866 nonnullae
1168 1829 1228 1866 cis
1253 1832 1428 1876 etltrans
1450 1829 1600 1864 lineam
1615 1827 1822 1874 habitant,
1855 1835 2013 1870 paucae

189 1885 232 1920 in
250 1885 416 1921 Africae
439 1885 753 1928 aequinoctialis
777 1886 942 1931 regione
965 1886 1195 1930 aquilonem
1217 1888 1427 1930 spectante
1449 1887 1687 1921 observatae
1710 1883 1885 1920 fuerunt.
1944 1883 2013 1920 Cis

190 1950 383 1978 cancrum
402 1944 519 1978 nulla
535 1942 638 1978 visa.
1153 1951 1159 1956 ’

332 2012 540 2048 Maximus
558 2017 619 2048 est
635 2012 861 2056 specierum
877 2012 918 2049 in
934 2015 1072 2050 Novae
1087 2013 1332 2049 Hollandiae
1348 2021 1498 2049 saxoso
1516 2014 1551 2047 et
1569 2013 1708 2048 effoeto
1723 2011 1857 2046 littore
1873 2019 2014 2046 nume-

192 2077 284 2116 rus,
315 2072 354 2103 et
369 2069 546 2112 plurima
561 2070 618 2105 ibi
641 2065 833 2113 generum
855 2071 1050 2106 varietas.
1108 2069 1455 2112 Frequentissime
1478 2072 1611 2105 autem
1633 2069 1676 2104 in
1699 2067 1875 2110 ingentis
1899 2067 2014 2102 illius

193 2125 357 2161 insulae
375 2126 538 2170 regione
554 2127 776 2161 libonotum
793 2130 1004 2170 spectante
1019 2131 1202 2169 repertae
1220 2126 1403 2173 suerunt,
1436 2130 1672 2161 euronotum
1688 2133 1832 2159 versus
1850 2133 2014 2159 numero

191 2181 612 2228 nonnihilinnninuto3
632 2183 832 2226 utrinque,
851 2193 930 2225 qua
946 2177 1062 2218 littus
1080 2185 1242 2218 boream
1256 2192 1402 2218 versus
1424 2182 1616 2230 excurrit,
1633 2180 1806 2217 rariores
1816 2180 2013 2229 habitant,

193 2239 444 2273 decremento
475 2239 516 2273 in
548 2238 735 2274 orientali
765 2241 910 2285 plaga,
943 2239 1159 2281 disjectum
1182 2239 1411 2274 insularum
1434 2241 1589 2274 vallum
1613 2240 1842 2281 spectante,
1875 2239 1911 2272 et
1936 2236 2014 2272 soli

193 2294 338 2338 irrigui
370 2295 602 2338 benigniore
625 2299 773 2330 natura
795 2296 918 2331 etiam
942 2296 1077 2338 sylvis
1101 2296 1262 2331 consita
1285 2295 1505 2338 rapidiore,
1536 2294 1672 2329 minus
1694 2294 1744 2328 ad
1768 2293 2014 2328 occidentem

192 2351 428 2396 manifesto,
470 2352 539 2387 ubi
568 2356 830 2395 praeruptum
859 2353 974 2388 littus
1005 2361 1180 2388 vacuum
1210 2354 1440 2395 prospectat
1475 2353 1669 2402 pelagus,
1706 2349 1900 2385 vastitate
1938 2349 2014 2384 im·-

195 2417 333 2453 mane,
367 2412 405 2442 et
426 2408 519 2450 ipsa
536 2413 643 2444 terra
660 2408 795 2444 minus
813 2411 862 2444 ab
880 2409 998 2445 arida
1013 2409 1163 2444 littoris
1180 2407 1401 2455 australis,
1434 2411 1552 2451 grata
1566 2405 1800 2443 Proteaceis
1816 2405 2013 2448 stirpibus

192 2463 454 2500 inclementia
477 2465 618 2500 differt.
650 2466 761 2508 Quae
776 2465 882 2501 inter
897 2465 1073 2508 tropicos
1090 2465 1379 2502 Australasiae
1396 2464 1635 2510 gignuntur,
1659 2465 1710 2498 ab
1729 2461 2013 2505 extratropicis

193 2530 340 2564 genere
357 2529 436 2556 non
453 2520 658 2567 differunt,
692 2530 829 2556 earum
841 2548 851 2568 ,
875 2531 979 2564 quae
998 2521 1148 2564 positos
1164 2530 1189 2557 a
1206 2525 1351 2557 natura
1367 2524 1550 2556 austrum
1565 2529 1713 2555 versus
1730 2518 1859 2553 ordini
1877 2518 2014 2554 termi-

192 2586 265 2611 nos
289 2580 493 2612 extremae
516 2578 773 2623 contingunt,
806 2579 1003 2620 (praedam
1027 2578 1093 2614 sui
1116 2581 1210 2614 sunt
1227 2577 1409 2623 generis,
1439 2579 1582 2611 harum
1598 2577 1821 2611 nonnullae
1835 2583 2014 2610 summos

194 2633 358 2668 insulae
379 2634 549 2668 Diemen
572 2640 726 2669 montes
749 2635 1015 2670 adscendunt.
1073 2634 1344 2670 Folliculares
1371 2635 1652 2676 polyspermae
1671 2629 2010 2675 (Embotlerieae)

193 2689 235 2725 in
265 2691 379 2725 Nova
413 2690 631 2726 llollandia
662 2690 906 2726 occidentali
936 2692 1111 2726 nondum
1140 2689 1277 2737 visae,
1316 2689 1555 2725 orientalem
1585 2689 1788 2735 incolunt,
1819 2688 1941 2723 etiam
1970 2687 2015 2723 in

191 2747 306 2780 Nova
330 2746 550 2782 Caledonia
575 2749 829 2784 observatae.
888 2747 1104 2783 Chilenses
1127 2751 1166 2782 et
1187 2746 1487 2791 magellanicae
1511 2754 1562 2780 ex
1584 2748 1728 2780 harum
1751 2743 2014 2780 contubernio

194 2807 311 2849 sunt,
343 2811 366 2838 a
383 2802 578 2839 Lonlatiis
596 2803 884 2840 australasicis
900 2812 1020 2848 aegre
1038 2805 1291 2839 avellendae.
1336 2804 1423 2838 Has
1442 2801 1686 2845 Oreocallis,
1719 2809 1848 2844 genus
1865 2808 2013 2843 perua-

191 2867 289 2894 num
305 2859 502 2903 alpicola,
535 2859 733 2896 affinitate
758 2860 966 2903 contingit.
1026 2861 1298 2895 Folliculares
1322 2859 1618 2903 oligospermae
1643 2854 1915 2899 (Hal-eaesae)
1942 2866 2014 2899 per

193 2924 350 2950 omnem
378 2918 517 2951 Novae
546 2917 793 2952 Hollandiae
822 2925 933 2951 oram
965 2915 1136 2952 diffusae
1165 2919 1281 2960 sunt,
1315 2913 1487 2948 Helie-ia
1516 2913 1682 2948 unicum
1711 2912 1841 2948 Asiae
1871 2906 2014 2955 aequ'i-

191 2971 384 3007 noctialis
421 2981 570 3016 genus,
591 2983 599 2989 ··
617 2972 660 3007 in
698 2969 806 3008 'terra
844 2973 1074 3007 continente
1111 2976 1149 3007 et
1179 2971 1330 3007 insulis
1369 2970 1514 3013 paucis
1551 2969 1768 3012 speciebus
1805 2969 2011 3015 habitans,

192 3024 406 3073 Km'gletv'a
437 3027 587 3063 nobilis
608 3029 746 3064 Novae
769 3029 1017 3064 Zeelandiae
1039 3031 1177 3077 arbor,
1210 3031 1247 3063 et
1270 3029 1518 3063 Proteaceae
1540 3025 1801 3061 americanae
1823 3026 2012 3071 tropicae,

192 3083 235 3120 in
266 3083 466 3131 Brasilia,
499 3083 660 3120 Guiana
689 3089 727 3120 et
750 3084 932 3120 Peruvia
963 3087 1165 3131 repertae,
1196 3093 1248 3120 ex
1277 3086 1421 3119 harum
1446 3083 1552 3118 tribu
1575 3084 1683 3118 sunt.
1741 3082 2013 3118 Folliculares

194 3141 440 3176 biloculares
466 3138 746 3184 (Banksz‘eae)
772 3141 1059 3185 integumentis
1076 3141 1276 3176 seminum
1291 3139 1588 3175 collateralium
1604 3141 1647 3174 in
1664 3138 2012 3181 dissepimentum,

191 3196 286 3239 ipsa
316 3206 393 3232 sua
422 3197 646 3232 mobilitate
676 3197 880 3242 spurium,
912 3197 1265 3233 concrescentibus
1287 3196 1435 3241 mirae,
1466 3199 1583 3231 extra
1603 3197 1743 3231 Novae
1767 3194 2012 3230 Hollandiae

191 3252 343 3290 limites
370 3253 663 3296 extratropicos
686 3255 861 3289 nondum
884 3253 1014 3289 visae.
1071 3255 1422 3289 Nucamentaceae
1446 3252 1645 3295 plurimae
1659 3252 1703 3288 in
1719 3250 1853 3287 amica
1869 3252 2010 3286 decoro

193 3308 322 3344 ordini
345 3312 422 3345 hac
447 3313 554 3345 terra
575 3314 833 3354 generantur.
896 3306 1104 3344 Gnevz'm’a
1127 3319 1257 3353 genus
1277 3309 1479 3355 chilense,
1512 3308 1676 3344 unicum
1700 3317 1751 3343 ex
1767 3306 2012 3351 aniericanis

194 3363 326 3399 fructu
349 3365 628 3401 indehiscente
651 3369 689 3402 et
711 3375 986 3408 monospermo
1008 3368 1181 3401 haedum
1204 3365 1391 3401 innotuit.
1451 3365 1658 3407 Capenses
1682 3373 1819 3399 omnes
1844 3373 1865 3397 e
1882 3370 2009 3398 nuca-

191 3424 490 3457 mentacearum
506 3431 673 3458 numero
691 3426 805 3469 sunt,
831 3423 896 3458 sui
913 3421 1097 3468 generis,
1117 3423 1156 3457 in
1175 3431 1322 3465 magna
1339 3421 1565 3464 specierum
1583 3421 1791 3456 varietate.
1824 3417 2009 3453 Praxeae

193 3486 321 3521 genus
344 3477 473 3515 ordini
490 3479 556 3514 dat
574 3489 736 3527 nomen,
769 3484 808 3516 et
823 3479 944 3517 decus
961 3478 1068 3516 addit
1088 3478 1251 3523 longius
1268 3487 1337 3523 per
1352 3478 1539 3515 Africam
1555 3486 1785 3514 excurrens.
1849 3473 2008 3509 Protea
