2147 3756
975 158 1096 209 585

862 235 1211 244 —ffi———sae-

125 343 163 378 et
179 338 298 378 creta
319 336 514 383 indigena
535 335 725 374 creditur.
784 337 958 374 Fructus
974 331 1186 370 aromatici
1203 329 1386 376 [semina
1402 330 1594 366 Ammeos
1611 330 1749 368 veris,
1767 331 1949 380 cretici),

125 396 252 434 Anisi
270 399 306 431 et
324 395 447 430 Carvi
462 394 631 442 virtute,
663 394 758 430 hinc
776 393 868 429 inde
885 394 927 428 in
945 388 1119 428 offflzinis
1134 392 1372 435 servantur,
1404 387 1698 423 recentioribus
1715 391 1950 432 plerumque

126 462 219 490 cum
243 449 512 486 Helosc2·ad2·2.·
532 447 768 497 latervflorz’
788 452 935 496 Koch,
967 451 1134 491 plantae
1159 455 1211 482 ex
1226 445 1419 481 America
1435 444 1477 479 in
1493 443 1697 488 regionem
1712 445 1949 482 mediterra-

127 518 247 545 neam
278 508 539 554 transfugae,
572 508 774 545 fructibus
806 509 1062 543 commutata.
1129 501 1298 538 Stemma
1327 498 1557 546 Adjowaen
1589 505 1782 542 tanquam
1812 509 1949 538 aroma

127 575 222 603 acre
245 566 351 608 apud
368 567 490 601 Indos
514 565 712 608 imprimis
736 564 913 610 usitata,
943 563 1066 599 etiam
1091 561 1133 597 in
1148 563 1355 602 Europam
1372 560 1625 603 transvecta,
1657 567 1679 592 e
1695 554 1950 602 Pcyclmmle

126 618 305 667 AJ'owcm
321 622 420 666 Dc„
445 622 614 664 planta·
605 633 645 656 in
662 622 780 657 India
795 623 925 663 culta,
955 618 1217 661 colliguntur.
1256 615 1379 650 Sason
1397 611 1650 648 Ammomum
1668 608 1882 659 (olor11v?),
1906 613 1950 648 in

126 680 294 721 Europa
317 678 490 713 australi
514 681 551 713 et
574 677 679 713 Asia
701 677 856 712 minore
880 674 1135 719 indigenum,
1169 669 1313 705 Semen
1338 667 1503 704 Amomae
1523 679 1556 706 s.
1581 665 1744 702 Ammm‘
1757 668 1949 715 vulgans

125 734 302 771 officinis
317 734 508 781 largitur,
540 734 790 770 aromatico·
799 732 1047 776 resinosum,
1074 733 1196 773 gustu
1214 727 1300 763 fen
1305 727 1426 763 idum
1489 723 1633 761 Semen
1650 721 1839 760 Ammeos
1859 723 1950 760 vnl-

125 789 247 838 garis
278 800 330 826 ex
359 787 499 825 Ammz
525 787 690 834 majore
717 790 837 826 Linn.
869 779 1217 836 (ἀσπροκὲφαλος
1239 784 1428 829 Neogr.]‚
1459 782 1502 819 in
1525 785 1690 825 Europa
1713 783 1952 818 mediterra-

127 856 207 884 nea
229 847 440 894 indigem,
473 847 721 891 decerpitur,
753 847 944 882 Amineos
968 843 1107 878 cretici
1132 841 1424 885 praestantiam
1448 850 1469 875 e
1486 839 1704 885 longinquo
1722 842 1952 876 aemulans.

127 901 267 938 Ammz'
287 902 476 949 Ve'snaga
490 905 604 939 Lam.
622 901 779 945 (Gallis
801 903 924 944 vulgo
947 897 1091 933 Herbe
1113 907 1207 932 aux·
1231 894 1531 943 cure-deum),
1559 906 1630 939 per
1653 905 1808 931 omnem
1825 896 1953 931 medi-

128 964 341 997 terraneae
364 969 476 995 oram
500 962 689 1004 vulgare,
720 959 772 994 ad
797 957 924 993 alium
948 966 1068 992 usum
1092 954 1284 1000 trahitur,
1317 962 1410 988 nam
1428 955 1630 988 umbellae
1647 953 1751 988 radii
1769 952 1953 998 conferti,

127 1016 475 1062 numerosissimi,
508 1017 665 1051 demum
686 1014 866 1050 indurati
890 1012 1164 1054 dentiscalpia
1187 1010 1411 1047 aromatica
1431 1012 1646 1058 praebent,
1679 1009 1774 1046 etin
1790 1009 1953 1046 Oriente

132 1081 160 1110 a
173 1072 493 1117 negotiatoribus
511 1072 770 1108 aromatariis
785 1070 1136 1107 circumferuntur.

271 1139 514 1177 oenanthes
526 1138 930 1188 Phellandre‘z‘Lan1.,
948 1143 1115 1184 plantae
1125 1139 1351 1183 paludosae
1365 1137 1577 1183 nostratis,
1596 1137 1752 1173 fructus
1763 1135 1954 1181 (Semina

128 1196 398 1235 Phellandm·
424 1210 463 1236 v.
488 1196 708 1234 Foem'culi
728 1198 942 1246 aquatic&
975 1196 1108 1233 odoris
1139 1195 1381 1241 peculiaris,
1413 1195 1583 1241 ingrati,
1616 1195 1776 1238 saporis
1800 1195 1956 1231 fervide

131 1257 365 1304 aromatici,
398 1256 527 1302 acris,
559 1260 720 1300 praeter
736 1255 1008 1292 substantiam
1033 1262 1215 1289 amaram
1239 1256 1278 1288 et
1302 1252 1473 1297 gummi,
1506 1254 1638 1287 oleum
1661 1255 1892 1287 aethereum
1917 1254 1956 1286 et

130 1314 303 1360 pingue,
336 1322 454 1349 cerae
478 1314 656 1357 speciem
681 1317 717 1349 et
735 1314 912 1349 resinam
930 1314 1093 1357 gerunt,
1123 1310 1294 1346 medicis
1311 1311 1359 1344 ob
1376 1309 1584 1355 virtutem,
1619 1317 1696 1350 qua
1714 1318 1862 1344 nervos
1879 1307 1956 1343 sti-

128 1370 230 1407 muli
259 1370 519 1413 impatientes
550 1374 814 1418 componunt,
846 1373 884 1405 et
914 1370 1050 1405 nisum
1080 1367 1300 1410 plasticum
1323 1366 1448 1401 simul
1472 1365 1703 1410 intendunt,
1736 1367 1954 1410 celebrata,

130 1427 392 1470 pulmonibus
408 1427 608 1470 imprimis
626 1427 771 1464 amica.
821 1426 922 1462 Dosi
935 1427 1047 1468 justo
1063 1424 1206 1466 majori
1223 1423 1431 1459 narcotica
1447 1422 1722 1465 perhibentur.
1769 1418 1956 1456 Seseleos

130 1482 320 1518 tortuose·
332 1484 452 1520 Linn.
472 1480 630 1526 (σέσελι
643 1479 811 1527 paona)
817 1475 1021 1527 εωτικόν),
1046 1482 1088 1516 in
1105 1492 1129 1517 v
1133 1481 1238 1516 ineis
1255 1484 1293 1515 et
1310 1480 1395 1515 oliv
1398 1480 1474 1515 etis
1492 1481 1523 1513 E
1531 1488 1679 1521 uropae
1696 1477 1957 1514 australioris
2008 1481 2012 1485 ‘

130 1541 262 1586 obvii,
296 1540 454 1576 fructus
481 1539 671 1582 (Semina
689 1538 874 1574 Seseleos
897 1537 1195 1581 massiliensis)
1223 1547 1314 1573 cum
1340 1536 1532 1572 acredine
1556 1534 1955 1582 aromatico-amari,

130 1597 280 1633 exoleti
304 1607 406 1633 usus
423 1601 531 1634 sunt.
588 1599 699 1634 Idem
717 1599 765 1633 de
782 1597 985 1633 fructibus
1001 1591 1294 1629 Athamantem
1309 1590 1605 1627 macedonicae
1620 1594 1788 1636 Spreng.
1807 1590 1959 1634 (semi-

129 1653 253 1689 nibus
278 1654 524 1690 Petroselini
552 1654 805 1692 macedonici
834 1663 874 1689 v.
896 1652 995 1696 Apii
1018 1651 1198 1696 petraei)
1231 1655 1268 1686 et
1292 1646 1585 1684 Athamanum
1608 1649 1814 1683 cretensis
1835 1648 1958 1688 Linm

129 1709 381 1755 (seminibus
411 1711 545 1746 Dauci
573 1711 715 1746 cretici
744 1720 782 1747 v.
815 1709 1008 1746 candiani
1030 1719 1064 1745 s.
1088 1707 1312 1751 My·r1hidis
1336 1706 1523 1750 annuae]
1552 1708 1678 1742 xalet.
1735 1705 1959 1747 Utriusque

128 1767 284 1809 speciei
300 1766 484 1802 fructus
474 1777 517 1802 ιιι
534 1768 808 1810 componenda
823 1767 1023 1802 Theriaca
1038 1765 1228 1809 adhibiti3
1258 1764 1385 1809 prior,
1418 1759 1620 1811 πετροοέ)
1625 1773 1663 1796 m
1668 1772 1716 1796 ον
1732 1757 1958 1839 μακηεεδονο-

129 1816 204 1859 κόν
220 1823 485 1869 Dioscuridis,
513 1827 626 1859 tanta
642 1824 737 1858 olim
753 1823 872 1865 copia
888 1825 1148 1864 consumpta,
1176 1824 1260 1855 uta
1276 1819 1498 1855 serioribus
1516 1818 1683 1854 Graecis
1700 1810 1785 1853 κατ’
1806 1809 1958 1865 ἐξοχὴν

131 1891 204 1916 κοπ
209 1875 402 1923 ὃιμέντον
428 1882 718 1923 appellaretur.
776 1881 842 1915 Ad
865 1880 1088 1915 secundam
1104 1874 1301 1911 Demeam
1319 1875 1579 1919 Hippocratis
1597 1874 1790 1911 refe1·.unt
1850 1871 1962 1908 Silai

124 1935 350 1983 pratensis
372 1938 489 1973 Bess.
515 1936 647 1980 (Silai
672 1947 705 1972 s.
726 1938 916 1972 Seselcos
935 1934 1139 1979 pratensis
1156 1943 1195 1970 v.
1213 1933 1459 1976 saxifragae
1476 1931 1689 1975 anglicae]
1708 1935 1746 1966 et
1769 1928 1962 1977 Tora-qm

132 1989 369 2042 officinalis
384 1994 505 2036 Linn.
523 1993 737 2038 (Seseleos
754 1992 917 2036 cretici)
937 2002 1036 2027 usus
1053 1991 1169 2027 hodie
1186 1993 1325 2026 nullus
1342 1993 1417 2025 est.
1480 1987 1619 2023 Cnidii·
1632 1985 1784 2033 diffusi
1797 1989 1894 2037 Dc„
1917 1988 1961 2024 in

131 2051 250 2087 India
265 2051 509 2098 crescentis,
540 2050 788 2093 mericarpia
805 2049 1028 2086 aromatica
1044 2048 1227 2092 indigeni
1244 2048 1352 2091 apud
1368 2046 1638 2082 veterinarios
1657 2055 1772 2082 usus.

276 2123 387 2157 Inter
401 2121 694 2157 Umbelliferas
719 2121 966 2157 aromaticas
979 2146 989 2163 ,
1021 2128 1125 2161 quae
1141 2121 1228 2154 oleo
1245 2120 1431 2153 aethereo
1448 2121 1487 2153 et
1504 2116 1665 2153 resinae
1679 2116 1870 2152 virtutem
1886 2114 1964 2151 sti-

132 2179 354 2215 mulantem
387 2178 551 2223 debent,
582 2173 897 2223 Archangelica
927 2172 1162 2224 officinalis
1191 2175 1336 2212 Hoffm.
1367 2182 1464 2217 prae
1498 2174 1670 2209 caeteris
1701 2173 1962 2220 nominanda,

133 2237 279 2279 planta
309 2233 352 2269 in
379 2235 584 2270 montibus
609 2238 647 2271 et
671 2234 905 2277 subalpinis
927 2235 1117 2275 Europae
1141 2231 1341 2276 imprimis
1365 2230 1543 2267 borealis
1567 2230 1706 2277 obvia,
1740 2229 1896 2272 passim
1918 2229 1962 2265 in

134 2293 542 2336 pharmacopolarum
572 2292 699 2328 hortis
730 2294 854 2328 culta.
914 2290 1052 2326 Radix
1084 2287 1238 2333 (radix
1261 2284 1534 2334 Angelz'cae),
1567 2286 1698 2322 hieme
1722 2287 1889 2331 effossa,
1920 2285 1965 2322 in

135 2347 309 2384 officinis
348 2351 557 2395 servatur,
597 2339 718 2384 odore
755 2350 997 2390 vehemens,
1035 2346 1199 2389 saporis
1239 2345 1356 2380 initio
1387 2344 1622 2389 subdulcis‚
1663 2342 1807 2379 deinde
1837 2341 1963 2389 acris,

138 2403 422 2440 calefacientis
445 2408 484 2440 et
500 2405 723 2441 subamari.
780 2405 983 2441 Virtutem
1001 2403 1163 2449 egregie
1178 2402 1455 2438 stimulantem
1467 2429 1476 2446 ,
1510 2409 1590 2443 qua
1606 2409 1799 2435 vasorum
1816 2403 1853 2435 et
1869 2409 1964 2435 ner-

136 2469 280 2505 vorum
310 2465 493 2503 systema
522 2462 740 2508 sollicitat,
772 2465 810 2497 et
840 2463 1062 2504 torpentem
1086 2459 1193 2495 cutis
1214 2459 1342 2494 vitam
1367 2458 1539 2503 excitat,
1572 2459 1658 2492 oleo
1680 2459 1866 2492 aethereo
1891 2455 1966 2491 ad·

136 2519 299 2554 modum
329 2517 510 2562 volatili,
542 2518 707 2554 resinae
737 2517 852 2553 molli
881 2517 948 2554 sui
969 2516 1153 2562 generis,
1185 2520 1221 2551 et
1247 2514 1505 2551 substantiae
1530 2513 1781 2548 extractixae
1805 2520 1966 2548 amaro-

138 2573 419 2610 dulciusculae
450 2573 579 2611 debet.
636 2576 853 2618 Lappones
884 2574 1062 2609 radicem
1085 2571 1412 2615 Archangelicae
1439 2570 1716 2616 hornotinam,
1749 2563 1964 2612 antequam

141 2633 351 2667 caulescat
375 2633 537 2676 planta,
569 2630 761 2674 optimam
778 2630 972 2666 sanitatis
990 2630 1162 2666 tuendae
1179 2628 1423 2664 medicinam
1440 2630 1603 2672 putant,
1636 2625 1965 2669 exsiccatamue

137 2689 227 2723 loco
252 2687 406 2723 Tabaci
431 2687 650 2723 masticare
675 2690 820 2723 solent.
879 2688 1029 2722 caules
1053 2686 1096 2720 in
1120 2685 1281 2720 deliciis
1298 2686 1447 2720 habent.
1463 2687 1500 2719 et
1519 2683 1676 2718 fructus
1695 2682 1844 2718 aestivi
1859 2684 1963 2718 loco.

137 2745 244 2790 Ηοε,
278 2747 495 2786 antequam
513 2746 694 2779 umbella
708 2745 895 2778 absolute
910 2742 1119 2785 explicata
1134 2745 1196 2777 est
1219 2741 1337 2784 (nam
1363 2740 1474 2775 circa
1497 2739 1791 2775 florescentiam
1812 2737 1965 2782 lignos'i

140 2800 368 2846 evadunt),
391 2810 514 2844 prope
534 2805 681 2836 terram
698 2800 965 2846 abscindunt,
984 2798 1084 2834 folia
1098 2800 1302 2843 avellunt,
1320 2796 1587 2838 corticemque
1604 2796 1655 2830 ad
1672 2794 1802 2830 basim
1820 2796 1962 2841 cultro,

139 2856 332 2893 dentibus
361 2866 399 2892 v.
432 2857 639 2901 unguibus
662 2858 839 2895 solutum
865 2858 1109 2901 detrahunt,'
1130 2858 1319 2890 manente
1342 2851 1532 2893 interiore
1555 2855 1671 2894 parte
1693 2851 1837 2896 nivea,
1867 2858 1967 2886 con-
2010 2857 2013 2859 ·

140 2922 247 2949 cava
269 2917 307 2949 et
331 2915 524 2961 pulposa‚
555 2912 704 2950 leviter
727 2922 870 2949 amara
895 2917 931 2948 et
956 2911 1196 2957 aromatica,
1229 2919 1334 2954 quae
1357 2911 1498 2951 Rapae
1522 2908 1653 2943 instar
1676 2908 1802 2943 cruda
1817 2908 1964 2954 editur,

107 2969 113 2981 ⁸
141 2973 178 3005 et
196 2970 356 3012 quidem
372 2980 528 3006 summo
545 2980 636 3006 cum
653 2971 822 3014 apetitu.
878 2969 1000 3005 Pueri
1016 2972 1053 3004 et
1070 2970 1252 3014 puellae,
1284 2975 1423 3003 mense
1438 2964 1548 3000 Julio
1565 2974 1654 3000 cum
1670 2962 1904 3007 Rangiferis
1921 2963 1967 2999 in
2023 2979 2025 2981 ·

140 3026 309 3069 pascuis
332 3027 496 3070 alpibus
519 3031 722 3074 errantes,
753 3036 844 3062 cum
866 3025 962 3062 illos
985 3025 1095 3060 circa
1117 3024 1395 3067 vespertinum
1421 3026 1459 3058 et
1481 3021 1723 3057 matutinum
1741 3023 1898 3063 tempus
1913 3020 1966 3056 ad

142 3091 304 3128 casam,
334 3086 379 3118 ut
404 3085 663 3129 mulgeantur
684 3085 878 3129 reduces,
910 3082 1174 3128 comitantur,
1206 3079 1458 3116 detruncatis
1482 3078 1812 3119 caulibustotum
1828 3076 1966 3112 sinum

143 3139 355 3181 impletum
376 3143 602 3187 reportant,
634 3149 736 3182 quos
759 3140 801 3175 in
826 3139 984 3176 familia
1006 3147 1085 3175 sua
1109 3138 1355 3174 distribuunt
1379 3139 1419 3172 et
1441 3144 1600 3171 summa
1621 3134 1819 3171 aviditate
1842 3134 1966 3168 devo-

142 3198 246 3231 rant..
276 3197 323 3230 In
339 3196 532 3231 America
544 3197 699 3232 boreali
716 3192 1051 3242 Archangelicae
1067 3198 1408 3240 atropurpureoe
1425 3193 1566 3227 Hoffm.
1583 3191 1762 3227 radicem
1777 3189 1820 3225 in
1836 3188 1968 3225 offici-

143 3251 210 3287 nis
233 3253 395 3287 habent.
453 3247 790 3298 Archangelwae
807 3250 1083 3289 Gmelmt'DC.
1096 3278 1106 3300 ,
1137 3252 1182 3288 in
1204 3252 1501 3287 Kamtschatka
1531 3248 1767 3311 indigenae,
1798 3248 1965 3283 herbam
2024 3286 2031 3291 s

143 3306 387 3344 Petroselini
403 3309 489 3344 loco
505 3309 711 3345 adhibent.

285 3360 510 3409 Angelv'cae
526 3363 749 3410 sylvestris
763 3364 884 3402 Linn.
874 3391 906 3413 .,
936 3365 979 3401 in
994 3365 1122 3408 pratis
1138 3363 1398 3400 humentibus
1415 3363 1451 3397 et
1466 3362 1588 3404 juxta
1603 3359 1760 3395 rivulos
1773 3359 1966 3402 Europae

143 3418 268 3456 totius
298 3421 463 3466 otniae,
495 3422 614 3457 radix
636 3420 784 3458 virtute
805 3422 1132 3467 Archangelicae
1155 3421 1282 3465 cedit,
1313 3426 1488 3463 magnae
1510 3417 1617 3459 apud
1641 3415 1765 3451 Italos
1790 3414 1964 3459 (quibus

142 3479 271 3521 vulgo
283 3477 440 3513 Radice
463 3478 503 3513 di
518 3476 719 3523 Bracala]
743 3480 786 3514 in
807 3481 994 3514 sananda
1018 3479 1159 3514 scabie
1173 3477 1335 3513 laudis.
1383 3470 1674 3519 Imperatorm
1694 3465 1964 3506 Ostr'uthmm

142 3532 263 3571 Linn.
281 3533 639 3585 [illeisterwurz],
670 3535 712 3572 in
735 3535 869 3591 sylvis
885 3534 1087 3572 montanis
1103 3539 1142 3571 et
1158 3530 1391 3577 subalpinis
1407 3533 1597 3575 Europae
1611 3539 1694 3567 non
1708 3528 1961 3576 infrequens,

1746 3700 1767 3714 Ι
