2147 3756
245 292 369 329 2180.
400 293 625 329 Dufresnia
645 288 734 327 DC.
1193 291 1317 326 2185.
1350 288 1624 325 Centranthus
1646 286 1734 322 DC.

244 352 367 386 2181.
398 350 682 386 Valerianella
699 344 862 383 Miinelae.
1403 337 1670 372 Kena-anthus
1688 336 1802 371 Nede.

457 398 731 441 Polypremum
746 397 894 432 Adam.
1193 397 1318 432 2186.
1349 396 1575 432 Valeriana
1597 392 1720 431 Neck.

457 449 723 490 Odontocarpa
737 446 853 481 Nec-lc.
1248 458 1286 479 a.
1314 443 1526 487 Phyllactis
1543 444 1651 477 Pers.

303 510 338 530 ιι.
366 496 644 531 Selenocoelae
663 495 742 531 IJC.
1250 488 1283 521 b.
1309 487 1565 521 Aretiastrum
1583 486 1664 520 DC.

301 546 335 580 b.
359 545 611 589 Platycoelae
629 544 706 580 DC.
1250 541 1281 565 Β·
1307 529 1391 565 phu
1406 528 1485 563 DC·

304 607 336 629 c.
362 595 617 638 Psylocoelae
636 594 712 629 DC.
1192 590 1317 624 2187.
1347 588 1529 625 Betckea
1546 583 1637 623 DC.

302 648 337 680 d.
364 645 554 680 Locustae
573 645 651 679 Dc.
1103 656 1105 659 ·
1451 641 1455 645 '
1669 685 1671 687 ι

243 704 368 740 2182.
401 703 628 747 Astrephia
643 699 759 745 DC„
1252 696 1439 737 Genus
1471 694 1800 738 anomalum.

457 747 851 836 ῗῇῐέξζςξξῖβξχξῤ·
1194 773 1317 809 2188.
1351 771 1627 817 'rriplostegta
1650 767 1780 808 wau.

244 853 369 889 2183.
399 847 716 888 FediaMiinch.
1631 881 1639 890 ¹

455 899 697 942 Min-aphora
711 897 827 932 Neck.
1295 879 1331 920 G
1347 893 1369 922 e
1381 893 1407 920 n
1418 894 1445 921 u
1456 895 1476 921 s
1510 881 1536 921 cl
1551 881 1616 922 ub
1629 895 1643 922 1
1655 896 1676 920 u
1688 894 1746 922 m.

245 959 369 993 2184.
402 956 614 992 Plectritis
630 953 724 991 DC.
1194 955 1317 992 2189.
1346 956 1462 993 Axia
1477 953 1607 992 Lonr.

270 1063 596 1110 AffinitaS·
656 1070 761 1107 Ordo
783 1068 1004 1113 Dipsaceis
1028 1069 1260 1116 proximuS,
1293 1072 1343 1107 ab
1369 1068 1517 1106 iisdem
1540 1070 1722 1115 germine
1737 1069 1966 1106 triloculari

131 1128 170 1165 et
192 1128 415 1165 albuminis
437 1128 598 1164 defectu
616 1127 895 1172 distinguitur.
959 1124 1270 1173 Tmplostegm,
1294 1137 1424 1172 genus
1448 1127 1664 1164 involucro
1681 1127 1856 1174 duplici,
1881 1127 1970 1163 sin-

132 1187 249 1229 gulos
281 1184 397 1221 flores
429 1184 618 1229 cingente
649 1184 756 1220 inter
777 1184 1053 1220 Valerianeas
1082 1184 1313 1231 singulare,
1346 1188 1561 1227 utrumque
1591 1185 1771 1220 ordinem
1803 1182 1968 1220 arctiori

132 1241 336 1283 connectit
357 1241 545 1288 vinculo,
578 1241 793 1286 incognita
808 1242 1038 1277 adhucdum
1054 1241 1248 1285 germinis
1264 1241 1462 1284 penitiore
1479 1241 1635 1277 fabrica
1650 1245 1687 1277 et
1703 1242 1878 1276 nondum
1896 1249 1969 1275 ex·-

132 1301 288 1341 plorato
312 1298 468 1334 semine
492 1298 721 1335 subdubiae
743 1297 974 1334 affinitatis.
1032 1298 1206 1334 Indubie
1220 1298 1564 1335 Valerianearum
1588 1298 1711 1334 etiam
1734 1307 1825 1332 cum
1849 1297 1968 1333 Com-

132 1355 278 1398 positis
309 1354 512 1402 affinitas,
544 1355 659 1391 limbi
690 1355 873 1398 calycini
903 1354 947 1391 in
968 1355 1155 1398 pluribus
1180 1355 1399 1399 generibus
1423 1355 1466 1391 in
1484 1355 1609 1399 pappi
1632 1354 1809 1398 speciem
1834 1357 1967 1389 trans-

131 1411 371 1447 formatione
396 1412 558 1455 egregie
582 1411 839 1458 confirmata,
872 1412 1081 1448 distinctio
1099 1422 1150 1447 ex
1165 1412 1394 1448 innumeris
1411 1413 1518 1448 notis
1535 1415 1572 1448 et
1590 1423 1611 1448 e
1628 1415 1718 1449 sola
1736 1411 1844 1447 facie
1858 1410 1966 1447 haud

133 1468 332 1515 difficilis,
367 1468 580 1512 diagnosis
609 1468 811 1513 imprimis
841 1468 884 1505 in
909 1469 1105 1514 germinis
1128 1472 1336 1506 structura
1358 1472 1398 1506 et
1420 1469 1464 1505 in
1483 1472 1713 1514 gemmulae
1735 1469 1818 1504 situ
1840 1476 1967 1511 quae-

130 1525 269 1562 renda.

273 1588 704 1646 Geograllhia.
763 1596 1040 1633 Valerianeae
1068 1595 1112 1633 in
1141 1597 1270 1633 veteri
1295 1596 1525 1633 continente
1547 1598 1754 1641 Europam
1775 1595 1965 1643 mediam,

131 1652 336 1698 regionem
365 1654 702 1690 mediterraneam
733 1656 771 1689 et
800 1653 923 1690 florae
954 1654 1397 1690 taurico-caucasicae
1420 1654 1664 1690 territorium
1687 1653 1865 1689 maximo
1888 1663 1966 1688 nu-

131 1721 240 1747 mero
265 1709 518 1758 inhabitant,
558 1711 664 1745 unde
697 1710 740 1745 in
771 1710 994 1757 Orientem,
1027 1710 1239 1757 Sibiriam,
1271 1711 1484 1753 Nepaliam
1517 1715 1554 1746 et
1584 1711 1718 1753 ipsam
1750 1709 1966 1753 Japoniam

131 1776 262 1812 parva
283 1766 403 1810 copia
425 1770 673 1813 evagantur,
706 1767 812 1802 inter
831 1767 1007 1810 tropicos
1031 1770 1069 1802 et
1093 1770 1206 1803 trans
1229 1768 1533 1814 capricornum,
1566 1767 1604 1804 si
1620 1767 1965 1806 Valerianasca-

132 1834 301 1871 penses,
332 1832 581 1867 magnopere
603 1823 771 1870 dubias,
804 1826 840 1859 et
857 1823 1138 1859 verisimiliter
1158 1833 1211 1858 ex
1226 1824 1367 1859 ordine
1382 1826 1595 1867 pellendas
1612 1825 1831 1870 demseris,
1863 1833 1966 1858 non-

133 1882 228 1917 dum
257 1881 391 1916 visae.
450 1882 498 1916 In
520 1882 632 1916 Novo
657 1880 899 1916 continente
929 1883 1065 1917 autem
1095 1880 1291 1916 montium
1314 1885 1468 1917 tractus
1487 1882 1608 1923 juxta
1630 1881 1828 1917 orientale
1848 1880 1966 1917 littus

132 1940 338 1982 porrectos
369 1946 412 1972 er
441 1937 595 1980 tropico
625 1939 831 1980 subjectos
860 1937 986 1974 sideri
1007 1946 1158 1981 magna
1181 1937 1300 1980 copia
1323 1937 1527 1983 incolunt,
1559 1937 1652 1973 inde
1678 1938 1869 1981 copiosae
1894 1947 1967 1980 per

133 2003 247 2031 oram
271 1994 493 2030 chilensem
512 1994 704 2041 diffusae,
737 1994 943 2038 regionem
964 1994 1284 2038 magellanicam
1308 1999 1347 2030 et
1370 1995 1484 2038 ipsas
1502 1995 1663 2031 insulas
1678 1995 1965 2031 Maclovianas

132 2052 304 2098 intrant,
335 2060 409 2094 per
438 2053 567 2086 latum
591 2054 721 2086 terrae
745 2051 947 2098 spatium,
979 2055 1030 2087 ab
1053 2051 1239 2087 Andium
1262 2051 1474 2094 pacificum
1497 2054 1673 2096 pelagus
1702 2055 1966 2096 prospectan-

132 2108 231 2144 tium
251 2109 350 2157 jugo
373 2108 424 2143 ad
442 2109 648 2143 Oceanum
673 2107 914 2144 atlanticum
932 2108 1110 2155 declive,
1143 2109 1319 2144 rariores
1337 2108 1561 2156 dispersae.
1621 2108 1906 2144 paucissimae
1922 2108 1964 2143 in

130 2164 324 2201 America
355 2168 468 2200 trans
498 2173 690 2200 cancrum
721 2164 882 2213 vigent,
920 2164 1046 2201 unica
1075 2165 1237 2209 species
1268 2165 1445 2214 arctica‚
1477 2165 1690 2209 utriusque
1719 2165 1966 2202 continentis

90 2247 96 2254 ,
131 2220 269 2257 floram
285 2221 502 2257 connectit.

274 2284 640 2338 &ualitates
672 2294 711 2329 et
738 2297 909 2333 usus·
969 2295 1147 2336 Magnus
1170 2295 1232 2329 est
1253 2292 1450 2329 virtutum
1472 2293 1516 2329 in
1532 2292 1815 2340 Valerianeis,
1845 2293 1963 2329 vario

134 2347 346 2394 dignitatis
376 2349 526 2394 gradu,
565 2359 807 2386 consensus.
878 2350 1136 2386 Perennibus
1167 2350 1325 2386 duratio
1356 2352 1426 2386 dat
1454 2354 1596 2398 robur;
1636 2359 1819 2398 annuas,
1859 2359 1964 2393 quae

135 2406 248 2442 brevi
264 2408 504 2453 duraturae,
535 2408 646 2442 haud
660 2407 826 2450 penitus
841 2405 1012 2442 inutiles
1027 2411 1276 2454 nascuntur,
1307 2407 1443 2444 minus
1459 2410 1619 2455 valere,
1651 2407 1761 2444 vitae
1777 2417 1868 2444 sors
1885 2412 1962 2455 est,

134 2471 215 2498 non
245 2462 407 2506 generis
429 2463 589 2499 vitium.
649 2463 885 2506 Specierum
907 2464 1222 2506 perennantium
1246 2463 1395 2500 crinita
1415 2464 1671 2501 radicalibus
1693 2464 1804 2501 fibris
1827 2464 1962 2501 rhizo-

134 2522 244 2555 mata
269 2512 362 2554 ‘oleo
392 2522 581 2555 aethereo
612 2519 835 2562 peculiaris
863 2519 1016 2556 indolis
1050 2518 1166 2563 (oleo
1203 2518 1519 2567 Valerianum),
1558 2521 1674 2557 acido
1704 2521 1770 2558 sui
1799 2521 1963 2566 generis

138 2573 279 2618 (acido
304 2573 597 2620 Valerianico)
610 2603 620 2623 ,
638 2575 875 2612 substantia
890 2577 1120 2612 extractiva
1135 2579 1173 2612 et
1189 2579 1325 2621 amylo
1342 2581 1518 2624 scatent,
1535 2587 1680 2620 sapore
1697 2578 1804 2625 acri,
1823 2587 1962 2614 amaro

136 2635 171 2668 et
193 2631 572 2679 subadstringente,
603 2633 791 2675 praedita
805 2633 925 2668 odore
940 2632 1199 2681 penetrante,
1230 2634 1412 2681 proprio,
1444 2634 1767 2680 suparomatico,
1793 2636 1962 2677 quibus-

134 2689 226 2724 dam
250 2689 430 2735 ingrato,
461 2688 559 2725 aliis
582 2688 770 2733 gentibus
792 2689 1047 2737 gratissimo,
1079 2693 1119 2724 et
1138 2691 1279 2726 multis
1303 2695 1510 2733 poetarum
1533 2691 1656 2727 etiam
1678 2691 1873 2727 encomiis
1890 2693 1962 2727 de-

135 2748 317 2792 cantato,
349 2745 457 2781 inter
486 2745 640 2782 bestias
670 2748 806 2781 autem
837 2753 863 2781 a
882 2746 1052 2781 Felibus
1069 2740 1173 2782 'mire
1197 2746 1402 2795 quaesito,
1433 2748 1628 2794 gaudent3
1660 2757 1765 2790 quae
1789 2751 1835 2784 ob
1861 2748 1958 2794 vim,

133 2810 214 2845 qua
242 2801 370 2838 *vit-am
401 2811 575 2849 omnem,
609 2801 856 2838 sensiferam
878 2802 1155 2848 potissimum,
1178 2804 1380 2851 excitant,
1412 2804 1518 2839 inter
1531 2807 1711 2840 veterum
1729 2807 1768 2840 et
1783 2804 1962 2840 orienta-

133 2858 234 2894 lium
263 2861 503 2902 populorum
532 2861 839 2902 panpliarmaca
867 2859 1057 2902 plurimis
1087 2862 1294 2896 celebrata
1321 2859 1537 2908 laudibus,
1574 2860 1714 2905 magni
1745 2861 1959 2897 hodiedum

135 2915 243 2958 apud
264 2916 444 2952 medicos
467 2916 665 2963 nominis,
691 2919 727 2951 et
751 2916 858 2951 inter
874 2916 1034 2952 radices
1052 2918 1258 2954 salutares
1274 2917 1730 2964 aethereo-resinosas,
1763 2920 1812 2954 ob
1829 2918 1959 2954 virtu-

135 2975 213 3008 tem
226 2972 367 3009 nervis
383 2972 538 3009 stimuli
553 2972 863 3016 impatientibus
881 2972 1083 3016 imprimis
1098 2974 1290 3022 amicam,
1322 2984 1375 3010 ex
1391 2974 1679 3012 usitatissimis
1694 2978 1802 3012 sunt.

281 3039 520 3078 Valeriana
545 3040 782 3093 officinalis
813 3042 932 3080 Linn.
963 3041 1230 3091 (Baldrian),
1263 3047 1406 3089 planta
1428 3045 1471 3081 in
1492 3047 1658 3090 Europa
1677 3045 1884 3093 vulgaris,
1915 3045 1959 3081 in

135 3098 265 3142 pratis
288 3100 583 3147 sylvestribus,
616 3100 817 3144 imprimis
838 3100 1373 3146 humidiusculisfrequens
1395 3104 1601 3150 nascitur,
1634 3103 1768 3139 rarius
1790 3103 1834 3138 in
1848 3104 1958 3147 lapi-

135 3155 246 3192 dosis
271 3158 309 3192 et
334 3156 487 3199 apricis
503 3156 645 3202 obvia,
675 3161 807 3194 multa
820 3157 1010 3193 foliorum
1025 3158 1244 3206 varietate,
1277 3169 1349 3203 pro
1365 3159 1443 3196 soli
1458 3159 1594 3196 indole
1610 3163 1645 3195 et
1664 3159 1770 3196 situs
1786 3159 1957 3197 ratione.

134 3212 378 3249 Rhizomata
395 3211 619 3256 (Radia-em
642 3211 680 3247 V
678 3210 903 3249 (aermnae
918 3212 1162 3261 sylvestris)
1180 3218 1348 3260 plantae
1363 3216 1542 3253 bimulae
1558 3226 1595 3253 v.
1614 3216 1822 3264 trimulae,
1841 3226 1958 3253 mon-

134 3268 281 3305 ticolas
297 3269 550 3316 praeferunt,
582 3270 796 3307 rhizotomi
809 3281 906 3308 vere
921 3272 1135 3321 effodiunt,
1166 3272 1340 3310 officinis
1357 3274 1567 3311 tradenda.
1610 3275 1661 3308 Et
1677 3276 1779 3310 haec
1794 3274 1956 3316 quidem

133 3326 381 3361 medicorum
411 3326 506 3362 usui
534 3328 654 3363 hodie
683 3328 910 3375 sufficiunt,
942 3329 1108 3365 curiosa
1129 3330 1345 3366 varietatis
1366 3330 1748 3366 medicamentorum
1770 3333 1957 3368 vetustas

133 3382 388 3418 diversarum
416 3384 667 3420 valerianae
694 3384 857 3429 generis
887 3386 1113 3428 specierum
1143 3387 1322 3423 radices:
1360 3384 1621 3422 Valerianae
1652 3384 1817 3422 dioicae
1837 3387 1958 3424 Linn.

135 3436 339 3481 (radicem
361 3439 612 3476 valerianae
635 3441 833 3485 palustris
856 3451 889 3478 s.
913 3443 1003 3477 Phu
1025 3442 1239 3490 minoris),
1278 3441 1539 3477 Valerianae
1549 3437 1814 3489 pyreizmhae
1835 3445 1957 3480 Linn.

135 3493 335 3537 [radicem
350 3495 602 3533 valerianae
623 3498 789 3541 alpinae
811 3498 1027 3548 minoris),
1058 3504 1095 3536 et
1122 3497 1381 3535 Valet-lanae
1400 3497 1489 3535 Pleu
1503 3501 1625 3536 Linn.
1651 3501 1854 3545 (radicem
1870 3503 1957 3538 Va-

1504 3564 1610 3635 15³8·
