2147 3756
1084 95 1197 145 648

379 261 806 319 Geographia.
880 266 1238 303 Melastrmmceae
1275 268 1317 304 in
1355 267 1544 305 America
1583 268 1738 313 tropIca
1773 268 2054 314 copiosissime

237 330 486 370 crescentes,
518 326 560 361 in
590 327 782 361 America
812 325 967 361 boreali
996 325 1230 366 subtropica
1260 328 1298 359 et
1328 329 1568 371 temperata,
1602 335 1730 368 usque
1760 328 1808 362 ad
1841 323 1914 361 40⁰
1936 329 1981 363 L.
2005 329 2053 364 Β.

240 382 382 423 paucis
405 382 621 424 speciebus
643 382 846 427 habitant,
879 385 991 415 trans
1016 374 1298 423 capricornum
1323 383 1496 415 nondum
1521 381 1650 418 visae.
1709 383 1992 419 Paucissimae
2010 384 2053 419 in

236 437 382 473 Africa
406 438 561 481 tropica
584 438 859 482 reperiuntur,
893 445 1051 478 paucae
1075 437 1116 471 i'n
1143 437 1247 472 Asia
1274 437 1490 479 indigenae
1508 442 1631 483 sunt,
1664 446 1831 479 quarum
1855 440 2053 482 plurimae

234 494 277 529 in
308 495 460 530 insulis
488 498 734 541 nascuntur,
763 493 974 529 nonnullis
1005 497 1140 529 tamen
1166 493 1209 529 in
1241 493 1472 528 continente
1496 495 1633 530 cancri
1654 495 1824 530 limitem
1847 499 2053 541 transgre-

236 550 454 588 dientibus.

378 628 737 679 &ualitates
761 635 800 669 et
821 638 991 671 usus.
1057 633 1200 669 Virtus
1226 634 1267 668 in
1292 633 1497 677 plerisque
1520 635 1672 671 modice
1695 635 1953 679 adstringens
1978 639 2052 682 est,

234 695 458 727 nonnullae
483 691 559 725 olei
584 691 762 726 aetherei
784 700 822 725 v,
850 692 1010 726 resinae
1034 692 1270 725 balsameae
1294 692 1393 725 exili
1419 691 1648 733 particulae
1670 692 1751 727 vim
1776 691 2052 728 stimulantem

235 749 397 793 debent,
431 748 471 782 in
497 747 762 789 plurimarum
787 749 969 789 partibus
993 747 1204 782 herbaceis
1232 751 1266 781 et
1285 747 1482 782 fructibus
1502 748 1620 782 acida
1637 748 1766 783 libera
1784 748 2052 795 reperiuntur,

235 812 338 847 quae
359 805 399 838 in
418 805 704 839 nonnullarum
723 804 860 838 baccis
877 805 1094 838 accedente
1111 804 1300 839 sacchari
1318 804 1436 847 copia
1452 800 1701 847 mitigantur.
1751 806 1784 840 E
1803 805 2053 847 quarundam

238 861 385 896 cortice
403 864 438 895 et
458 859 656 895 fructibus
673 861 828 894 colores
843 860 1086 895 obtinentur.

372 941 688 978 Melastomacz·s
703 940 1010 978 malabathri&
1022 944 1163 990 Linn.,
1197 946 1443 980 arbusculae
1459 944 1640 992 indicae,
1668 944 1766 982 folia
1783 944 2054 994 adstringunt,

232 1000 276 1036 in
293 1000 539 1045 diarrhoeis,
571 1000 816 1042 dysenteriis
833 1003 869 1035 et
887 1001 1188 1036 blennorrhoeis
1208 1001 1248 1035 in
1273 1001 1473 1036 auxilium
1498 1003 1696 1039 vocanda.
1756 1003 1917 1037 Baccae
1940 1001 2054 1045 sapi-

234 1058 330 1103 dae,
362 1056 648 1093 manducantis
672 1057 805 1101 labia,
835 1057 1124 1092 Vacciniorum
1148 1067 1277 1102 more,
1310 1060 1442 1092 colore
1468 1063 1553 1093 atro
1572 1059 1793 1104 tingentes,
1825 1059 1963 1101 generi
1980 1067 2054 1093 no-

232 1123 322 1149 men
341 1115 496 1150 dedere.
555 1113 711 1148 Similis
728 1122 998 1157 congenerum
1018 1114 1279 1156 plurimorum
1295 1123 1411 1149 usus,
1465 1112 1685 1148 Mede’m‘lla
1702 1125 1829 1158 genus
1846 1117 2053 1150 molucca-

231 1179 328 1205 num
359 1163 434 1207 est.
494 1170 650 1206 Cortice
678 1170 721 1205 in
752 1170 958 1213 plerisque
981 1170 1197 1213 speciebus
1221 1170 1433 1205 admodum
1456 1170 1777 1215 mucilaginoso,
1809 1171 2053 1213 epidermide

234 1230 425 1274 purgato,
456 1226 673 1270 indigenae
703 1228 753 1262 ad
785 1229 1086 1269 cataplasmata
1117 1226 1368 1261 emollientia
1389 1226 1431 1260 in
1455 1230 1624 1262 artubus
1646 1226 1801 1262 luxatis
1825 1230 1861 1261 et
1886 1226 2052 1264 tumidis

230 1286 410 1319 utuntur.
468 1284 578 1319 Idem
610 1291 739 1325 aeque
763 1292 811 1319 ac
835 1284 1047 1318 radiculae
1072 1283 1315 1318 adventivae
1340 1287 1535 1318 contusae
1559 1284 1788 1319 recentibus
1812 1283 2053 1320 vulneribus

231 1339 431 1381 sanan-dis
456 1339 647 1386 inservit,
679 1344 799 1382 atque
823 1341 1023 1375 adversus
1047 1348 1222 1374 morsum
1246 1341 1476 1380 serpentum
1504 1343 1536 1374 et
1557 1339 1684 1382 piscis
1701 1340 1918 1382 cujusdam
1934 1337 2054 1379 (Μα-

232 1393 354 1440 lumi,
395 1393 638 1441 Warulm),
670 1396 738 1438 qui
764 1397 967 1437 quandam
990 1406 1079 1431 cum
1102 1395 1314 1439 Anguillis
1330 1394 1638 1440 similitudinem
1655 1399 1794 1441 habet,
1828 1396 2054 1432 adhibetur.

229 1452 348 1487 Folia
378 1456 424 1488 ob
457 1461 644 1495 saporem
666 1453 872 1487 acidulum
897 1453 1082 1495 piscibus
1105 1453 1397 1494 adcoquuntur.
1455 1452 1589 1487 Etiam
1619 1449 1821 1486 Osheekm
1845 1450 2055 1500 clu'nensa's

231 1509 351 1544 Linn.
368 1519 439 1552 pro
457 1511 754 1552 cataplasmate
771 1508 998 1544 adhibetur.
1045 1505 1274 1543 Asty-oniae
1285 1508 1544 1552 papetariae
1561 1510 1690 1544 Blum.
1709 1502 1837 1551 (Ubat
1855 1509 2053 1555 papedaj,

231 1566 389 1601 arboris
421 1568 706 1611 moluccanae,
738 1569 876 1600 cortex
906 1569 968 1600 est
1000 1565 1280 1610 adstringens,
1314 1564 1415 1601 folia
1437 1575 1532 1603 vero
1557 1566 1741 1611 acidu1a3
1771 1569 1940 1608 utraque
1964 1575 2054 1602 cum

230 1624 342 1665 Sagu
367 1626 482 1657 cocta
505 1625 576 1657 aut
598 1622 770 1657 contrita
792 1624 841 1657 ab
866 1621 1070 1665 indigenis
1094 1623 1144 1658 ad
1168 1624 1341 1657 vulnera
1358 1622 1535 1657 recentia
1551 1623 1738 1657 sananda
1754 1626 1917 1657 externe
1934 1631 2056 1657 usur-

228 1683 390 1722 pantur.
449 1679 570 1714 Folia
600 1679 722 1715 etiam
748 1688 839 1714 cum
863 1678 1047 1721 piscibus
1072 1678 1190 1720 coqui
1213 1681 1367 1724 solent,
1401 1689 1564 1725 quorum
1589 1679 1842 1714 condimento
1868 1687 2054 1721 saporem

230 1740 344 1780 grate
375 1726 581 1771 acidul'um
612 1735 847 1770 conciliant.
906 1736 1081 1778 Lignum
1112 1737 1298 1770 arborum
1330 1739 1580 1770 vetustarum
1606 1735 1709 1770 satis
1734 1736 1876 1770 durum
1901 1739 1982 1780 est,
2015 1739 2054 1770 et

229 1792 392 1828 aedium
423 1793 605 1836 postibus
635 1792 843 1828 firmandis
873 1796 1024 1836 aptum.
1087 1788 1353 1824 Ocantlcerae
1376 1790 1650 1826 molaccanae
1673 1793 1803 1826 Blum.
1829 1791 2054 1835 (Birurong

227 1849 365 1892 mera)
390 1849 567 1884 radicem
591 1849 784 1884 mulieres
808 1849 1025 1893 gravidae,
1059 1851 1241 1883 abortum
1266 1848 1473 1894 timentes,
1499 1840 1735 1893 conterunt,
1768 1852 1803 1883 et
1829 1848 1964 1883 addito
1987 1847 2054 1883 ovi

228 1905 438 1941 albumine
462 1915 551 1941 cum
576 1914 682 1948 aqua
704 1906 911 1940 hauriunt.
970 1906 1131 1940 Baccae
1154 1908 1268 1949 grate
1291 1905 1481 1940 acidulae
1499 1904 1635 1947 pueris
1653 1904 1741 1939 dari
1757 1907 1909 1951 solent,
1941 1914 1992 1940 ne
2009 1903 2054 1939 in

230 1963 378 1998 lectum
396 1961 591 2006 mingant.
642 1959 959 1995 Tristemmatz's
976 1961 1173 1995 vz‘rzzsam'
1187 1961 1423 2007 commem,
1451 1962 1490 1996 in
1509 1962 1649 1996 insula
1665 1961 1850 1996 Mauritii
1866 1970 2056 1997 crescen-
2096 1978 2100 1991 ι

229 2019 304 2064 tis,
338 2021 491 2055 baccae
520 2018 661 2063 gustui
684 2022 845 2067 gratae,
878 2019 930 2054 ad
952 2019 1182 2055 sanandam
1204 2020 1340 2055 labem
1365 2018 1644 2063 syphiliticam
1665 2017 1913 2054 utilissimae
1932 2025 2056 2061 prae-

230 2075 431 2112 dicantur.

371 2157 714 2206 Chaetogastrae
737 2161 1000 2195 canescentes
1021 2159 1127 2207 Dc„
1160 2159 1321 2195 fruticis
1346 2159 1543 2207 andicoli,
1577 2160 1785 2195 decoctum
1806 2155 1987 2195 Peruani
2009 2156 2054 2194 in

226 2216 398 2260 dysuria
427 2217 641 2263 hauriunt,
673 2217 876 2258 simulque
900 2219 947 2252 ob
972 2217 1163 2252 virtutem
1187 2217 1549 2259 linthontripticam
1574 2218 1758 2251 laudant.
1817 2215 2053 2257 Complures

227 2283 281 2310 ex
297 2274 542 2310 americanis
560 2277 738 2309 aromate
754 2273 909 2309 modico
927 2275 1271 2309 commendantur.
1309 2269 1593 2319 Tibouche'nae
1610 2280 1791 2316 asperae
1807 2272 1929 2307 Aubl.
1950 2269 2053 2306 folia

225 2339 335 2373 aqua
359 2330 517 2366 fervida
541 2330 681 2366 infusa
706 2330 976 2366 tussientibus
1000 2329 1299 2376 administrari,
1336 2327 1552 2362 Cremam‘e?
1568 2326 1806 2362 mamantis
1822 2328 1904 2364 Dc.
1931 2335 1955 2362 a
1971 2328 2053 2363 Pe-

225 2387 368 2423 ruanis
393 2389 529 2423 'rheae
558 2386 739 2422 sinensis
769 2388 858 2421 loco
889 2387 1082 2428 usurpari
1105 2389 1248 2422 solent.
1309 2385 1465 2420 Similis
1491 2386 1630 2421 florum
1657 2383 1878 2427 silet-ianae
1902 2391 2065 2425 roseae¹

223 2444 338 2480 Juss.
360 2444 467 2486 apud
483 2443 768 2478 Jamaicenses
788 2452 886 2478 usus
905 2443 1070 2478 obtinet.
1119 2439 1512 2488 Rhynchcmtherae
1524 2438 1819 2488 grandeflorae
1835 2440 1940 2487 DC.,
1965 2440 2052 2476 fru-

224 2500 320 2536 ticis
337 2500 601 2546 guianensis,
628 2500 702 2542 pili
719 2499 954 2544 glandulosi
971 2509 1092 2535 succo
1109 2500 1288 2546 viscido,
1315 2501 1523 2535 balsameo
1542 2499 1716 2535 madent.
1761 2497 1880 2533 Folia
1896 2505 2053 2532 sanan·

224 2557 288 2593 dis
305 2557 543 2593 vulneribus
560 2557 831 2599 imponuntur.
862 2557 1003 2591 Flores
1021 2566 1136 2591 muco
1156 2559 1363 2592 salutares
1380 2559 1488 2590 sunt.
1529 2553 1757 2588 Clidemiae
1774 2551 1917 2588 hirtae
1934 2555 2050 2600 Don.,

221 2613 266 2650 in
284 2614 423 2650 insula
438 2614 627 2650 Jamaica
642 2613 881 2658 indigenae,
913 2615 1066 2648 baccae
1082 2613 1273 2658 sapidae,
1300 2611 1589 2655 refrigerantes
1607 2615 1644 2647 et
1661 2611 1924 2647 antibiliosae
1943 2613 2050 2647 sunt.

221 2671 290 2708 Ex
309 2667 609 2704 Heterotrichz'
623 2667 1017 2717 angustifoliz'DC.,
1049 2669 1091 2704 in
1107 2669 1279 2704 Antillis
1302 2669 1545 2714 crescentis,
1578 2668 1778 2703 fructibus
1797 2671 1912 2710 potus
1929 2674 2053 2709 para·

223 2731 289 2763 tur
318 2728 527 2773 acidulus,
561 2735 678 2769 quem
709 2726 888 2761 admixto
920 2725 1019 2761 Citri
1049 2735 1173 2761 succo
1204 2725 1247 2760 in
1269 2725 1419 2760 morbis
1444 2724 1766 2760 inflammatoriis
1790 2727 1827 2758 et
1852 2724 2051 2758 adversus

221 2784 417 2820 vomitum
437 2784 625 2820 biliosum
641 2782 839 2826 popinare
857 2784 1002 2819 solent.
1032 2779 1244 2817 Mic-oniae
1261 2778 1547 2816 holosericeae
1563 2781 1644 2817 DC.
1663 2782 1880 2816 tomentum
1898 2777 2051 2815 fomitis

222 2842 313 2877 loco
330 2844 405 2877 est.

296 2923 301 2924 ⁷
362 2926 397 2960 E
428 2923 630 2960 tinctoriis
664 2919 868 2959 Osbeckia
890 2919 1105 2968 Principis
1128 2921 1231 2969 Dc„
1264 2918 1514 2956 Lasz'andra
1537 2923 1744 2967 argentea
1766 2919 1869 2968 DC„
1902 2916 2052 2966 Rhyn-

223 2978 465 3017 cltmzthera
484 2975 755 3028 grandiflora
771 2980 852 3015 DC.
877 2980 1164 3025 brasilienses,
1197 2982 1235 3014 et
1252 2976 1439 3013 Miconm
1456 2976 1684 3026 longifole'a
1699 2978 1784 3014 Dc.
1805 2977 2052 3021 ,guianensis

221 3039 495 3074 nominandae
511 3041 626 3083 sunt,
652 3045 822 3079 quatum
839 3039 978 3071 cortex
994 3037 1166 3070 colorem
1183 3038 1313 3070 atrum
1329 3035 1515 3078 largitur.
1578 3032 1844 3068 Crmnanz‘mn
1862 3031 2050 3067 reclina-

225 3099 311 3130 tum
328 3095 409 3131 Dc.
434 3097 472 3129 et
492 3091 758 3134 Cremam‘um
785 3090 1030 3142 tinctorium
1056 3092 1134 3127 Dc.
1160 3091 1381 3136 PeruaniS‚
1415 3088 1603 3125 Mz‘com‘a
1622 3089 1829 3124 tine-toria
1844 3090 1925 3126 Dc.
1943 3091 2047 3126 Bra-

224 3152 467 3189 siliensibus
491 3152 663 3185 colorem
687 3149 836 3185 flavum
861 3148 1134 3192 suppeditant.
1198 3145 1410 3181 Black-eae
1423 3147 1692 3193 parasiticae
1707 3148 1787 3183 DC.
1807 3145 2048 3191 guianensis

223 3213 262 3244 et
284 3207 551 3251 complurium
573 3209 901 3242 Melastomatum
927 3208 1080 3241 baccae
1103 3213 1224 3239 succo
1251 3207 1369 3239 rubro
1395 3204 1573 3249 tingente
1598 3207 1769 3239 scatent.
1836 3201 2049 3236 Tac-cocae

221 3263 465 3311 guicmensz's
488 3264 612 3300 Aubl.
642 3262 800 3300 fructus
825 3271 950 3301 succo
975 3263 1133 3300 scatent
1157 3264 1265 3308 atro,
1298 3261 1367 3304 qui
1389 3260 1604 3297 atramenti
1627 3259 1833 3303 scriptorii
1858 3259 1946 3295 loco
1974 3258 2044 3294 ad-

223 3321 398 3358 hibetur.

364 3402 688 3452 Memecylorum
718 3403 818 3441 folia
850 3405 1024 3440 colorem
1055 3410 1238 3439 croceum
1269 3402 1520 3447 largiuntur,
1552 3403 1590 3436 et
1619 3398 1736 3437 Croci
1758 3409 1796 3436 v.
1821 3398 2047 3435 Curcumae

223 3464 311 3499 loco
335 3461 519 3499 adhiberi
541 3466 726 3507 possunt.
785 3463 946 3499 Baccae
969 3459 1179 3508 acidulae,
1211 3458 1365 3496 modice
1381 3458 1703 3507 adstringentes,
1735 3455 1873 3501 gustui
1890 3457 2045 3500 gratae.
