2147 3756
1090 138 1203 188 154

981 216 1073 221 -ῄ-,Γ
1080 217 1266 222 *wasme
1279 214 1325 221 ...α

243 310 371 346 nattis
393 310 699 356 adnumeratur,
732 311 850 352 longe
873 309 1056 358 alienus,
1087 312 1161 346 hoc
1184 312 1272 346 loco
1297 319 1388 346 cum
1412 309 1620 347 ordinibus
1643 310 1844 354 aquaticis
1867 310 2058 360 apetatis,

243 375 409 408 quorum
431 369 548 402 sedes
574 378 650 402 non
675 368 807 402 minus
824 367 1036 414 ambigua,
1069 367 1111 402 in
1127 370 1300 403 classem
1320 367 1572 403 artificialem
1588 370 1828 412 conjunctus
1844 372 1919 404 est.
1979 370 2059 404 Re—

242 426 351 459 mota
367 427 426 458 est
445 433 535 458 cuin
552 424 746 466 Najadeis
763 423 966 467 analogia.

385 487 809 543 Geoglwphia.
869 492 1034 535 Species
1058 485 1215 535 paucae
1228 493 1416 536 Europae
1438 496 1474 529 et
1492 494 1705 531 Americae
1729 493 1904 530 borealis
1927 502 2057 538 aquas

242 552 482 594 stagnantes
499 554 534 585 et
552 553 657 585 lente
674 551 843 586 fluentes
859 549 1102 584 inhabitant.

380 621 441 655 De
463 619 621 655 viribus
646 624 683 655 et
708 630 784 654 usu
803 619 862 654 nil
885 622 1056 656 constat.
1113 620 1344 655 Nonnullae
1361 620 1480 655 odore
1495 619 1613 664 gravi
1630 620 1814 664 hepatico
1830 621 2059 658 Cliaracea-

244 684 332 712 rum
348 677 558 720 praeditae
575 687 665 713 esse
681 678 825 713 solent.

585 811 754 856 ordo
783 810 1105 856 LXXXIV.
1172 805 1719 858 callitrichineae.

382 913 578 961 Herbae
623 914 852 971 tenellae,
913 930 1119 973 annuae,
1179 915 1414 977 simplices
1460 930 1503 961 v.
1543 929 1782 972 ramosae,
1843 921 2059 960 natantes

244 983 377 1032 caule
422 984 579 1031 tereti.
663 986 806 1032 Folia
853 986 1087 1048 opposita,
1133 986 1339 1043 sessilia,
1387 985 1614 1032 inferiora
1660 1001 1799 1047 saepe
1846 984 2060 1041 linearia,

243 1056 490 1118 superiora
522 1055 696 1112 ovalia,
731 1056 1098 1113 uni-trinervia,
1130 1056 1460 1118 integerrima,
1501 1072 1675 1102 summa
1709 1071 1913 1112 emersa,
1955 1071 2060 1101 sae-

241 1127 430 1189 pissime
475 1126 970 1189 rosulato-congesta.
1045 1128 1267 1189 Ste'pulae
1313 1126 1483 1172 nullae.
1560 1128 1728 1173 Flores
1772 1126 1974 1188 perfecti
2015 1142 2057 1172 v.

241 1196 409 1242 abortu
450 1196 796 1254 mono-dioici,
843 1198 889 1243 in
930 1197 1082 1243 axillis
1121 1197 1339 1244 foliorum
1379 1196 1589 1244 solitarie
1629 1196 1837 1243 sessiles.
1917 1197 2058 1243 Iavo—

244 1267 426 1314 lucrum
458 1266 732 1331 diphyllum,
775 1268 952 1314 foliolis
984 1268 1276 1326 lateralibus,
1317 1268 1566 1331 oppositis,
1615 1266 1907 1323 subfalcatis,
1957 1281 2061 1313 car—

242 1338 442 1394 nosulis,
476 1338 812 1395 subcoloratis,
846 1338 1205 1401 persistentibus
1237 1355 1278 1385 v.
1312 1337 1541 1385 deciduis.
1616 1339 1927 1400 Pelagoniam
1959 1337 2060 1384 nul-

243 1409 350 1455 lum.
424 1410 620 1455 Stamen
654 1409 838 1455 unicum
873 1409 1133 1474 posticum,
1184 1410 1333 1455 rarius
1371 1409 1568 1454 stamina
1607 1407 1721 1466 duo,
1770 1409 1973 1454 anticum
2013 1415 2062 1454 et

241 1479 495 1543 posticum,
538 1479 621 1523 sub
656 1480 867 1540 germine
900 1480 1097 1535 inserta,
1121 1478 1383 1540 filamento
1417 1477 1644 1536 filiformi,
1686 1479 1936 1540 elongato,
1974 1494 2061 1525 αη-

243 1550 382 1596 thera
414 1548 679 1605 reniformi,
701 1547 929 1606 basifixa,
963 1549 1265 1606 uuiloculari,
1299 1549 1434 1612 apice
1460 1558 1619 1596 sutura
1643 1549 2062 1612 hippocrepiformi

242 1628 422 1682 aperta.
499 1621 699 1666 Germen
732 1619 922 1679 sessile,
956 1618 1138 1666 demum
1169 1620 1448 1683 stipitatum,
1481 1620 1834 1684 tetraphyllum,
1875 1618 2063 1683 quadri-

245 1691 477 1744 Ioculare,
542 1689 889 1753 quadrilobum,
950 1689 1180 1737 interdum
1231 1706 1571 1754 compressum,
1632 1691 1751 1737 lobis
1795 1706 1882 1754 per
1930 1690 2061 1753 paria

242 1761 592 1842 approximatis.
689 1762 957 1809 Gemmulae
1002 1762 1047 1807 in
1095 1762 1261 1808 loculis
1308 1762 1572 1820 solitariae,
1634 1761 1805 1824 angulo
1863 1761 2061 1808 centlali

243 1848 392 1897 piope
433 1834 612 1895 apicem
657 1833 852 1889 affixae,
900 1832 1243 1913 ampliitropae,
1290 1841 1425 1896 pa1te
1473 1833 1717 1896 supeiiore
1764 1831 1908 1878 multo
1955 1831 2064 1879 bre-

243 1904 402 1960 viore,
450 1903 709 1967 micropyle
747 1904 868 1949 infra
907 1904 1088 1965 apicem
1128 1905 1381 1950 introrsum
1413 1903 1613 1951 laterali.
1688 1903 1817 1965 styli
1847 1908 1901 1960 2,
1951 1918 2061 1949 cen-

245 1975 410 2032 hales,
456 1974 814 2038 patentiusculi‚
861 1974 1168 2037 stig‘matebus
1197 1975 1365 2021 acutiS.
1439 1976 1646 2021 Fructus
1678 1990 1910 2020 carnoso·
1889 1989 2063 2019 n-1-·em

240 2045 532 2110 ubranaceus,
587 2043 911 2102 indeliiscens,
965 2044 1380 2108 quadrilocularis,
1431 2044 1754 2109 quadrilobus‚
1801 2060 1847 2091 v.
1898 2043 2063 2090 loculis

243 2133 332 2181 per
361 2117 491 2180 paria
524 2116 805 2178 compressis
835 2115 1043 2173 bilobus,
1092 2117 1290 2163 muticus
1321 2133 1366 2163 v.
1402 2116 1461 2163 ad
1498 2116 1693 2178 angulos
1732 2123 1928 2176 anguste
1967 2115 2063 2161 ala-

246 2196 333 2233 tus.
410 2188 605 2234 Semina
651 2188 695 2232 in
745 2186 910 2233 loculis
958 2187 1190 2245 solitaria,
1238 2187 1409 2250 angulo
1458 2187 1656 2233 centrali
1694 2202 1840 2249 prope
1881 2186 2062 2248 apicem

244 2274 472 2321 appensa,
505 2259 825 2319 integumento
857 2257 1127 2303 tenuissime
1160 2257 1544 2315 membranaceo,
1576 2257 1672 2303 hilo
1705 2273 1851 2319 prope
1883 2256 2063 2319 apicem

246 2329 496 2375 introrsum
530 2329 729 2374 laterali.
804 2328 1014 2390 Embryo
1047 2329 1091 2374 in
1124 2329 1198 2375 axi
1231 2328 1476 2375 albuminis
1509 2328 1697 2375 carnosi
1729 2335 1911 2384 rectus,
1945 2326 2063 2388 ejus-

247 2398 352 2446 dem
384 2400 485 2446 fere
519 2398 838 2461 longitndine3
882 2399 1250 2461 cotyledonz‘bzcs
1281 2398 1457 2446 duabus
1488 2399 1798 2457 brevissimis,
1838 2398 2064 2446 radicula

249 2470 565 2534 longiuscula,
598 2471 692 2517 hilo
725 2470 952 2535 parallele
986 2471 1231 2534 contigua,
1265 2487 1452 2534 supera.

891 2590 1102 2626 GENus
1155 2596 1420 2625 UNIcUM.

810 2674 931 2710 1830.
964 2673 1199 2710 callitriche
1217 2670 1339 2709 Lv‘nn.

994 2721 1180 2757 stellaria
1196 2721 1338 2757 Dillen.

385 2809 705 2857 Affinissas.
765 2814 1098 2852 Callitrichineae
1129 2818 1175 2852 ob
1208 2814 1364 2851 fructus
1388 2814 1563 2850 indolem
1587 2815 1625 2850 et
1647 2809 1848 2858 perigonii
1870 2812 2065 2849 defectum

247 2873 464 2910 difficulter
493 2883 583 2908 cum
606 2872 847 2916 Halorageis
871 2873 1182 2917 coadunandae,
1225 2873 1355 2915 quoad
1379 2880 1519 2907 veram
1542 2869 1778 2906 affinitatem
1800 2869 1964 2914 penitus
1991 2871 2066 2905 du-

246 2931 340 2968 biae
356 2934 471 2978 sumt⁷
503 2929 692 2965 fortassis
710 2929 943 2971 aquaticam
957 2929 1356 2972 Euphorbiacearum
1373 2927 1540 2962 formam
1556 2927 1764 2963 sistentes.

391 2992 818 3050 Geographia.
863 2998 1030 3042 Species
1048 3001 1095 3034 ob
1112 2999 1254 3034 miram
1270 2998 1441 3045 formae,
1469 2999 1590 3041 juxta
1607 2997 1794 3033 elementi
1808 2996 2065 3043 mutationes,

248 3058 563 3097 inconstantiam
601 3056 816 3092 difficulter
852 3055 1135 3102 extricandae,
1178 3056 1367 3099 Europae
1405 3058 1443 3092 et
1478 3054 1695 3091 Americae
1727 3053 1904 3091 borealis
1935 3061 2065 3096 aquas

248 3117 487 3159 stagnantes
503 3117 541 3149 et
556 3116 663 3149 lente
679 3111 845 3147 fluentes
863 3112 1104 3147 inhabitant.

389 3186 450 3221 De
467 3183 733 3228 qualitatibus
750 3185 786 3218 et
803 3192 882 3219 usu
897 3182 1000 3217 nihil
1017 3183 1188 3218 constat.

616 3318 786 3363 Ordo
815 3315 1103 3362 LXXXV.
1168 3290 1704 3361 Podostemmeae.

393 3421 586 3467 Herbae
618 3420 886 3483 aquaticae,
933 3419 1228 3475 submersae,
1270 3417 1478 3465 caulibus
1510 3415 1773 3464 innovando
1806 3415 2058 3480 profiteris,

255 3491 525 3554 plerumque
565 3491 868 3539 fluitantibus·
944 3491 1086 3539 Folia
1123 3489 1325 3549 alterna,
1372 3487 1602 3537 interdum
1649 3487 1972 3552 approximata
2016 3493 2065 3536 et
