2147 3756
131 286 377 335 similitudo,
409 296 514 332 quae
529 291 663 326 tamen
679 288 900 327 staminum
915 287 1117 326 situinter
1129 287 1310 324 corollae
1331 287 1534 323 elementa
1554 291 1595 323 et
1615 286 1774 324 fructus
1799 287 1956 324 fabrica

131 348 294 391 longius
312 347 516 382 recedunt.
561 346 717 382 Certior
733 356 823 381 cum
840 345 1129 389 Apocynaceis
1145 342 1428 390 necessitudo,
1461 351 1565 386 quae
1580 353 1703 380 succo
1720 346 1956 387 plerumque

131 405 284 450 lacteo,
315 402 495 446 germine
517 402 663 448 libero,
696 405 850 438 corolla
873 406 1076 448 contorta,
1109 400 1292 438 antheris
1314 399 1649 447 conniventibus,
1682 400 1854 442 denique
1870 400 1958 435 sru-

130 464 221 495 ctus
239 463 274 495 et
294 459 491 494 seminum
510 459 644 493 indole
661 461 773 493 nullo
791 459 949 503 negotio
967 459 1286 502 distinguuntur.
1343 458 1619 503 Sambuceae,
1650 456 1844 491 indubiae
1867 460 1957 492 utut

130 525 222 551 cum
247 516 416 558 reliquis
440 515 673 561 affinitatis,
706 518 862 551 corolla
883 515 1124 559 profundius
1152 514 1322 562 partita,
1353 512 1545 554 foliisque
1567 512 1715 547 incisis
1746 522 1781 547 v.
1808 512 1958 555 pinna-

128 572 286 607 tisectis
318 573 369 607 ad
399 571 561 607 ordines
594 572 869 614 dialypetalos
900 573 1087 617 tendunt,
1122 570 1310 616 Corneis,
1343 569 1577 605 Araliaceis
1601 568 1958 611 Umbelliferisque

128 628 401 674 propinquae,
434 628 709 664 mediantibus
738 629 923 665 Viburno
955 631 994 663 et
1022 629 1272 671 Hydrangea
1304 627 1426 662 etiam
1455 627 1508 662 ad
1537 625 1863 669 saxifragaceas
1893 627 1957 661 sat

128 688 241 721 arcte
264 686 478 721 accedunt.

242 762 668 819 Geographia·
700 767 1025 811 'Caprifoliaceae
1041 765 1083 801 in
1100 765 1334 809 regionibus
1352 764 1585 810 temperatis
1602 768 1640 802 et
1657 764 1958 810 frigidiusculis

125 826 437 870 hemisphaerae
459 825 637 862 borealis
659 825 916 868 potissimum
940 826 1208 869 generantur,
1240 822 1282 858 in
1299 823 1406 858 Asia
1427 823 1582 871 media,
1613 823 1733 859 India
1746 822 1904 858 boreali
1920 825 1959 857 et

126 883 320 920 America
348 884 472 916 multo
505 889 625 923 quam
656 881 765 922 apud
794 889 869 915 nos
900 878 1105 921 copiosius
1131 882 1376 915 crescentes.
1435 881 1602 915 Paucae
1627 883 1800 916 statutos
1825 878 1957 913 ordini

127 947 154 975 a
183 941 331 973 natura
360 935 552 972 terminos
582 935 874 982 infringentes,
913 936 1098 979 regiones
1131 935 1307 978 tropicos
1339 935 1511 980 intrant,
1551 939 1589 971 et
1620 935 1851 979 temperiem
1881 937 1956 971 sub

126 996 240 1031 coelo
270 992 426 1028 fervido
457 996 697 1035 quaerentes
728 995 840 1028 elata
867 992 1063 1027 montium
1088 993 1192 1036 juga
1220 995 1371 1034 petunt.
1431 993 1736 1038 paucissimae,
1767 990 1958 1027 Sambuci

123 1049 286 1095 generis
308 1049 563 1093 cosmopoliti
586 1048 771 1098 species,
802 1053 916 1085 trans
941 1048 1227 1093 capricornum
1251 1050 1355 1092 apud
1374 1048 1564 1085 Chilenos
1590 1053 1629 1085 et
1651 1050 1695 1086 in
1717 1051 1834 1085 Nova
1857 1049 1957 1083 liol-

127 1106 271 1144 landia
285 1105 445 1142 vivunt.
1922 1118 1925 1121 ·

265 1183 629 1238 Qualitates
647 1191 686 1227 et
700 1194 870 1229 usus.
915 1188 1180 1237 Lonicereae,
1205 1198 1376 1233 quarum
1391 1191 1617 1226 nonnullae
1633 1192 1680 1226 ob
1698 1191 1956 1233 praeclarum

124 1247 265 1286 florum
279 1275 290 1295 ,
308 1250 676 1291 advesperascente
693 1248 757 1283 die
774 1251 812 1283 et
828 1251 918 1291 post
935 1248 1038 1284 solis
1055 1257 1246 1283 occasum
1263 1247 1464 1291 imprimis
1483 1246 1754 1290 fragrantium
1767 1273 1777 1292 ,
1795 1247 1956 1282 odorem

122 1305 366 1352 mortalibus
383 1308 545 1350 gratae,
578 1304 775 1347 qualitate
793 1304 879 1340 acri
891 1331 901 1351 ,
933 1305 1213 1349 adstringente
1231 1307 1268 1339 et
1285 1312 1426 1340 amara
1442 1303 1565 1339 etiam
1580 1304 1737 1339 medico
1755 1312 1958 1338 commen-

124 1363 291 1409 dantur,
322 1361 384 1396 ita
407 1365 449 1396 ut
473 1363 697 1396 nonnullae
721 1361 828 1397 inter
849 1361 1103 1397 adminicula
1125 1362 1317 1409 emetica,
1351 1360 1570 1405 purgantia
1595 1363 1634 1396 et
1658 1359 1860 1395 diuretica
1880 1362 1957 1395 ha-

121 1420 314 1466 beantur,
344 1417 464 1455 flores
487 1419 760 1465 quarundam,
792 1418 835 1454 in
859 1419 1006 1461 quibus
1029 1418 1110 1454 olei
1126 1418 1304 1454 aetherei
1321 1418 1467 1466 portio,
1500 1418 1607 1453 inter
1621 1416 1850 1453 medicinas
1867 1416 1958 1452 dia-

120 1475 353 1520 phoreticas
381 1474 635 1518 frequentius
663 1475 708 1511 in
737 1484 857 1511 usum
886 1478 1095 1511 vocentur.
1153 1471 1391 1509 Lonz'cerae
1419 1478 1626 1510 nostrates
1657 1473 1808 1510 exoleti
1838 1482 1954 1510 usus.

120 1529 358 1566 Lom‘cerae
378 1529 792 1580 Caprzfolz‘aninn.
807 1534 965 1579 baccas»
978 1532 1138 1568 urinam
1152 1532 1433 1568 vehementius
1448 1540 1610 1568 movere
1620 1558 1631 1578 ,
1648 1530 1807 1566 fructus
1823 1526 1956 1564 Lom'-

122 1597 251 1623 cerae
276 1585 477 1634 Xylostez·
494 1588 615 1625 Linn.
647 1591 784 1625 alvum
815 1591 961 1625 laxare
985 1592 1156 1625 constat.
1214 1585 1456 1624 Dicrvillae
1478 1585 1733 1622 careadensz's
1755 1588 1826 1623 W.
1851 1585 1955 1622 rami

121 1642 316 1689 [Stipites
337 1644 587 1689 Diervinae)
618 1645 807 1682 diuretici
836 1654 860 1681 a
890 1645 1340 1682 Boreali-americanis
1370 1646 1413 1681 in
1444 1645 1595 1681 morbis
1625 1643 1880 1688 syphiliticis
1909 1643 1955 1678 in

120 1698 564 1746 auxilium·'vocantur‚
595 1701 718 1738 iidem
735 1699 1087 1749 Symphoricarpz’
1099 1700 1291 1748 vulgaris
1308 1702 1461 1737 Michx.
1487 1701 1669 1738 radicem
1692 1699 1957 1744 adstringenss

121 1762 202 1794 tem
223 1758 331 1794 inter
352 1758 533 1794 remedia
555 1758 761 1802 febrifuga
783 1762 1010 1796 numerant.
1075 1757 1506 1806 Trz‘ostez‘perfolz'atz'
1518 1758 1640 1795 Linn.
1658 1756 1806 1803 (vulgo
1823 1758 1955 1794 Horse

122 1815 319 1863 Gentian,
350 1814 468 1850 Wild
493 1813 648 1858 coffee)
680 1815 799 1851 radix
829 1824 991 1862 amara,
1029 1815 1277 1865 cathartica,
1307 1815 1456 1859 majori
1486 1815 1575 1852 dosi
1605 1814 1797 1864 emetica,
1829 1813 1956 1852 febri-

118 1871 241 1921 fuga,
272 1871 316 1908 in
333 1870 510 1907 officinis
527 1872 858 1908 transatlanticis
874 1875 1044 1915 prostat.

258 1939 456 1977 Lz'mmea
465 1939 650 1977 borealis
660 1943 796 1989 Gran„
812 1945 941 1978 herba
956 1941 1094 1979 florum
1110 1943 1231 1979 odore
1247 1945 1286 1979 et
1300 1941 1498 1979 universa
1513 1941 1619 1979 facie
1636 1941 1795 1991 suavis,
1814 1949 1953 1979 amare

119 1997 248 2048 sapit,
280 1999 426 2035 Suecis
444 2001 492 2035 ob
508 1998 697 2035 virtutem
714 1998 1035 2042 diaphoreticam
1052 2002 1091 2035 et
1107 1999 1348 2036 diureticam
1365 2001 1657 2036 commendata.

259 2066 459 2104 Sambucz'
471 2068 622 2116 m'grae
640 2060 788 2117 (ἀκτὴ,
804 2070 1045 2117 Hellunder,
1060 2069 1236 2117 Flieder,
1252 2068 1406 2118 Eller),
1425 2070 1648 2108 familiaris
1663 2069 1818 2107 homini
1833 2071 1954 2106 arbo-

116 2126 175 2163 ris
208 2128 248 2163 et
276 2125 580 2169 antiquissimis
601 2126 965 2170 superstitionibus
989 2130 1274 2174 consecratae,
1306 2131 1445 2171 partes
1469 2137 1629 2176 omnes,
1660 2127 1733 2163 ubi
1754 2130 1952 2173 teruntur,

118 2185 240 2220 odore
268 2183 518 2231 vehementi,
549 2183 764 2234 inamoeno
796 2185 1025 2232 excellunt,
1056 2192 1203 2227 sapore
1233 2193 1325 2220 cum
1348 2184 1621 2221 amaritudine
1645 2184 1744 2221 acri.
1805 2184 1955 2219 cortex

116 2238 289 2276 interior
317 2248 342 2276 a
375 2239 620 2282 quibusdam
648 2239 755 2276 inter
774 2240 1002 2277 medicinas
1025 2243 1279 2276 evacuantes
1302 2240 1522 2277 admissus.
1580 2242 1723 2277 Flores
1746 2239 1954 2277 acredinis

116 2295 203 2333 fere
217 2299 428 2344 expertes,
460 2299 746 2341 graveolentes
758 2324 768 2343 ,
799 2306 964 2333 mucoso
975 2291 1165 2344 -amari,
1179 2297 1331 2341 exigua
1346 2296 1428 2333 olei
1443 2297 1623 2334 aetherei
1639 2297 1825 2341 portione
1842 2296 1953 2343 foeti,

115 2353 447 2397 frequentissime
463 2354 516 2389 ad
533 2353 808 2398 diaphoresim
824 2354 1119 2397 expediendam
1135 2353 1392 2390 adhibentur.
1447 2354 1607 2390 Baccae
1625 2354 1787 2401 (grana
1803 2349 1950 2396 Actes)

115 2419 240 2448 succo
272 2410 610 2458 acidulo-dulci,
639 2410 1045 2459 violaceo-tingente
1076 2409 1229 2458 foetae,
1261 2414 1403 2447 coctae
1431 2411 1598 2448 rusticis
1627 2411 1878 2447 nostratibus
1909 2409 1954 2447 in

116 2467 280 2503 deliciis
309 2470 425 2515 sunt,
454 2466 615 2512 largius
645 2466 832 2511 ingestae
860 2470 1045 2502 ventrem
1073 2471 1248 2504 movent.
1305 2468 1340 2503 E
1373 2477 1497 2504 succo
1518 2470 1738 2504 baccarum
1760 2467 1954 2503 sambuci

116 2533 311 2567 expresso
333 2532 423 2559 cum
438 2526 637 2560 saccharo
653 2520 771 2557 Roob
789 2519 990 2558 Sambuci
1002 2524 1342 2567 pharmacopolae
1358 2527 1555 2572 coquunt,
1588 2524 1832 2560 medicinam
1847 2523 1954 2560 leni-

105 2576 177 2618 'ter
200 2579 519 2623 diaphoreticam
541 2583 580 2616 et
602 2579 646 2616 in
668 2579 816 2623 majori
839 2579 930 2615 dosi
953 2579 1262 2623 eccoproticam.
1321 2581 1487 2617 Semina
1510 2584 1650 2617 oleosa
1671 2579 1953 2618 vehementius

115 2639 306 2681 purgant.
367 2632 597 2671 Sambucus
614 2644 838 2671 racemosa
852 2636 974 2672 Linn.
998 2636 1217 2683 sylvestris
1234 2639 1374 2684 arbor,
1401 2638 1600 2681 qualitate
1615 2647 1696 2674 non
1711 2640 1882 2674 multum
1898 2639 1950 2672 ab

114 2692 313 2729 officinali
329 2693 472 2729 differt.
534 2690 733 2727 Sambnci
746 2689 875 2728 Ebnli
887 2694 935 2730 L.
952 2692 1122 2737 [Attich
1135 2720 1146 2741 ‚
1164 2686 1463 2742 χαμαιακτῆ],
1488 2697 1638 2732 herbae
1654 2695 1895 2731 notissimae
1912 2695 1952 2728 et

114 2749 266 2787 foetore
283 2749 466 2796 infamis,
484 2749 605 2786 flores
618 2749 788 2785 inutiles
805 2752 918 2796 sunt,
937 2752 1030 2785 roob
1046 2752 1267 2786 baccarum
1283 2750 1326 2786 in
1342 2753 1750 2794 pharmacopolarum
1768 2750 1951 2786 tabernis

114 2810 276 2855 praesto
293 2809 367 2843 est.
398 2805 825 2854 Boreali-americani,
849 2806 1073 2854 Mexicani,
1097 2806 1279 2843 Peruani
1295 2810 1335 2842 et
1350 2806 1510 2843 Chileni
1526 2816 1628 2843 suas
1644 2806 1839 2844 sambuci
1854 2816 1950 2850 spe-

112 2863 198 2899 cies
215 2865 384 2910 habent,
420 2863 569 2906 quibus
584 2863 692 2898 inter
706 2862 884 2899 remedia
899 2863 1120 2908 purgantia
1135 2866 1174 2898 et
1190 2863 1470 2907 diaphoretica
1484 2864 1544 2900 uti
1562 2865 1706 2900 solent.
1770 2861 1811 2897 V
1808 2861 1952 2898 iburm'

118 2917 245 2965 Opuli
256 2920 377 2956 Linn.
401 2919 620 2964 [sambuci
638 2920 818 2962 aquatici
835 2919 971 2963 Offic.)
988 2916 1122 2955 virtus
1139 2920 1335 2956 sambuci
1351 2920 1495 2965 nigrae
1511 2923 1694 2968 aemula,
1727 2921 1800 2957 sed
1817 2919 1950 2955 minor

113 2979 190 3013 est.
242 2974 282 3010 V
279 2975 424 3012 a‘burm‘
434 2974 643 3011 Lantana
659 2977 781 3015 Linn.
799 2975 948 3021 (vulgo
965 2976 1446 3022 Schwindelbeerbaum]
1464 2977 1565 3014 folia
1580 2981 1619 3014 et.
1633 2980 1787 3014 baccae
1802 2976 1951 3012 leniter

113 3031 394 3082 adstringunt,
425 3033 589 3071 corticis
619 3033 826 3071 interioris
857 3036 974 3070 tanta
1002 3035 1172 3083 acredo,
1203 3034 1378 3078 utjnter
1398 3034 1632 3072 vesicautia
1654 3043 1680 3072 a
1702 3034 1949 3078 quibusdam

112 3090 327 3126 habeatur.

251 3194 662 3244 *Lonieereis
691 3197 947 3245 affines.
1007 3201 1209 3241 Frutz'ces
1229 3200 1390 3243 Novae
1418 3199 1719 3251 Zeelandiae‚
1753 3197 1946 3240 floribus

113 3252 482 3307 odoratissimis,
518 3255 650 3297 foliis
682 3257 902 3308 alternis,
941 3258 1407 3312 seinpervirentibus,
1446 3256 1564 3299 flore
1595 3257 1806 3311 regulari
1837 3268 1945 3310 pen-

58 3314 61 3315 ’
111 3315 314 3362 tamem,
344 3318 539 3365 sup-ero,
571 3313 782 3354 corollae
800 3314 983 3355 laciniis
1000 3328 1083 3368 per
1107 3315 1462 3356 aestivationem
1485 3314 1710 3364 valvatis,
1737 3313 1945 3366 margine

113 3367 566 3422 sinuato-repandis,
596 3369 840 3424 gemmulis
856 3370 982 3412 intra
996 3372 1217 3425 germinis
1233 3371 1416 3412 loculos
1433 3371 1568 3412 binos
1586 3369 1784 3423 duabus,
1817 3370 1946 3425 quin-

113 3435 205 3477 que
236 3437 277 3464 ν.
305 3424 814 3480 indefinite‘plurimis,
848 3426 1008 3474 >bacca>
1032 3428 1334 3480 uniloculari‚
1379 3427 1686 3485 polysperma
1721 3439 1766 3467 v.
1799 3427 1945 3480 oligo-

112 3491 318 3534 sperma,
369 3482 621 3524 seminibus
666 3482 810 3526 dorso
858 3485 1102 3538 convexis,
1154 3489 1323 3527 ventre
1368 3483 1599 3539 angulato
1646 3483 1945 3534 umbilicatis,
