2147 3756
935 73 1049 125 159

82 248 187 295 culo
220 246 451 294 reclinato
485 243 736 309 pendulae.
811 247 1055 308 Stigmata
1085 248 1146 304 2,
1188 244 1476 304 terminalia,
1517 246 1723 306 sessffia,
1771 249 1901 295 elon-

80 318 483 381 gato-filiformia,
518 317 688 379 patula.
734 317 967 365 Fructus:
1008 316 1233 364 Nuculae
1265 332 1368 363 eum
1399 316 1607 363 bracteis
1639 319 1684 363 in
1718 321 1901 366 strobili

80 391 275 436 sormam
309 388 534 444 coalitae,
576 387 828 450 angulatae
858 405 902 434 v.
936 387 1114 445 alatae,
1153 387 1322 435 abortu
1354 388 1697 445 uniloculareS,
1739 406 1902 436 mono-

78 476 307 523 spermae.
382 460 553 505 Semen
594 459 850 516 inversum,
898 459 1222 521 integumento
1265 459 1562 516 tenuissimo,
1613 468 1714 505 cum
1755 459 1902 506 endo—

80 532 240 594 carpio
280 539 642 591 concrescente.
715 530 1009 592 Embryom's
1047 529 1412 588 exalbnnfinosi,
1455 530 1730 592 orthon-opi
1770 539 1906 594 coty-

79 602 276 649 ledones
304 601 651 665 planiusculae,
685 602 1030 665 germinatione
1061 600 1318 660 foliaceae,
1352 602 1579 649 radicula
1611 617 1800 665 supera.

845 719 1133 753 GENER&

160 805 280 840 1840.
311 803 460 839 Betula
480 799 686 852 Tournef.
1100 803 1222 839 1841.
1252 803 1389 840 Alnus
1413 801 1618 854 Tournef.

668 895 875 938 Betula
891 908 1022 939 ceae
1062 894 1312 938 fossiles.

277 980 300 1007 *
316 986 517 1024 Betulites
537 981 667 1034 Gb'pp.
1159 980 1208 1007 *²¹¹
1221 987 1387 1025 Aluites
1407 983 1537 1034 Giipp.

212 1080 539 1127 Affinitas.
597 1087 847 1124 Betulaceae
869 1095 894 1123 a
910 1086 1164 1131 Cupuliferis
1179 1090 1342 1131 propter
1357 1088 1560 1125 involucri
1575 1087 1716 1126 florum
1732 1089 1905 1133 pistilli-

73 1151 256 1190 gerorum
289 1145 488 1180 defectum
520 1148 558 1180 et
588 1154 752 1189 germen
780 1145 955 1180 liberum
979 1145 1219 1191 distinctae,
1253 1148 1302 1180 ab
1328 1146 1534 1182 Ulmaceis
1566 1147 1701 1182 minus
1725 1147 1905 1190 perfecta

71 1201 272 1247 perigenii
290 1201 445 1237 fabrica
462 1206 499 1238 et
517 1201 683 1245 organis
700 1202 943 1238 sexualibus
961 1205 1196 1237 constanter
1211 1201 1431 1238 diclinibus
1450 1202 1637 1239 diversae
1654 1208 1762 1240 sunt.

178 1268 184 1276 “
214 1266 642 1323 Geograph‘ia.
702 1274 875 1309 Betulae
905 1282 997 1308 cum
1028 1272 1153 1308 Alnis
1185 1282 1257 1315 per
1285 1272 1472 1316 regiones
1498 1276 1744 1317 temperatas
1769 1277 1806 1310 et
1831 1274 1905 1311 fri-

71 1329 329 1375 gidiusculas
351 1331 662 1373 hemisphaerae
683 1330 862 1366 borealis
885 1329 1091 1366 latissime
1114 1330 1306 1376 diffusae,
1339 1330 1487 1372 partim
1507 1333 1623 1366 lucos
1640 1333 1848 1367 efformant
1864 1342 1904 1369 v.

69 1391 214 1431 sylvas
247 1387 495 1423 constituunt
527 1390 690 1433 vastas,
720 1387 868 1430 partim
897 1397 1046 1423 versus
1075 1387 1279 1431 regionem
1312 1389 1489 1429 pol-arem
1514 1391 1552 1423 et
1576 1388 1687 1423 nivis
1711 1389 1905 1431 alpestris

71 1445 283 1481 terminum
299 1444 444 1479 humili
459 1444 605 1479 fruteto
621 1444 773 1488 vigent.
831 1444 987 1479 Summi
1004 1444 1134 1480 Asiae
1151 1448 1189 1479 et
1204 1443 1422 1479 Americae
1439 1444 1615 1487 tropicae
1630 1449 1785 1481 montes
1801 1455 1903 1483 suas

70 1504 185 1538 alunt
216 1502 397 1545 species,
428 1503 652 1536 nonnullae
672 1501 907 1536 Americam
938 1501 1206 1536 antarcticam
1236 1500 1433 1537 incolunt.
1490 1502 1777 1538 Emortuarum
1807 1513 1904 1548 spe-

70 1559 222 1595 cierum
240 1559 356 1594 flores
374 1561 412 1593 et
428 1557 585 1593 fructus
603 1568 623 1593 e
639 1558 785 1602 lignite
802 1558 979 1594 Silesiae
997 1558 1252 1593 effodiuntur.

212 1622 575 1674 &ualitates
615 1632 655 1664 et
689 1634 858 1667 usus.
926 1629 1072 1664 Cortex
1100 1629 1413 1664 Betulacearum
1444 1628 1690 1665 substantiis
1721 1630 1902 1666 adstrin-

69 1686 259 1731 gentibus
284 1690 320 1721 et
337 1686 490 1721 amaris
507 1688 650 1722 scatet.
695 1686 842 1721 Cortex
856 1686 1029 1720 Betulae
1045 1684 1186 1728 nigrae
1203 1693 1349 1728 sapore
1367 1686 1630 1728 peculiariter
1652 1687 1739 1722 acri
1763 1690 1900 1730 pollet.

66 1745 114 1781 In
139 1746 266 1779 strato
290 1742 482 1778 exteriori
499 1742 662 1778 corticis
679 1739 863 1776 Betulae
879 1740 1002 1775 albae
1017 1743 1064 1777 L.
1083 1740 1229 1785 [vulgo
1247 1741 1418 1789 Birke]‚
1451 1743 1546 1778 olim
1563 1743 1604 1778 in
1622 1743 1798 1780 osticin1s
1814 1755 1903 1780 ser-

67 1801 175 1845 vati,
207 1802 340 1835 oleum
368 1801 623 1838 balsameum
651 1799 822 1844 residet,
854 1798 1128 1835 substantiam
1158 1798 1388 1834 resinosam
1412 1800 1615 1843 propriam
1647 1799 1904 1843 (Betulinam

67 1866 107 1894 v.
133 1858 402 1900 camphoram
426 1856 673 1900 betulinam]
698 1856 926 1891 continens.
989 1852 1131 1889 Oleum
1148 1853 1378 1889 betulinmn
1403 1866 1436 1892 s.
1454 1858 1767 1892 moscom'ticum
1787 1858 1903 1902 (bal-

69 1923 211 1951 samus
238 1912 487 1957 lithavicus]
512 1916 777 1960 giaveolens,
810 1912 1010 1948 technicis
1035 1911 1078 1947 in
1111 1914 1394 1957 praeparando
1426 1913 1533 1949 corio
1562 1915 1721 1951 russico
1752 1913 1901 1960 (vulgo

67 1970 268 2015 Juchten]
299 1971 640 2018 commendatum,
680 1979 761 2005 non
792 1969 894 2005 tanti
927 1970 1037 2012 apud
1067 1970 1245 2005 medicos
1276 1970 1470 2007 nominis.
1530 1967 1687 2007 Saccus
1716 1970 1902 2007 Betulae

67 2026 216 2072 [vulgo
235 2026 599 2074 Birkenwasser],
630 2037 726 2063 vere
743 2037 764 2062 e
780 2026 998 2070 perforatis
1024 2027 1179 2062 truncis
1202 2026 1395 2076 effluens,
1426 2036 1602 2073 magnae
1627 2031 1736 2072 apud
1758 2033 1902 2073 gentes

66 2087 256 2121 boreales
279 2084 417 2121 laudis
442 2087 479 2119 et
503 2083 668 2127 plurimi
689 2094 811 2129 usus,
843 2087 991 2120 bonam
1013 2085 1359 2120 muco-sacchari
1384 2085 1541 2128 copiam
1557 2088 1698 2131 hahet,
1729 2087 1797 2122 cui
1813 2086 1901 2123 aci-

69 2143 163 2178 dum
185 2142 387 2178 aceticum
413 2141 585 2177 liberum
610 2145 649 2177 et
669 2143 782 2178 sales
804 2141 993 2176 nonnulli
1015 2141 1188 2177 admixti
1204 2145 1312 2178 sunt.
1373 2139 1637 2178 Sacclcccrum
1652 2142 1898 2190 betulinum,

69 2199 233 2235 acerino
257 2199 330 2234 vix
351 2198 724 2246 aequiparandum,
755 2198 799 2234 in
815 2198 1009 2234 America
1024 2197 1180 2235 boreali
1197 2209 1218 2234 e
1235 2196 1419 2233 Betulae
1435 2198 1585 2246 nigrae
1601 2201 1647 2237 L.
1666 2199 1760 2244 (red
1776 2201 1901 2238 Birch

67 2265 107 2293 v,
132 2258 252 2292 hlack
269 2254 413 2298 Birch)
439 2259 475 2291 et
494 2253 676 2289 Betulae
693 2254 835 2290 lentae
849 2257 895 2291 L.
915 2253 1072 2298 (sweet
1086 2255 1208 2291 Birch
1226 2265 1266 2292 v,
1285 2257 1440 2300 cherry
1454 2255 1602 2301 Birch]
1617 2267 1742 2294 succo
1759 2258 1901 2300 coqui-

69 2317 146 2349 tur.
217 2313 394 2357 Lignum
430 2313 698 2356 plurimarum
727 2315 837 2359 leve;
875 2313 1104 2349 flexuosum
1135 2310 1317 2348 Betulae
1347 2314 1497 2360 nigrae
1526 2316 1595 2361 L.,
1635 2315 1900 2352 durissimum

64 2368 306 2416 glutinosae
329 2371 410 2405 Sm.
469 2371 515 2405 In
533 2367 715 2405 Betulae
731 2365 1003 2415 Bhojpattra
1019 2371 1150 2406 Wall.
1168 2370 1412 2413 epiderniide
1427 2372 1517 2408 Indi
1535 2372 1777 2408 monticolae
1794 2371 1900 2408 scri-

66 2430 181 2473 bunt,
204 2426 473 2463 Hindostanis
490 2428 541 2462 ad
559 2428 795 2463 vestiendos
813 2430 945 2474 tubos,
971 2427 1158 2470 equibus
1177 2427 1331 2463 fumum
1347 2429 1539 2464 hauriunt
1558 2426 1704 2474 (vulgo
1715 2428 1897 2477 Hooka)‚

66 2484 251 2520 inservit.
285 2481 448 2518 Cortex·
465 2480 566 2518 Alm'
581 2484 725 2529 (Ei-le)
743 2487 791 2520 ob
810 2485 1030 2527 qualitates
1047 2480 1210 2520 amaras
1229 2488 1262 2520 et
1281 2486 1583 2530 atlstringentes
1599 2486 1695 2527 olim
1709 2486 1753 2529 in
1768 2485 1898 2530 ostici-

66 2540 132 2578 nis
147 2543 350 2580 servatus.
408 2540 528 2579 Folia
544 2544 582 2578 et
596 2541 758 2578 strobili
772 2542 913 2586 magni
931 2543 1040 2587 apud.
1056 2535 1253 2580 coriario}
1272 2545 1309 2579 et
1327 2542 1519 2581 tinctores
1535 2553 1650 2582 usus.

462 2691 634 2738 ordo
663 2691 988 2739 LXXXIX.
1062 2692 1497 2751 eupuliferae.

205 2794 432 2843 Arbores
468 2812 726 2858 procerae,
785 2803 973 2855 vastae,
1035 2810 1076 2844 v.
1103 2794 1323 2859 frutices
1358 2799 1688 2858 ramosissimi,
1750 2803 1892 2851 ramis

69 2867 268 2929 sparsiS‚
315 2866 660 2924 teretiusculis,
709 2868 963 2914 continuis·
1036 2869 1179 2916 Folia
1217 2868 1457 2933 plerisque
1489 2870 1694 2930 alterna,
1744 2875 1893 2921 omni·

66 2936 153 2983 bus
191 2937 444 3000 simplicia,
489 2938 824 3001 penninervia‚
875 2938 1087 3001 plurimis
1127 2938 1342 2998 dentata,
1390 2941 1594 3001 sinuata,
1650 2942 1809 2990 lobata
1845 2961 1889 2997 v.

70 3008 241 3066 incisa,
302 3009 603 3072 paucioribus
655 3010 981 3072 integerrima.
1069 3011 1294 3074 Ste'pulae
1344 3012 1630 3074 petiolareS‚
1692 3014 1889 3075 liberae,

68 3078 295 3126 caducae.
367 3081 540 3127 Flores
577 3081 770 3144 organis
808 3080 1078 3128 sexualibus
1119 3079 1369 3129 diclinibus
1408 3085 1613 3132 monoici
1644 3102 1690 3134 v.
1727 3085 1890 3136 dioici.

66 3151 239 3197 Flores
280 3152 594 3213 stamz'm'gerz'
633 3152 679 3198 in
727 3161 914 3199 amenta
962 3151 1226 3216 cylindrica
1273 3162 1352 3200 aut
1395 3155 1547 3202 rarius
1599 3155 1888 3219 subglobosa

69 3220 307 3284 dispositi,
354 3219 466 3268 nudi
503 3237 546 3269 v.
585 3222 759 3286 singuli
799 3223 922 3284 intra
961 3222 1198 3270 bracteam
1238 3226 1657 3287 squamaeformem
1696 3229 1888 3276 sessiles

13 3314 23 3318 -
66 3300 145 3338 aut
190 3290 477 3355 pedicellati.
565 3295 879 3356 Perz'gom'um
925 3293 1029 3341 aliis
1075 3295 1471 3357 squamaeforme‚
1519 3298 1888 3363 monophyllum,

67 3361 313 3410 indivisum
343 3379 387 3410 v.
418 3361 633 3422 bifidum,
674 3364 780 3410 aliis
813 3365 1149 3430 calyciforme,
1198 3365 1655 3429 quadri-sexfidum‚
1703 3369 1888 3418 laciniis

64 3433 278 3482 valvatis.
359 3434 582 3484 Stamina
617 3435 839 3500 simplici,
887 3435 1063 3501 duplici
1101 3452 1145 3485 v.
1184 3437 1360 3502 triplici
1398 3437 1612 3487 loborum
1650 3442 1887 3505 perigenii
