2147 3756
970 134 1085 184 415

125 316 240 370 lata,
278 311 425 358 libem
449 325 491 357 v.
518 309 620 356 basi
646 308 818 356 coalita
844 315 923 356 aut
955 312 1175 364 connata,
1210 318 1331 352 nunc
1362 304 1570 360 unicum,
1605 304 1943 361 excentricum,

122 385 318 448 primum
356 389 561 439 rectum,
614 378 783 427 deinde
823 380 958 443 apice
998 394 1083 425 suo
1122 384 1361 424 curvatum
1407 383 1455 422 ct
1499 374 1602 421 basi
1649 375 1944 437 applicatum,

127 471 228 501 cum
263 470 322 501 eo
355 466 689 499 concrescens.
754 451 996 498 Gemmula
1026 448 1189 506 unica,
1225 444 1283 493 ad
1316 454 1521 493 suturam
1552 445 1816 508 parietalis,
1850 462 1947 491 am·

127 526 373 588 phitropa‚
413 523 671 587 micropyle
704 538 892 585 supera.
969 521 1103 582 Style‘
1128 517 1424 575 terminales,
1457 516 1693 579 simplices
1726 532 1767 560 v.
1801 514 1943 561 trifidi

126 604 207 642 aut
251 593 517 652 tridentati,
581 594 628 639 in
674 593 828 639 multis
875 591 1100 655 germinis
1146 589 1420 636 curvatione
1460 586 1649 642 *demum
1695 585 1944 643 basilares,

125 664 358 713 interdum
398 665 525 712 nulli.
600 664 844 725 Stegmata
883 661 1127 724 simplicia.
1203 661 1410 706 Fructus
1445 657 1670 704 baccanis
1700 672 1745 702 v.
1779 654 1949 719 drupa-

126 753 262 801 ceus,
297 744 454 783 rectus
485 751 528 782 v.
562 734 817 791 lunulatus,
858 732 1269 793 subcompressus,
1309 729 1478 776 nucleo
1512 743 1710 791 rugoso,
1748 735 1948 790 utraque

125 808 248 855 facie
283 808 405 853 linea
436 805 772 868 hippocrepica
804 811 990 860 notato,
1037 802 1160 847 intus
1192 817 1218 847 a
1249 799 1348 846 basi
1383 815 1526 862 usque
1559 797 1759 846 medium
1799 795 1951 845 disse-

125 879 336 942 pimento
381 875 692 931 bilamellato,
742 890 768 920 e
813 872 1069 936 pericarpii
1115 869 1328 917 cruribus
1367 870 1581 916 connatis
1619 868 1948 932 proveniente,

125 945 375 995 instructo·
446 947 615 992 Semen
647 945 906 1001 inversum,
938 950 1119 989 rectum
1150 957 1192 988 v.
1227 941 1631 1003 hippocrepicum,
1665 940 1767 986 sinu
1798 937 1952 986 disse-

124 1018 318 1083 pimenti
344 1015 619 1079 incompleti
642 1015 766 1078 apici
791 1013 1004 1070 affixum,
1036 1013 1360 1075 integumento
1386 1009 1772 1066 membranaceo,
1802 1009 1950 1056 tenui.

124 1088 367 1138 Albumen
401 1103 589 1150 parcum
622 1095 702 1132 aut
732 1084 1010 1149 quandoque
1043 1082 1232 1132 nullum.
1297 1078 1508 1144 Embryo
1541 1097 1753 1143 magnuS,
1789 1080 1952 1127 homo-

128 1169 316 1222 tropus,
370 1157 738 1220 cotyledom'bns
782 1155 1060 1212 linearibus,
1115 1153 1377 1216 applicitis,
1436 1168 1479 1199 v.
1527 1151 1658 1210 latis,
1718 1150 1951 1209 foliaeeis‚

131 1242 272 1294 saepe
306 1227 576 1292 disjunctis,
609 1227 834 1276 radicula
864 1226 1020 1283 brevi,
1054 1224 1110 1272 ab
1143 1224 1239 1270 hilo
1272 1231 1471 1271 remota.

889 1344 923 1380 G
941 1351 966 1378 E
985 1351 1016 1379 N
1036 1350 1061 1378 E
1081 1350 1110 1377 R
1130 1349 1179 1377 A.

237 1433 361 1468 4684.
390 1429 586 1476 Agdestis
604 1426 713 1473 Moy.
730 1432 768 1465 et
785 1425 895 1466 Sess.
1180 1420 1304 1478 4138}
1332 1412 1696 1463 ehondodenurum
1712 1419 1824 1458 Rm'z
1840 1425 1879 1459 et

238 1497 362 1531 4685.
393 1494 712 1538 Menispermum
734 1491 939 1542 Tournef.
1822 1477 1928 1516 Pcw.

451 1543 665 1593 'Trilophus
682 1544 812 1583 Fisch.

238 1609 361 1643 4686.
391 1608 576 1644 Pselium
592 1604 724 1642 Lour.

240 1673 362 1710 4687.
394 1671 598 1710 Cocculus
616 1667 706 1706 DC.

450 1727 578 1760 Abuta
593 1724 709 1759 Auhl.

449 1776 693 1817 Baumgartia
710 1771 868 1807 Miinch.

448 1823 730 1867 Androphylax
751 1821 902 1857 Wemll.

450 1873 712 1907 XVendlandia
734 1871 868 1907 Willd.

450 1924 627 1957 Braunea
649 1921 783 1956 JVin.

455 1972 655 2007 Tiliacora
676 1972 819 2006 Colebr.

449 2022 717 2067 Epibaterium
731 2021 861 2055 Forse.

450 2073 624 2106 Limacia
639 2071 756 2105 Lour.

447 2122 480 2156 F
485 2122 660 2155 ibraurea
676 2121 794 2155 Lour.

450 2170 653 2215 Nephroia
669 2170 788 2204 Lozcr.

452 2219 622 2254 Cebatha
641 2218 773 2254 Forsk.

450 2270 604 2304 Leaeba
618 2268 751 2303 Forslc.

452 2319 658 2353 Columbra
677 2319 882 2365 Commerq.

451 2368 655 2412 Bagalatta
670 2369 795 2404 Roxb.

1182 1539 1307 1576 4688.
1337 1538 1590 1574 Meniscosta
1605 1533 1744 1574 Blum.

1182 1598 1306 1632 4689.
1337 1596 1461 1631 Jo‘des
1481 1592 1618 1630 Blzcm.

1185 1654 1309 1689 4690.
1340 1652 1666 1695 Spirospermum
1688 1644 1900 1685 Thomu-s.

1186 1710 1310 1746 4691.
1342 1707 1516 1744 'Prichoa
1536 1705 1654 1742 Pers.

1403 1755 1582 1789 Batscliia
1601 1753 1751 1789 Thunb.

1396 1798 1522 1832 Abuta
1537 1797 1667 1842 Pupp.

1184 1851 1309 1887 4692.
1339 1849 1573 1887 Coscinium
1593 1846 1755 1885 celebr.

1395 1898 1574 1932 Pei-ciria
1588 1897 1717 1931 Lindl.

1182 1951 1308 1987 4693.
1336 1949 1554 1985 Anamirta
1576 1945 1737 1984 Colebr.

1185 2007 1311 2044 4694.
1342 2005 1567 2047 Stephania
1583 2001 1716 2040 Lonr.

1401 2053 1548 2098 Clypea
1567 2053 1696 2087 Blum.

1188 2106 1313 2143 4695.
1345 2104 1624 2147 Cissampelos
1642 2100 1766 2139 Lina.

1401 2153 1578 2198 Caapeba
1592 2151 1723 2187 Plum.

1281 2245 1295 2261 ’ὅ
1311 2236 1750 2274 PHYTOCRENEAE.

1188 2306 1313 2342 4697.
1343 2304 1576 2340 Natsiatum
1591 2299 1776 2337 Hamilt.

1188 2363 1313 2398 4698.
1343 2362 1599 2405 Phytocrene
1621 2356 1753 2395 li'all.

272 2455 598 2502 Affinitas·
656 2461 982 2506 Menispermeae
1017 2461 1114 2498 hinc
1142 2460 1404 2507 Anonaeeis,
1442 2458 1648 2496 mediante
1677 2454 1886 2506 Bocagea,
1926 2461 1964 2494 et

134 2519 392 2556 Berberideis
409 2521 640 2566 proximae,
654 2515 781 2573 ‘illinc
797 2518 1029 2556 arctissime
1047 2519 1100 2554 ad
1114 2518 1458 2564 Lardizabaleas,
1495 2515 1738 2559 quibuscum
1755 2515 1850 2550 olim
1867 2523 1964 2550 con-

131 2577 321 2621 junctae,
353 2578 571 2622 accedun13
602 2575 836 2619 embryonis
851 2575 1148 2622 magnitudine,
1182 2577 1221 2611 et
1236 2582 1363 2618 parca
1377 2572 1600 2609 albuminis
1619 2570 1844 2614 quantitate
1857 2571 1966 2606 inter

135 2633 299 2668 ordines
309 2628 601 2676 Polycarpicos
617 2634 845 2669 anomalae.
874 2632 1083 2669 Remotior
1097 2635 1160 2669 est
1174 2626 1824 2674 cumPhytolaccaceisaffinitas;
1848 2627 1966 2664 simi-

133 2688 262 2725 litudo
274 2692 312 2724 et
328 2691 543 2725 columnae
557 2688 781 2725 stamineae
797 2691 1003 2726 structura
1018 2698 1111 2725 cum
1127 2685 1791 2732 quibusdamEuphorbiacearum,
1810 2684 1965 2720 Cucur-

134 2746 388 2782 bitacearum
410 2749 447 2781 et
465 2745 837 2781 Sterculiacearum
860 2744 1099 2790 generibus,
1130 2743 1259 2780 nullis
1281 2742 1484 2787 gravioris
1506 2740 1698 2786 ponderIS
1716 2739 1964 2775 characteri-
2018 2734 2028 2738 “

134 2805 213 2838 bus
237 2802 506 2838 confirmatur.
566 2799 905 2853 Phytocreneas‚
934 2799 1292 2845 imperfectissime
1314 2798 1525 2844 cognitas,
1554 2800 1630 2833 hoc
1654 2799 1741 2832 loco
1758 2795 1904 2832 iterum
1919 2794 1967 2832 in‘

136 2859 580 2902 Menispermacearum
595 2861 712 2895 calce
725 2861 971 2905 collocatas,
1002 2857 1233 2894 Urticaceis
1248 2855 1578 2892 adnumerandas
1596 2861 1688 2889 esse
1703 2851 1928 2896 perhibent.

280 2922 712 2979 Geographia.
767 2932 878 2966 Inter
900 2927 1077 2972 tropicos
1089 2927 1219 2965 Asiae
1240 2930 1281 2962 et
1294 2925 1509 2962 Americae
1532 2921 1860 2966 frequentissime
1874 2930 1965 2957 cre-

137 2990 321 3033 scentes,
352 2987 529 3022 rariores
552 2987 597 3022 in
617 2986 789 3023 Africae
810 2994 882 3022 ora
902 2989 1075 3028 utraque
1097 2986 1338 3020 nascuntur.
1394 2980 1678 3018 Paucissimae
1693 2979 1755 3016 cis
1772 2987 1964 3015 cancrum

139 3042 346 3088 habitant3
376 3043 499 3079 unica
521 3044 566 3078 in
588 3043 760 3091 sibula,
793 3051 952 3086 paucae
965 3042 1009 3078 in
1024 3040 1221 3088 Japonia‚
1251 3040 1477 3076 nonnullae
1491 3038 1536 3074 in
1550 3035 1769 3073 Americae
1784 3034 1964 3071 borealis

140 3099 376 3142 regionibus
406 3099 722 3136 australioribus
751 3103 937 3143 repertae
966 3098 1144 3134 fuerunt.
1206 3093 1410 3131 Coa-ulus
1438 3099 1479 3132 et
1504 3089 1784 3138 Cae‘ssampelos
1812 3098 1967 3136 genera

142 3154 371 3197 specierum
392 3154 600 3193 ditissima
620 3159 731 3194 sunt.
789 3155 959 3194 Cocculi
980 3155 1026 3193 in
1039 3154 1169 3193 veteri
1185 3147 1300 3202 orbe,
1331 3150 1578 3197 Cissampeli
1593 3149 1639 3187 in
1652 3157 1758 3186 novo
1773 3147 1964 3193 frequen-

143 3209 302 3248 tissime
317 3210 478 3248 vivunt.

283 3274 645 3328 unalitates
670 3282 711 3319 et
730 3286 901 3323 usus.
959 3280 1338 3326 Menispermaceae
1359 3278 1467 3316 inter
1480 3279 1645 3323 plantas
1662 3276 1868 3313 salutares
1883 3282 1967 3311 non

141 3337 269 3374 infimi
299 3338 477 3374 nominis
499 3342 607 3377 sunt..
664 3340 767 3375 Nam
790 3339 833 3375 in
856 3339 1125 3383 plurimarum
1148 3337 1357 3374 radicibus
1379 3333 1613 3372 substantia
1635 3339 1777 3368 amara
1799 3330 1964 3377 residet,

143 3395 211 3434 cui
233 3394 423 3431 virtutem
438 3395 584 3430 debent
600 3395 764 3440 organis
780 3395 1019 3440 digestionis
1035 3399 1074 3432 et
1089 3392 1407 3431 adsimilationis
1422 3388 1752 3428 sensibilioribus
1765 3386 1965 3431 imprimis

147 3450 342 3498 amicam,
373 3451 467 3487 dum
496 3450 540 3487 in
570 3450 669 3488 aliis
696 3451 898 3495 principio
929 3460 1068 3488 amaro
1091 3451 1238 3487 acredo
1263 3447 1439 3494 accedit,
1471 3455 1576 3490 quae
1597 3444 1802 3488 potentius
1823 3452 1966 3479 renum

94 3503 102 3548 j
146 3507 412 3546 secretionem
434 3507 619 3546 stimulat
632 3510 672 3546 et
686 3507 831 3546 urinae
844 3506 999 3547 fluxum
1014 3506 1190 3554 expedit.
1248 3507 1294 3544 In
1308 3504 1497 3550 ‚partibus
1511 3499 1726 3541 herbaceis
1737 3502 1967 3546 plerarum-
