2147 3756
959 138 1076 188 415

122 315 325 380 phyllum
358 330 398 360 v.
433 313 584 360 rarius
614 327 700 375 per
731 325 976 359 excessum
1014 304 1473 372 tri-tetrapltyllum,
1521 304 1650 354 disco
1690 309 1843 366 tenui,
1890 309 1934 356 in

118 387 333 433 laminam
379 383 557 448 calycis
601 381 759 428 tubum
808 382 931 427 intus
982 380 1263 427 vestientem
1319 379 1590 425 continuato
1645 387 1934 436 coronatum,

118 454 430 502 uniloculare.
517 454 920 516 Trophospcrmz'a
951 450 1276 507 nerviformia,
1316 447 1564 512 parietalia
1594 463 1638 494 v.
1671 449 1936 510 semiseptis

119 525 310 583 adnata,
359 525 570 587 gemina,
619 532 698 570 aut
736 523 971 569 rarissime
1002 522 1093 567 tria
1124 537 1169 567 v.
1202 528 1416 583 quatuor.
1494 518 1765 565 Gcmmztlac
1796 519 1939 564 raris-

117 598 232 643 sime
264 611 466 658 paucae,
499 595 808 651 uniseriatae,
841 592 1114 655 plerumque
1146 590 1398 653 plurimae,
1430 588 1782 653 pluriseriatae,
1816 603 1937 633 sem-

116 682 204 730 per
250 665 593 723 horizontales,
653 665 700 711 in
746 663 965 710 funiculis
1010 660 1231 708 brevibus
1278 669 1552 723 anatropae.
1655 659 1789 720 Style·
1829 656 1938 716 (luo,

117 737 357 784 rarissime
402 745 501 783 tres
546 752 589 782 v.
636 743 857 798 quatuor,
920 748 1041 778 nunc
1088 730 1319 790 distincti,
1372 746 1492 777 nune
1538 727 1596 776 ad
1641 727 1843 776 medium
1890 744 1935 775 v.

117 824 263 870 usquc
296 806 355 854 ad
386 808 567 870 apicem
601 805 814 860 connati3
859 804 1091 864 stigmata
1131 801 1430 858 brevissima,
1476 799 1723 857 distincta,
1769 797 1941 862 simpli-

119 879 218 935 cia,
266 878 446 924 obtusa.
520 879 682 922 Bacca
723 874 900 937 calycis
939 871 1079 918 limbo
1123 870 1360 918 eniarcitlo
1401 879 1627 917 coronata
1671 886 1716 917 v.
1757 869 1941 916 umbili-

121 957 248 1014 cata,
304 945 629 1002 unilocularis,
684 944 904 1007 pulposa,
959 942 1257 1005 polysperma
1303 959 1346 988 v.
1393 941 1558 988 abortu
1605 940 1940 1004 oligosperma.

119 1019 314 1065 Semina
351 1016 688 1073 horizontalia,
736 1013 982 1076 angulata,
1031 1013 1076 1058 in
1116 1011 1293 1075 rhaphe
1334 1012 1484 1059 libera
1522 1011 1773 1067 reclinata,
1820 1011 1944 1057 inte*-

118 1096 340 1151 gumcuto
366 1087 639 1134 accessorio
666 1085 956 1148 gelatinoso,
989 1083 1182 1146 proprio
1209 1091 1474 1140 mustaceo,
1506 1080 1726 1128 albumini
1750 1079 1940 1128 adnato.

117 1159 328 1220 Embryo
361 1159 408 1203 in
438 1157 539 1204 basi
571 1156 816 1204 albuminis
849 1154 993 1201 dense
1027 1154 1214 1200 carnosi
1247 1169 1290 1200 v.
1328 1152 1581 1199 subeornei
1615 1151 1941 1214 orthotropus3

121 1228 491 1292 cotyledone'bas
534 1226 850 1283 brevissimis,
907 1223 1107 1282 obtusis,
1160 1225 1386 1272 radicula
1430 1223 1597 1282 hilum,
1644 1222 1869 1270 chalazae
1915 1237 1944 1269 e

120 1298 350 1348 diametro
386 1299 646 1365 oppositum
679 1298 965 1360 attingente,
1001 1295 1280 1358 centrifuga·

892 1428 1179 1464 GENERA.

230 1516 354 1552 4682,
383 1513 512 1550 Ribes
527 1510 650 1550 Lina,
1385 1500 1687 1545 Botryocarpum
1706 1498 1853 1546 Spach.

444 1562 691 1597 Grossularia
713 1559 904 1608 Your-nef.
1387 1549 1664 1594 Cerophyllum
1682 1550 1827 1596 Spaclt.

290 1624 329 1645 α.
356 1607 604 1646 Grossularia
618 1609 789 1645 A.R2·clz.
1385 1600 1502 1633 Rebis
1521 1599 1668 1643 sparh.

289 1661 323 1695 b.
349 1661 505 1697 Ribesia
522 1660 601 1695 DC,
1232 1659 1266 1684 c.
1290 1647 1529 1694 Sipliocalyx
1545 1648 1622 1683 DC.

439 1711 559 1745 Rihes
578 1708 750 1743 A‚Rich,
1389 1698 1673 1742 Symphocalyx
1690 1698 1878 1733 Berland.

441 1760 720 1803 Botrycarpum
735 1756 781 1791 A.
793 1755 905 1792 Rich.
1389 1747 1673 1789 Chrysohotrya
1690 1745 1836 1791 Spach.

446 1808 677 1851 Calobotrya
696 1805 842 1851 Spach.
1176 1805 1300 1842 4683.
1330 1805 1541 1842 Robsonia
1555 1800 1762 1840 Berland.

444 1858 652 1892 Coreosma
668 1855 815 1902 Spach.

260 1943 583 1992 Affinitas.
619 1951 815 1988 Proxima
829 1947 1166 1986 Ribesiacearum
1183 1957 1275 1985 cum
1290 1946 1599 1992 saxifragaceis
1611 1975 1621 1995 ,
1643 1945 1842 1992 imprimis
1858 1957 1950 1987 cum

122 2009 421 2057 Escallonieis,
454 2013 514 2045 est
532 2008 728 2055 affinitas3
760 2007 967 2044 distinctio
984 2016 1036 2042 ex
1050 2006 1214 2053 habitu,
1244 2005 1377 2041 fructu
1392 2014 1584 2051 carnoso,
1617 2004 1842 2041 seminibus
1858 2008 1952 2049 pul-

121 2067 237 2110 posis
261 2069 300 2102 et
322 2068 540 2109 embryone
563 2065 729 2102 minimo
752 2064 892 2100 facilis
916 2067 989 2100 est.
1048 2064 1088 2100 A
1112 2062 1288 2108 Caeteis‚
1325 2062 1566 2105 quibuscum
1589 2061 1686 2096 olim
1709 2064 1756 2097 ob
1775 2061 1950 2098 fructum

122 2125 338 2159 baccatum
360 2123 555 2168 inferum,
587 2125 624 2158 et
652 2120 970 2165 tropliospermia
993 2119 1214 2163 parietalia
1237 2118 1452 2164 confusae,
1483 2117 1648 2161 longius
1672 2119 1865 2154 recedunt
1881 2119 1951 2154 de-

121 2179 233 2215 finito
263 2179 437 2222 partium
468 2179 577 2215 floris
608 2188 774 2214 numero
807 2181 845 2213 et
876 2176 1099 2212 albuminis
1130 2175 1260 2219 eopia.
1319 2177 1469 2211 Subest
1490 2174 1689 2217 quaedam
1713 2175 1837 2210 etiam
1860 2183 1951 2212 cum

122 2236 400 2284 Berberideis,
431 2235 658 2271 innumeris
675 2239 809 2270 tamen
825 2232 1134 2269 characteribus
1151 2231 1500 2278 distinctissimis,
1532 2231 1739 2275 analogia.

265 2299 695 2357 Geographia.
753 2304 935 2341 Maximo
953 2312 1119 2339 numero
1135 2302 1179 2338 in
1194 2283 1505 2346 hemisphaefae
1519 2301 1699 2337 borealis
1716 2301 1952 2346 regionibus

124 2364 358 2406 temperatis
381 2368 420 2399 et
441 2361 743 2408 frigidiusculis
765 2364 1027 2407 generantur,
1059 2359 1103 2395 in
1118 2359 1310 2395 America
1334 2358 1489 2395 boreali
1505 2361 1544 2394 et
1559 2357 1796 2394 subarctica
1810 2359 1953 2402 impri-

124 2419 202 2455 mis
219 2420 423 2462 copiosae.
482 2419 706 2455 Pauciores
722 2417 956 2455 Amerinam
972 2415 1167 2460 tropicam
1184 2415 1487 2462 ingrediuntur,
1517 2415 1562 2450 in
1577 2414 1681 2450 Novi
1698 2415 1952 2452 continentis

123 2475 259 2512 littore
281 2477 450 2518 pacifico
474 2485 500 2512 a
524 2474 751 2512 California
773 2475 826 2510 ad
850 2477 1072 2509 extremam
1088 2472 1303 2508 Chilenum
1326 2480 1457 2518 oram,
1488 2481 1561 2515 per
1575 2470 1778 2514 regionem
1793 2476 1954 2508 monta-

123 2540 220 2568 nam
251 2532 461 2567 elatiorem
492 2533 718 2574 dispersae.
776 2531 923 2566 Plures
952 2529 997 2565 in
1025 2528 1167 2564 Indiae
1195 2528 1375 2564 borealis
1405 2527 1609 2564 montibus
1632 2527 1878 2576 nascuntur3
1908 2529 1953 2565 in

126 2587 293 2634 Africa,
326 2591 366 2624 et
380 2587 604 2624 universim
620 2588 663 2623 in
680 2587 807 2623 veteri
822 2586 1053 2622 continente
1069 2588 1182 2620 trans
1197 2584 1479 2628 capricornum
1496 2584 1672 2619 nondum
1688 2583 1817 2620 visae.

268 2651 634 2704 Qualitates
659 2660 698 2693 et
719 2661 890 2697 usus,
947 2655 1204 2692 Ribesiorum
1227 2658 1364 2697 partes
1387 2656 1614 2690 herbaceae
1636 2653 1952 2691 resinosa-aro-

127 2714 322 2760 maticae3
352 2715 512 2750 fructus
541 2716 915 2759 muco-sacellam,
947 2711 1127 2748 admixto
1158 2710 1275 2746 acido
1302 2710 1448 2746 malico
1479 2713 1516 2754 et
1547 2709 1709 2756 citrico,
1741 2711 1886 2753 quibus
1909 2711 1954 2747 in

126 2771 338 2808 nonnullis
361 2770 618 2807 substantiae
641 2769 940 2813 adstringentes
964 2769 1182 2812 accedunt,
1214 2766 1352 2801 referti
1377 2768 1485 2802 sunt.
1545 2765 1712 2809 Species
1735 2771 1953 2819 nostrates,

128 2827 439 2872 frigidiusculos
469 2828 657 2870 Europae
686 2826 844 2862 mediae
868 2830 907 2861 et
929 2823 1109 2860 borealis
1131 2826 1286 2858 montes
1311 2825 1465 2868 tenent,
1496 2821 1703 2859 veteribus
1727 2821 1953 2869 ignoratae,

128 2884 248 2920 hodie
272 2884 427 2927 passim
450 2883 492 2919 in
516 2883 642 2919 hortis
666 2887 802 2928 satae,
833 2880 941 2917 inter
964 2880 1189 2916 familiares
1212 2878 1366 2914 homini
1382 2880 1547 2922 plantas
1563 2878 1749 2921 vulgaris
1765 2878 1954 2924 notitiae;

129 2939 292 2976 nomine
308 2942 419 2976 Rheo
444 2940 606 2976 cuidam
628 2939 791 2975 acidulo
815 2941 864 2973 ab
889 2936 1099 2973 Arabibus
1121 2935 1268 2980 indito,
1301 2936 1352 2972 ad
1376 2935 1524 2978 stirpes
1541 2934 1718 2980 patrias,
1749 2933 1954 2971 fructuum
1992 2954 1995 2958 ·

130 3003 278 3038 sapore
295 3000 508 3042 acceptaS,
531 3004 557 3032 a
571 2995 774 3032 botanicis
791 2995 927 3037 inepte
943 2995 1153 3029 translato.
1202 2988 1318 3026 Ribz’s
1336 2989 1644 3026 Graes-alariae
1661 2991 1792 3038 Linn.,
1815 2992 1956 3028 multi—

133 3051 275 3087 formis
297 3052 402 3087 inter
423 3055 633 3088 hortenses
651 3051 831 3096 fruticis,
862 3053 1015 3086 baccae
1035 3046 1228 3085 (Baccae
1247 3045 1554 3083 Grossulariae
1572 3057 1609 3083 v.
1633 3044 1750 3081 Uvae
1766 3047 1952 3094 crispae)

132 3111 249 3152 grate
271 3108 633 3154 acidulo-dulces,
665 3108 750 3144 rari
772 3106 891 3143 hodie
914 3106 1022 3149 apud.
1043 3104 1222 3142 medicos
1245 3114 1347 3141 usus
1363 3107 1477 3151 sunt,
1509 3103 1836 3146 frequentissime
1850 3105 1957 3141 inter

131 3163 310 3200 bellaria
324 3164 575 3207 comsumpti.
632 3165 769 3202 Etiam
784 3163 928 3199 vinum
942 3172 995 3198 ex
1008 3161 1074 3198 his
1089 3163 1244 3197 metunt
1259 3164 1296 3197 et
1313 3165 1474 3197 acetum
1489 3163 1650 3204 parant.
1701 3157 1821 3195 Rv'bis
1836 3159 1960 3196 rubro·

132 3219 255 3256 Linn.
278 3222 433 3255 baccae
456 3218 627 3263 largiori
653 3219 764 3257 acidi
785 3218 927 3256 malici
949 3222 990 3254 et
1011 3217 1145 3254 citrici
1167 3226 1258 3254 cum
1279 3217 1632 3253 muco-sacellam
1653 3215 1825 3252 miscela
1846 3225 1957 3254 com-

134 3276 396 3323 mendantur,
428 3275 553 3312 etiam
584 3275 737 3312 formae
767 3277 910 3312 decore
939 3273 1178 3311 invitantes.
1238 3273 1480 3309 Gratissimo
1509 3275 1587 3308 hae
1616 3274 1774 3308 aestate
1797 3273 1958 3310 fervida.
1984 3298 1988 3300 v

135 3330 346 3376 refrigerio
357 3358 367 3378 ,
385 3340 455 3374 pro
473 3331 657 3368 hibernis
672 3331 850 3367 lautitiis
865 3333 905 3366 et
920 3338 1134 3376 aegrorum
1150 3329 1298 3366 solatio
1313 3331 1510 3365 saccharo
1526 3328 1712 3364 conditae
1727 3333 1957 3367 servantur.

133 3388 169 3424 E
195 3396 318 3424 succo
342 3397 538 3431 expresso
559 3387 699 3423 vinum
722 3391 761 3423 et
783 3390 942 3422 acetum
956 3389 1165 3431 parantur.
1223 3382 1344 3420 Rae‘bz‘s
1359 3383 1603 3431 m‘grz‘Linn.
1629 3383 1731 3420 folia
1746 3388 1785 3420 et
1799 3385 1959 3424 fructus

136 3445 256 3480 odore
279 3443 483 3487 peculiari
506 3443 689 3480 resinoso
712 3445 930 3479 excellunt.
987 3444 1163 3478 Istorum
1179 3443 1378 3483 quaedam
1393 3443 1442 3476 ob
1458 3440 1647 3476 virtutem
1665 3439 1903 3478 uiareticam
1920 3448 1959 3479 et

136 3499 395 3538 sudorificam
418 3499 533 3538 fama
552 3503 627 3538 est.
682 3498 834 3538 Baccis
858 3498 912 3537 ad
933 3498 1174 3545 corrigenda
1192 3496 1434 3544 digestionis
1454 3495 1556 3534 vitia
1575 3496 1765 3534 nonnulli
1779 3501 1960 3537 utuntur.
