2147 3756
233 263 440 302 emeticam
462 262 648 309 largitur.
707 262 880 302 corticist
903 263 1093 300 virtutem
1118 263 1356 300 diureticam
1379 261 1562 302 laudant.
1632 261 1875 312 Gazophyla·
1900 262 2040 302 Taca-

231 319 416 355 mulmca
438 322 605 368 Witffl„
635 321 677 357 in
695 321 1014 364 Madagascaria
1036 325 1074 356 et
1088 320 1290 356 Borbonia
1312 321 1513 368 indigeni,
1546 330 1695 359 succus
1717 320 2044 358 Tacamahacae

230 376 480 412 basy-bom‘cae
495 379 655 413 nomine
672 378 713 413 in
737 376 1009 412 mercimoniis
1033 379 1108 420 est.
1170 374 1461 422 Calophyllmn
1487 377 1715 426 turq'ferum
1731 380 1876 427 Pupp„
1907 379 1950 415 in
1966 380 2045 416 Pe-

232 434 351 470 ruvia
379 433 634 481 indigenum,
665 443 686 468 e
717 436 858 467 trunco
888 441 1056 468 succum
1085 432 1254 479 flavum,
1292 433 1561 482 glutinosum,
1598 435 1759 476 tandem
1789 436 1834 471 in
1863 435 2044 472 resinam

229 490 475 533 pellucidam
503 491 739 525 mutandum
769 488 912 524 stillat.
970 490 1087 524 Hunc
1118 489 1260 531 prunis
1283 489 1476 532 injectum
1499 492 1803 527 suaveolentem
1826 491 2044 536 indigenae

228 556 299 590 pro
324 550 440 582 thure
467 544 699 587 (Incienso)
726 544 931 580 adhibent.
993 542 1285 590 Calophyllum
1305 544 1470 580 Calaba
1492 547 1606 590 Jacq.
1636 546 1680 583 in
1701 548 1875 584 Antillis
1903 548 2043 584 nasci-

230 607 315 647 tur,
347 612 468 639 succo
499 603 748 647 virescente,
781 600 955 637 balsami
979 601 1185 644 Copaivae
1215 602 1404 638 virtutem
1434 605 1682 648 aemulante,
1714 603 1879 640 foetum.
1936 606 2044 640 Ista-

228 668 317 694 rum
345 662 494 694 baccae
517 658 862 693 acidulo-dulces
885 659 1046 704 edules,
1079 658 1237 694 semina
1258 661 1345 693 oleo
1371 659 1511 703 pingui
1531 659 1620 694 miti
1643 663 1812 699 scatent.
1870 657 2044 695 Mesuae

227 716 443 760 speciosae
460 714 594 750 Chois.
612 716 650 747 et
667 711 1026 762 Mesuaeferreue
1043 714 1176 761 Linn.,
1199 714 1242 750 in
1254 715 1373 750 India
1388 715 1671 761 crescentium,
1699 715 1856 760 lignum
1873 726 1894 752 e
1910 716 2045 753 duris-

227 772 344 808 simis
363 774 434 807 est.
492 770 628 805 Radix
645 773 682 806 et.
697 773 836 805 cortex
849 771 969 806 odore
986 771 1226 818 aromatico,
1259 780 1405 814 sapore
1427 780 1586 819 amaro,
1619 771 1766 807 virtute
1789 775 2046 819 veliementer

228 828 446 863 sudorifica
473 828 634 871 gaudet.
692 825 812 862 Folia
830 835 1021 864 mucosa.
1080 827 1257 867 Fructus
1287 828 1492 870 immaturi
1522 828 1916 877 aromatico-acrem,
1946 838 2044 873 pur-

226 888 384 929 gantes.

364 943 474 976 Inter
495 938 730 976 fructiferas
750 940 939 976 Indorum
962 941 1127 978 arbores
1153 937 1386 975 Garcz’m'ae
1410 938 1723 987 Mangostcmae
1747 941 1867 978 Linn.
1890 940 2045 988 primas

226 995 419 1033 tribuunt.
498 998 658 1032 Baccae
687 999 762 1032 sub
793 997 943 1032 cortice
973 1004 1111 1032 amaro
1142 1001 1181 1033 et
1210 997 1489 1042 adstringente
1520 1007 1683 1036 carnem
1710 993 2044 1047 {sapidissimam,

224 1053 269 1089 in
301 1053 464 1089 climate
492 1052 643 1089 morbis
672 1052 835 1089 biliosis
865 1053 1028 1089 favente
1055 1054 1388 1100 saluberrimam,
1421 1057 1646 1090 concelant.
1704 1056 1771 1091 Ex
1799 1054 2044 1091 americanls

224 1107 461 1145 Mammeae
484 1108 737 1153 [Mammey)
763 1109 918 1145 fructus
934 1112 1231 1153 Mangostanae
1247 1110 1542 1153 praestantiam
1559 1111 1827 1147 aemulantur.
1884 1112 1918 1147 E
1935 1110 2047 1146 flori-

222 1168 299 1202 bus
315 1167 512 1209 liquorem
528 1165 784 1202 stillaticium
803 1163 920 1209 (Eazc
937 1163 985 1199 de
1004 1159 1187 1212 Cre'ole),
1215 1167 1446 1213 digestioni,
1473 1169 1549 1204 sub
1566 1167 1698 1202 sidere
1715 1166 1872 1203 fervido
1889 1170 1928 1202 et
1943 1175 2046 1203 aura

222 1227 414 1266 perpetuo
436 1225 626 1259 humente
647 1222 943 1269 labefactatae,
975 1224 1285 1269 conducentem,
1315 1225 1476 1266 parant.
1532 1224 1692 1260 Succus
1714 1233 1736 1260 e
1759 1223 1930 1260 ramulis
1953 1224 2045 1260 stil-

223 1281 317 1316 lans
333 1283 471 1324 potum
486 1280 675 1315 vinosum
695 1276 873 1322 (Mome'n
888 1289 923 1315 s.
947 1276 1108 1325 Toddy)
1126 1279 1311 1323 largitur.
1353 1322 1359 1326 ς

364 1333 671 1370 Pentadesmae
693 1333 953 1380 baem-accae
974 1336 1099 1382 Don.,
1129 1335 1287 1372 arboris
1310 1334 1352 1370 in
1370 1335 1509 1372 Sierra
1522 1336 1661 1372 Leona
1677 1335 1921 1384 crescentis,
1942 1338 2044 1373 bac-

224 1401 299 1429 cae
321 1402 444 1429 succo
460 1392 564 1429 flavo
575 1418 585 1438 ,
602 1392 739 1434 butyri
755 1391 798 1426 in
813 1393 974 1427 modum
990 1391 1125 1434 spisso
1142 1395 1318 1439 scatent,
1336 1392 1506 1436 Nigritis
1523 1393 1768 1441 gratissimi,
1785 1393 2043 1440 NovaccoliS,

221 1453 269 1486 ob
287 1451 462 1497 odorem,
495 1458 613 1492 quem
627 1447 788 1491 spirant
804 1448 1167 1497 terebintliaceum,
1197 1449 1334 1493 minus
1351 1448 1524 1493 accepti.

360 1555 385 1582 '¹‘
401 1555 845 1602 canellaceae.
903 1554 1098 1598 Arbores
1129 1559 1447 1609 americanae‚
1467 1560 1596 1612 foliis
1620 1557 1815 1599 alternis
1840 1571 1880 1599 v.
1903 1569 2043 1612 oppo-

221 1613 345 1666 sitis,
373 1613 710 1668 integerrimis,
741 1613 1050 1668 exstipulatis.
1108 1615 1259 1654 Flores
1282 1614 1502 1668 perfecti,
1531 1615 1794 1669 regulares,
1825 1616 2042 1656 termina-

222 1672 292 1712 les
324 1685 365 1710 v.
395 1672 549 1715 rarius
582 1670 816 1712 axillares.
887 1673 1029 1721 Calyx
1059 1670 1518 1726 tri-pentaphylluS,
1565 1670 1743 1717 foliolis
1775 1671 2045 1723 imbricatis,

221 1728 383 1768 liberis
409 1742 449 1769 v.
473 1728 699 1768 connatis.
762 1730 958 1766 Corollae
980 1728 1136 1781 petala
1161 1728 1385 1782 quinque,
1416 1728 1714 1781 receptaculo
1739 1728 1934 1780 inserta,
1966 1740 2042 1768 aee

222 1785 474 1831 stivatione
515 1783 830 1830 convolutiva.
903 1785 1101 1832 Stamina
1136 1785 1296 1833 decem
1328 1798 1366 1830 v,
1397 1785 1619 1838 plurima,
1663 1783 1971 1838 monadelpha
2001 1797 2042 1823 v.

220 1838 557 1895 pentadelpha,
586 1842 781 1884 antheus
798 1841 1049 1893 extrorsis,
1080 1840 1436 1892 bilocularibus‚
1468 1841 1668 1882 adnatis.
1727 1842 1908 1883 Germen
1930 1840 2041 1887 libee

219 1910 347 1948 rum,
378 1896 912 1951 tri-quinqueloculare3
942 1900 1159 1949 gemmulis
1175 1897 1406 1951 pluribus,
1436 1899 1607 1952 angulo
1628 1897 1826 1944 centrali
1842 1899 2045 1940 insertis.

195 1998 206 2008 s
222 1955 368 2005 Seylus
392 1954 608 2007 simplex3
640 1958 849 2006 stigmata
871 1954 1135 1995 loculorum
1158 1967 1365 1995 numero.
1423 1957 1575 1994 Bacca
1597 1949 2043 2009 quinquelocularis,

220 2025 262 2051 v.
288 2012 455 2051 abortu
479 2010 882 2051 uni—bilocularis.
943 2012 1114 2050 Semina
1135 2013 1181 2051 in
1209 2011 1377 2052 loculis
1410 2023 1561 2064 pauca
1587 2024 1627 2053 v.
1663 2011 1885 2052 solitaria.
1942 2012 2042 2049 Em-

221 2070 324 2117 bryo
344 2069 469 2108 intra
484 2067 698 2118 albumen
715 2079 961 2118 carnosum
978 2072 1198 2109 curvatus
1210 2099 1222 2122 ,
1253 2070 1565 2123 cotyledom’bus
1582 2067 1815 2121 connatis,
1842 2070 2043 2117 radicula

223 2137 407 2178 supera,
1789 2151 1791 2153 -

995 2200 1279 2238 GENERA·

334 2285 460 2321 5456.
490 2282 683 2321 Platonia
699 2279 834 2319 Mart.
1264 2285 1390 2327 5457,
1419 2281 1754 2322 ca=1e11aP.Br.

548 2334 725 2390 Pamin-y
740 2346 880 2381 Abbev.
1476 2334 1726 2367 Winterania
1739 2332 1853 2368 Limz.

1265 2385 1390 2422 5458.
1420 2384 1798 2422 Cinnamodendron
1815 2380 1942 2420 Endl.

359 2461 763 2509 Observatio.
820 2467 1093 2505 canellaceae
1116 2466 1347 2505 Clusiaceis
1377 2467 1596 2505 manifeste
1625 2468 1790 2519 affines,
1821 2471 2039 2513 embryone

219 2526 476 2561 albuminoso
493 2530 660 2562 curvato
678 2525 1016 2562 distinctissimae
1033 2528 1141 2561 sunt.

365 2580 566 2617 Canellae
589 2580 712 2616 albae
735 2586 885 2629 Mum,
914 2582 1071 2617 arboris
1090 2582 1133 2617 in
1147 2581 1319 2618 Antillis
1335 2581 1574 2630 indigenae,
1606 2585 1746 2618 cortex
1764 2580 1937 2624 (cortex
1956 2579 2040 2616 Ca-

219 2636 357 2672 mellae
381 2637 524 2684 albae,
560 2637 712 2674 Castus
737 2636 869 2673 dulcis
891 2648 930 2674 v.
956 2637 1212 2683 corticea-ns,
1249 2637 1412 2673 Cortex·
1436 2636 1714 2674 W'z‘ntermms
1737 2637 1926 2684 spurius)
1952 2640 2040 2678 oleo

219 2695 553 2745 aethereo-acri,
585 2696 818 2733 substantia
841 2694 1071 2730 extractiva
1092 2703 1253 2742 amara,
1286 2697 1325 2730 et
1347 2694 1536 2732 sacchari
1559 2695 1743 2738 mannati
1765 2695 1905 2738 specie
1931 2692 2040 2736 (Ca-

219 2749 398 2795 nmina)
424 2752 585 2799 gravis,
618 2752 807 2788 remediis
825 2751 1325 2800 tonico—stimulantibus,
1357 2751 1576 2795 digestioni
1591 2751 1827 2796 faventibus
1844 2751 2039 2787 adnume-

219 2812 353 2856 ratur,
386 2809 586 2854 rarissimi
603 2808 645 2844 in
661 2811 828 2852 Europa
839 2817 955 2844 usus.

363 2862 717 2907 Cv‘nnmnodendrz‘
741 2863 947 2903 (willaris
971 2866 1113 2910 Endl.,
1143 2864 1187 2908 in
1203 2863 1384 2899 Brasilia
1407 2862 1651 2911 crescentis,
1683 2865 1822 2899 cortex
1853 2860 2038 2907 (Cortex

220 2918 465 2966 Paratudn,
494 2919 631 2955 Casca
645 2931 723 2966 per
741 2919 858 2964 tudo)
886 2921 1081 2956 Canellae
1096 2920 1286 2956 virtutem
1303 2922 1543 2955 aemulatur.

358 2975 566 3011 Plan-onia
581 2977 756 3023 insignis
773 2980 891 3012 Mart.
911 2976 1290 3023 [Pacoury-uva),
1313 2975 1459 3019 ingens
1477 2979 1614 3022 arbor,
1646 2975 1841 3019 insylvis,
1859 2975 2039 3021 aborigi-

218 3033 341 3070 nibus
372 3034 576 3070 Brasiliae
606 3033 849 3080 Paraensis,
889 3032 1179 3076 Maragnensis
1212 3035 1249 3068 et
1281 3031 1492 3068 ciarensis
1522 3032 1691 3069 habitat.
1749 3033 1910 3068 Baccae
1943 3041 2038 3068 caro

218 3090 553 3126 acidulo-dulcis
577 3099 666 3126 cum
696 3090 891 3126 saccharo
921 3089 1084 3134 condita
1110 3087 1216 3126 inter
1245 3087 1417 3132 delicias
1446 3089 1637 3138 liabetur,
1667 3089 1870 3135 seminum
1901 3088 2037 3134 nuclei

221 3155 367 3190 sapore
391 3147 651 3198 amygdalino
675 3147 830 3183 edules.

571 3268 742 3314 ordo
774 3265 1032 3314 GGXlX·
1105 3265 1685 3323 Mar-cgraviaceae.

362 3367 585 3418 Arbores
620 3386 662 3419 v.
687 3368 905 3432 frutices
941 3369 1170 3426 inermes,
1222 3369 1373 3416 erecti
1411 3385 1456 3418 v.
1492 3366 1774 3415 scandentes
1819 3375 1868 3414 et
1911 3363 2037 3413 radi-

224 3447 399 3490 cantes.
465 3442 607 3489 Folia
631 3442 836 3499 alterna,
868 3439 1120 3503 simplicia,
1152 3439 1379 3503 petiolata
1401 3457 1443 3489 v.
1469 3439 1680 3497 sessifia,
1714 3437 2034 3502 penninervia‚
