2147 3756
988 132 1100 183 441

873 209 1222 218 m—..m—-ss

134 307 327 354 diffusus,
358 303 582 344 communis
605 303 774 343 notitiae
795 308 871 343 est.
928 306 977 343 In
998 304 1232 343 borealibus
1256 304 1519 355 campestris,
1552 310 1736 344 austrum
1750 313 1897 346 versus
1913 306 1956 345 ln

134 368 292 400 montes
315 363 520 408 ascendit,
551 363 594 398 in
620 363 916 406 campestribus
937 361 1085 399 Italiae
1106 363 1194 399 vita
1217 363 1425 399 saeculari
1446 371 1735 405 nonnunquam
1764 365 1808 400 in
1838 368 1958 401 arbo-

133 430 217 456 rem
234 419 338 456 satis
354 419 617 463 spectabilem
633 419 883 456 increscens.
927 420 1045 454 Hunc
1060 420 1367 463 Oxyacantliam
1383 429 1416 455 s.
1434 419 1594 461 spinam
1610 419 1768 455 acidam
1784 425 1957 466 veteres,

133 475 392 519 Amyrberim
415 476 660 523 Arabistae,
690 485 765 511 nos
788 475 995 511 Berberim
1026 475 1210 512 dicimus.
1268 476 1392 512 Liber
1420 475 1573 521 radicis
1604 479 1644 511 et
1668 475 1800 511 trunci
1825 485 1959 514 ramo-

132 541 301 575 rumque
330 533 565 568 substantia
588 532 724 569 flavo-
740 531 920 575 tingente
942 534 1090 577 scate13
1120 531 1253 568 virtus
1277 541 1478 579 purgans,
1512 541 1615 567 usus
1639 531 1735 567 olim
1758 534 1804 567 ob
1831 532 1959 569 flave-

133 589 267 626 dinem
282 588 324 622 in
341 587 466 623 ictero
485 598 564 624 non
581 588 831 631 infrequens.
890 589 1049 623 Baccae
1064 587 1304 624 immaturae
1322 587 1825 635 amaro-adstringentes,
1853 590 1956 625 bene

132 650 318 681 maturae
334 645 492 681 acidae.
551 646 726 680 Istarum
742 653 908 680 succum
925 644 1047 679 etiam
1070 643 1177 679 inter
1197 645 1424 680 medicinas
1448 645 1592 681 acidas
1612 643 1886 692 admittimus,
1916 653 1956 681 v.

131 710 222 737 cum
249 703 447 737 saccharo
472 700 641 736 mixtum
666 700 772 737 inter
795 700 983 736 lautitias
1006 701 1220 735 habemus.
1278 701 1431 736 Rarius
1454 700 1585 737 nativi
1615 700 1806 737 sacchari
1837 704 1960 737 aucta

131 756 174 794 in
198 767 277 792 uno
309 767 349 793 v.
374 759 501 792 altero
534 756 680 792 frutice
710 756 831 799 copia
860 759 1010 791 baccae
1040 756 1297 802 dulcescunt3
1328 759 1403 792 has
1432 758 1630 793 miraculo
1662 766 1689 793 a
1715 756 1959 793 vecordibus

132 814 296 860 haberi,
327 817 365 848 et
381 816 507 848 multo
524 815 700 848 clamore
716 811 969 847 circumferri
985 820 1114 853 nuper
1129 811 1309 848 risimus.
1368 813 1487 849 Folia
1501 813 1740 861 nascentia,
1764 821 1855 849 cum
1879 813 1960 848 ali-

130 879 212 912 qua
229 869 491 905 adstrictione
508 868 646 913 acida,
665 868 707 903 in
722 867 981 911 gingivarum
995 867 1171 903 laxitate
1186 869 1445 905 masticanda
1461 871 1809 916 commendantur,
1835 869 1960 905 etiam

128 925 172 963 in
191 924 382 961 acetariis
399 925 568 960 edenda.
611 923 745 959 Etiam
764 923 975 970 sinenses,
1005 923 1168 960 indicae
1188 927 1225 959 et
1240 925 1696 962 boreali—americanae
1713 933 1960 969 congeneres

132 981 335 1018 fructuum
354 988 499 1022 sapore
516 981 860 1016 commendantur.
919 980 1148 1017 Baccarum
1172 979 1555 1018 acidulo-dulcium
1575 980 1772 1016 Berberis
1789 981 1959 1025 (Maho-

127 1033 544 1084 niae)fasc2'cnlaris
561 1035 682 1072 Sims.
700 1036 881 1072 maxima
896 1036 939 1071 in
955 1036 1148 1073 America
1163 1037 1322 1072 boreali
1344 1039 1439 1073 laus
1464 1042 1539 1074 est.
1595 1038 1782 1074 Siccatas
1804 1038 1847 1074 in
1870 1039 1959 1077 solo

126 1094 347 1130 Berberum
370 1095 518 1128 baccas
547 1091 639 1128 Indi
668 1093 913 1128 monticolae
941 1092 986 1129 in
1013 1092 1224 1137 planitiem
1253 1094 1481 1143 devehunt,
1511 1097 1556 1132 ut
1583 1094 1642 1134 ibi
1671 1094 1959 1132 aestuantibus

127 1152 242 1195 grate
258 1148 569 1192 refrigerantem
585 1149 721 1185 cibum
736 1150 928 1185 vendant.

267 1220 333 1255 Ex
362 1218 789 1255 austro-americanis
820 1217 1022 1254 Berberis
1041 1215 1201 1266 glauca
1222 1220 1328 1267 Dc„
1359 1217 1562 1257 Berberis
1585 1219 1788 1271 ile‘cae'folz'a
1810 1220 1959 1268 Forst..

123 1272 326 1314 Berberis
346 1278 581 1310 tomentosa
598 1276 703 1311 Ruiz
721 1279 759 1311 et
775 1277 876 1312 Pav.
895 1279 933 1313 et
944 1273 1143 1311 Berberis
1158 1275 1277 1311 lutea
1292 1277 1400 1313 Ruiz
1417 1279 1580 1325 etPav.‚
1609 1288 1661 1316 ex
1678 1278 1828 1314 indicis
1846 1275 1959 1312 Ber—

124 1331 238 1370 beris
262 1331 457 1367 (tristata
471 1332 554 1368 DC.
572 1329 760 1375 (cultra)
785 1332 939 1375 plantis
961 1333 1662 1380 flavo·tinctoriis[adnumerantur.
1720 1333 1841 1377 Ligni
1862 1333 1960 1372 flavi

126 1388 395 1435 [Dar-huid)
418 1397 569 1431 magna
590 1390 697 1431 apud
730 1389 949 1425 orientales
980 1392 1155 1433 populos
1186 1389 1298 1426 fama
1329 1395 1404 1426 est.
1461 1392 1508 1426 In
1539 1391 1658 1427 India
1689 1401 1711 1427 e
1742 1391 1959 1433 quibusvis

123 1445 313 1484 Berberis
338 1445 575 1491 speciebus,
608 1444 809 1488 imprimis
833 1450 968 1481 tamen
994 1456 1015 1482 e
1032 1444 1213 1480 Berberi
1225 1443 1357 1493 Lycio
1375 1449 1495 1490 Royl.
1516 1444 1795 1491 (Kushmul),
1828 1447 1957 1487 coctis

122 1502 249 1547 ligni,
282 1512 304 1538 e
327 1501 465 1537 radice
487 1510 527 1537 v.
545 1504 687 1536 trunco
710 1505 782 1537 aut
798 1502 924 1537 ramis
941 1503 1165 1548 desumpti,
1197 1503 1240 1538 in
1256 1512 1358 1539 vase
1377 1503 1503 1539 ferreo
1520 1513 1611 1539 cum
1627 1513 1735 1548 aqua
1751 1503 1956 1552 frustulis,

123 1562 352 1596 extractum
377 1556 525 1602 (vulgo
541 1557 695 1602 Rusot]
721 1562 910 1604 paratur,
943 1555 1069 1604 Lycii
1088 1556 1220 1593 indici
1241 1560 1404 1597 nomine
1421 1561 1508 1602 jam
1531 1569 1558 1596 a
1580 1560 1822 1597 Dioscoride
1847 1569 1957 1596 com-

123 1619 406 1661 memoratum,
438 1615 543 1656 quod
566 1616 732 1649 externe
755 1614 982 1650 adhibitum
1011 1614 1180 1650 maximi
1210 1615 1254 1650 in
1277 1615 1549 1658 Oplrthalmiis
1580 1616 1780 1652 sanandis
1809 1616 1957 1654 medici
1985 1631 1987 1633 ·

121 1671 343 1716 indigenae
359 1674 524 1717 putant,
555 1679 631 1705 nec
647 1673 868 1716 spernunt,
900 1671 1070 1706 crudum
1084 1680 1123 1706 v.
1141 1680 1232 1707 cum
1249 1671 1430 1707 alumine
1446 1675 1485 1708 et
1500 1671 1591 1718 opio
1606 1672 1793 1721 mistum,
1817 1672 1886 1719 qui
1904 1681 1957 1710 ex

122 1729 288 1771 Europa
305 1728 512 1774 advenae,
545 1728 768 1762 salutarem
783 1725 827 1761 in
842 1725 909 1762 his
926 1725 1044 1762 terris
1062 1731 1190 1763 artem
1206 1731 1412 1764 exercent.

264 1794 475 1843 Epimediz'
494 1793 632 1841 alpini
653 1795 773 1831 Linn.
796 1795 993 1831 nostratis
1015 1795 1119 1832 folia
1141 1797 1434 1844 amaricantia,
1468 1797 1564 1835 olim
1593 1797 1701 1835 inter
1728 1797 1958 1836 medicinas

121 1853 383 1897 sudorificas,
417 1853 776 1896 alexipharmacas
799 1856 1026 1888 numerata.
1083 1854 1197 1889 Idem
1220 1853 1374 1890 radicis
1398 1851 1623 1891 Leontices
1642 1854 1956 1901 [caulophyni]

125 1907 413 1947 thale'ctroidz’s
436 1910 557 1945 Linn.
582 1907 711 1952 (Blue
732 1909 917 1953 Cohosh]
943 1909 1051 1952 apud
1074 1910 1528 1950 Boreati-americanos
1550 1921 1656 1951 usus
1686 1916 1762 1950 est.
1819 1913 1956 1957 Hujus

122 1969 245 2007 etiam
263 1967 421 2004 semina
435 1966 542 2003 inter
557 1965 715 2003 Coffeae
731 1966 991 2002 succedanea
1006 1970 1284 2003 numerantur.

263 2034 516 2085 Bongardz‘a
536 2033 852 2082 Chrysogonum
870 2036 914 2080 C.
929 2037 980 2072 A.
999 2039 1108 2080 MeY.
1134 2030 1452 2084 (χρυσόγονον)
1475 2038 1519 2075 in
1542 2038 1718 2076 Graecia
1739 2041 1778 2076 et
1793 2037 1956 2078 Oriente

121 2095 326 2142 nascitur3
367 2094 470 2130 folia
503 2097 617 2138 grate
646 2093 831 2140 acidula,
869 2093 1086 2129 Rumicum
1115 2095 1387 2131 Acetosarum
1414 2096 1458 2131 in
1487 2098 1649 2132 modum
1678 2097 1955 2134 comeduntur.

120 2153 318 2189 Radicem
356 2156 513 2187 veteres
554 2149 812 2186 alexiteriam
842 2150 1070 2192 perhibent.
1143 2147 1346 2185 Leontz'ce
1375 2149 1728 2199 Leontopetalum
1758 2153 1880 2189 Linn.
1909 2153 1955 2190 in

120 2209 283 2252 Europa
306 2207 554 2245 australiore
574 2210 613 2243 et
631 2206 794 2242 Oriente
817 2206 977 2243 crescit.
1036 2207 1174 2242 Radix
1202 2201 1380 2253 (Aseap)
1406 2210 1450 2246 in
1473 2212 1685 2253 pulverem
1709 2210 1806 2246 trita
1827 2211 1957 2246 Hale-

119 2265 318 2310 pensibus
333 2264 504 2308 saponis
519 2267 608 2300 loco
625 2266 706 2307 est,
739 2272 816 2307 quo
830 2271 1012 2308 pannum
1027 2262 1215 2301 fricando
1229 2266 1388 2303 lavant.
1444 2266 1486 2305 A
1500 2266 1646 2304 Turcis
1669 2266 1957 2306 correctorium

121 2322 214 2367 opii
230 2321 353 2358 nimis
369 2320 508 2358 hausti
523 2320 769 2364 perhibetur.

261 2388 566 2438 Podopkyllum
591 2389 804 2437 penatum
832 2389 954 2428 Linn.
986 2390 1260 2441 [Mandrake,
1290 2393 1575 2440 May-apple]
1598 2393 1642 2432 in
1663 2392 1856 2433 America
1879 2395 1956 2435 bo-

122 2447 226 2485 reali
243 2458 453 2495 crescens,
486 2448 755 2491 qualitatibus
770 2447 1008 2484 affinitatem
1023 2458 1115 2485 cum
1129 2449 1387 2486 Berberideis
1411 2451 1640 2499 confirmat,
1672 2455 1712 2487 et
1735 2451 1954 2488 transitum

122 2506 172 2543 ad
190 2506 506 2548 Papaveracea‘s
529 2513 611 2540 non
633 2504 852 2540 inficiatur.
910 2505 1049 2541 Herba
1072 2505 1180 2542 enim
1202 2506 1413 2543 narcotica
1435 2510 1498 2543 est
1520 2511 1559 2543 et
1582 2510 1805 2554 venenata;
1835 2508 1956 2544 radix

122 2561 356 2599 substantia
379 2561 586 2607 resinosa,
619 2561 848 2596 extractiva
869 2568 1013 2597 amara
1036 2566 1075 2598 et
1096 2571 1308 2607 gummosa
1329 2563 1459 2611 foeta,
1491 2564 1695 2600 tutissime
1711 2565 1885 2608 Jalapae
1908 2564 1954 2600 in

120 2619 283 2655 modum
312 2621 481 2663 purgat,
521 2621 673 2654 baccae
703 2617 970 2654 acidissimae
1002 2615 1149 2663 (vulgo
1188 2616 1548 2664 Wae'ld-Lemons)
1579 2620 1778 2669 innocue,
1818 2620 1856 2657 si
1887 2619 1955 2657 cui

120 2676 307 2723 placent,
350 2674 627 2712 comeduntur.
699 2673 815 2712 Nihil
857 2675 907 2711 de
949 2676 1116 2721 plantae
1159 2675 1421 2714 americanae
1464 2677 1762 2723 congeneribus
1803 2676 1954 2715 indicis

121 2731 313 2775 comperi.
1100 2742 1103 2745 ·

451 2908 750 2970 classis
767 2896 1082 2971 xllm.
1165 2875 1621 2974 RhoeadeS.

258 3042 541 3120 Herbae,
591 3044 771 3103 rarius
803 3044 1091 3123 frutices
1132 3066 1185 3106 v.
1231 3044 1517 3122 arbores,
1567 3065 1732 3106 succo
1778 3044 1983 3125 aqueo'

119 3146 171 3187 v.
202 3127 472 3205 colorato,
501 3128 693 3207 solies
721 3129 947 3188 alternis
977 3136 1070 3189 aut
1097 3131 1376 3192 rarissime
1407 3132 1695 3211 oppositis,
1734 3132 1950 3210 simpli-

120 3212 276 3271 cibus
307 3230 352 3271 v.
383 3214 653 3272 interdum
683 3216 1024 3294 compositis,
1067 3216 1294 3276 floribus
1322 3218 1639 3297 plerumque
1668 3216 1949 3297 perfectiS,

119 3297 336 3375 calyce
387 3298 591 3374 libero,
652 3299 910 3376 deciduo,
976 3301 1255 3361 corollae
1303 3303 1654 3381 receptaculo
1704 3301 1947 3362 insertae

117 3383 314 3461 petalis
343 3382 530 3442 liberis
538 3426 558 3459 ,
598 3383 912 3462 aequa-libus
941 3405 993 3444 v.
1022 3385 1293 3446 interdum
1322 3387 1740 3464 asymmetricis,
1776 3388 1946 3446 raris-

118 3468 250 3528 sime
286 3468 481 3547 nulliS,
523 3467 898 3531 staminibus
933 3470 1229 3545 indefinitis
1266 3493 1316 3532 v.
1356 3471 1619 3550 definitis,
1665 3471 1856 3556 liberis
1893 3491 1942 3531 v-
