2147 3756
1088 112 1204 161 516

381 282 728 323 SUBTRIBUS
743 284 832 321 III.
886 282 1278 323 REEVESIEAE.
1343 283 1481 322 Tabas
1513 282 1767 324 stamineus
1800 282 2061 336 elongatus,

283 352 355 382 em
364 353 422 382 en
444 340 704 397 stipitatum
721 338 941 379 ambiens.
971 336 1198 378 An'tlcerae
1214 339 1373 394 plures
1390 351 1534 395 supra
1548 339 1646 380 tubi
1663 341 1837 395 apicem
1855 340 2056 381 sessiles.

1014 456 1047 490 G
1063 429 1089 490 a
1107 463 1138 491 Ν
1156 463 1181 491 Ε
1198 465 1228 493 a
1245 464 1294 492 A.

353 541 478 578 5317.
508 538 688 583 Ungeria
706 534 870 575 Schott.
888 541 927 575 et
944 534 1068 576 Endl.
1289 541 1413 578 5318.
1443 539 1646 577 Reevesia
1663 537 1801 577 Lz'ndl.

387 661 610 701 TRIBUS
637 663 728 700 HI.
775 661 1210 701 STERCULIEAE.
1268 662 1419 701 Flores
1451 661 1616 702 abortu
1649 661 1858 702 diclines.
1921 664 2063 713 Calyz·

242 719 488 773 regularis.
551 719 724 756 Corolla
748 716 892 758 nulla.
954 720 1200 757 Filanzenta
1222 717 1265 757 in
1286 718 1470 768 tubum,
1502 719 1795 772 carpophoro
1815 724 2063 758 connatum

243 775 428 817 coalita.
484 772 712 815 Antherae
727 774 832 827 plus
848 776 996 815 minus
1022 774 1231 826 perfecte
1254 774 1561 824 biloculares‚
1592 773 2065 829 curvato-oblongae,

244 832 303 873 ad
320 831 540 885 germinis
557 829 757 883 perfecti
774 845 813 872 v.
833 830 991 871 effoeti
1009 832 1170 872 basim.
1229 831 1417 871 Fructus
1437 843 1459 870 e
1479 831 1696 882 carpidiis
1714 831 2062 883 follicuiaribus

244 887 568 936 verticillatis,
599 891 764 928 sutura
790 887 991 928 ventrali
1016 885 1359 928 dehiscentibus
1377 901 1416 927 V.
1435 885 1844 927 indehiscentibus.
1875 910 1930 915 —-—-
1986 887 2067 927 Ar-

242 944 380 986 bores
397 943 526 986 foliis
543 943 832 999 simplicibus
849 958 889 986 v.
906 944 1142 999 palmatini
1160 945 1453 998 compositis,
1484 944 1646 999 petioli
1664 945 1792 997 apice
1812 943 2005 984 tumido.

1010 1063 1296 1099 GENERA.

356 1146 482 1183 5319.
513 1143 718 1187 Heritiera
731 1138 825 1203 Ait:
901 1194 920 1203 ..
1501 1135 1721 1213 2T‡·iplliacc{
1735 1135 1868 1212 ‘11011153
1942 1181 1958 1212 e

568 1193 841 1277 33132353333
859 1193 999 1278 ἕςῑζζῗ·
1349 1232 1381 1256 0.
1406 1191 1708 1256 poec;.1{‚.}3:ss?;
1726 1189 1937 1255 293205723
1951 1200 2065 1255 aaz.

1351 1267 1388 1299 d.
1418 1264 1696 1306 Brachychiton
1717 1263 1863 1298 schott.
1883 1266 1921 1296 et
1936 1264 2050 1297 Endl.

1349 1318 1380 1340 e.
1407 1306 1694 1349 Trichosiphon
1713 1305 1862 1341 sclzotc.
1882 1310 1922 1340 et
1935 1305 2050 1342 Endl.

1339 1349 1386 1394 f.
1413 1349 1507 1383 Cola
1525 1348 1650 1382 Bmzh.
1910 1363 1912 1365 >

1503 1392 1709 1424 Lunanaea
1726 1389 1802 1425 DC.

571 1285 805 1319 Samandura
820 1287 935 1320 Lina.

568 1327 719 1361 Atunus
736 1328 910 1372 Rumplz.

358 1379 484 1415 5320.
516 1378 720 1413 Sterculia
736 1376 858 1415 Lz’tm.

415 1440 453 1462 a.
479 1425 676 1461 Sterculia
694 1425 843 1460 Schotc.
863 1429 904 1460 et
918 1426 1034 1461 Emit.
1502 1434 1707 1467 Edwardia
1723 1431 1825 1479 Raf,

458 1490 500 1514 α.
525 1475 772 1509 Eusterculia
791 1474 940 1510 Schoct.
963 1479 1001 1510 et
1016 1475 1130 1510 Endl.
1504 1476 1624 1516 Bichy
1641 1476 1794 1509 Lutum.

573 1516 679 1551 Clom
687 1529 805 1561 panus
823 1518 997 1564 Rumph.
1499 1518 1723 1552 toulhamia
1738 1516 1874 1552 Forslc.

460 1562 501 1605 β.
527 1559 631 1594 Ivira
647 1559 762 1594 Anbl.
1345 1571 1385 1604 g.
1412 1559 1623 1595 cavallium
1643 1559 1790 1595 Schotc.
1811 1564 1849 1594 et
1864 1560 1977 1595 Endl.

574 1601 796 1655 'ljheodoria
812 1602 928 1638 Necte.
1347 1609 1384 1643 h.
1410 1609 1661 1653 Hildegardia
1680 1608 1828 1644 Schott.
1848 1613 1888 1643 et
1903 1610 2018 1645 Endl.

576 1644 769 1696 (³¹¹¹c'ffiPa
785 1646 909 1679 pre-53·
1355 1658 1381 1693 i.
1409 1658 1613 1704 Scaphium
1632 1658 1780 1694 Sclzott.
1800 1662 1838 1693 et
1852 1659 1967 1694 Endl.

569 1687 757 1721 Μῆίῗθᾶῑίἃ
773 1689 831 1722 FI.
848 1688 977 1723 Flam·
1351 1707 1375 1741 k
1411 1698 1609 1742 Firmiand
1621 1708 1796 1742 Marsa-⁰¹]

423 1730 458 1765 b.
483 1729 737 1765 Southwellia
756 1729 896 1765 salisb.
1378 1734 1385 1741 “
1634 1759 1642 1767 .
1723 1757 1729 1765 .
1752 1733 1771 1753 0
1798 1734 1805 1742 ’

573 1771 787 1814 Balanghas
805 1774 940 1808 gurm³
1360 1758 1385 1791 l.
1412 1757 1665 1802 Erythropsis
1682 1758 1809 1792 Lmdl.

576 1815 755 1850 Cavalam
771 1815 945 1861 Rumplz,
1296 1809 1419 1845 5321.
1451 1810 1673 1854 Pterygota
1689 1806 1850 1846 seleon.
1869 1810 1906 1846 et
1923 1805 2049 1845 Endl.

360 1915 686 1962 Affinitafl.
744 1924 848 1960 Ordo
877 1922 983 1960 inter
1009 1924 1248 1959 Malvaceas
1280 1923 1317 1958 et
1346 1921 1660 1958 Biittneriaceas
1688 1922 1863 1970 medius,
1895 1920 2073 1960 diversis

253 1977 513 2024 singularum
542 1981 717 2015 tribuum
747 1990 837 2016 cum
866 1981 932 2017 his
956 1980 1171 2016 affinitatis
1193 1980 1409 2026 gradibus,
1441 1982 1479 2014 et
1500 1980 1613 2014 vario
1638 1978 1884 2015 discrimine.
1945 1977 2074 2014 Bom-

254 2034 412 2071 baceae
435 2037 539 2072 inter
561 2039 638 2072 has
661 2037 892 2072 arctissime
916 2038 969 2073 ad
992 2039 1232 2072 Malvaceas
1257 2037 1477 2082 accedunt,
1510 2045 1535 2071 a
1560 2036 1707 2078 quibus
1731 2044 1881 2080 genera
1897 2035 2075 2078 plurima

253 2087 369 2129 foliis
384 2092 596 2136 palmatim
612 2093 850 2136 compositis
867 2093 981 2129 facili
997 2093 1158 2136 negotio
1177 2093 1501 2137 distinguuntur,
1534 2092 1816 2134 simplicifolia
1834 2092 1990 2128 fructus
2008 2092 2076 2128 sa-

252 2149 370 2186 brica
393 2154 432 2185 et
451 2149 636 2184 vantheris
660 2149 1006 2185 discriminantur.
1064 2149 1270 2184 Remotior
1291 2151 1353 2184 est
1378 2158 1468 2183 cum
1495 2148 1824 2195 Cochlospermo,
1856 2158 2002 2192 genere
2025 2151 2073 2185 ob

255 2208 442 2249 calycem
457 2205 714 2241 imbricatum
730 2205 1091 2241 Ternstro'miaceis
1109 2205 1313 2248 adscripto
1325 2231 1335 2251 ,
1360 2205 1630 2240 necessitudo.
1681 2201 1954 2238 Helie-fereae
1970 2205 2075 2241 inter

256 2260 519 2297 Bombaceas
536 2265 575 2298 et
585 2259 845 2296 Sterculieas
861 2263 1020 2297 omnino
1036 2262 1195 2298 mediae
1211 2264 1325 2307 sunt,
1345 2264 1421 2296 hae
1436 2260 1733 2296 Bu'ttneriaceis
1749 2260 1859 2296 veris
1876 2264 1914 2296 et
1928 2261 2077 2301 Lasioi

255 2319 405 2363 petalis
442 2318 597 2355 arctius
634 2319 1028 2368 appropinquantur,
1066 2318 1209 2355 habitu
1238 2321 1278 2354 et
1307 2320 1568 2354 antherarum
1599 2317 1758 2354 fabrica
1787 2316 1984 2354 facillime
2013 2317 2077 2354 di-

255 2377 528 2421 gnoscendae.

400 2453 829 2513 Geographia.
889 2461 1192 2498 Sterculiaceae
1212 2458 1288 2496 vix
1309 2469 1391 2497 non
1414 2469 1552 2497 omnes
1567 2458 1672 2495 inter
1687 2457 1861 2503 tropicos
1876 2458 2076 2506 habitant,

257 2518 523 2563 paucissimis
555 2524 668 2556 trans
698 2518 982 2561 capricornum
1011 2518 1055 2554 in
1084 2520 1241 2553 Novam
1269 2518 1553 2563 Hollandiam,
1583 2517 1824 2559 insulasque
1855 2515 1950 2552 huic
1980 2525 2078 2552 con-

259 2575 406 2612 tinenti
432 2576 589 2612 adsitas
612 2575 896 2619 evagantibus.
955 2575 1121 2617 Species
1144 2574 1310 2617 aequali
1332 2573 1414 2610 fere
1439 2575 1555 2609 modo
1578 2583 1649 2616 per
1663 2575 1819 2609 Novum
1837 2578 1874 2609 et
1888 2573 2077 2610 Veterem

258 2634 395 2669 orbem
412 2632 654 2669 distributae
669 2635 777 2669 sunt.
829 2632 1084 2668 Bombaceae
1101 2634 1137 2666 et
1154 2631 1407 2666 Helictereae
1422 2630 1675 2673 frequentius
1691 2630 1733 2664 in
1749 2629 1944 2665 America
1958 2628 2078 2665 habi-

259 2691 361 2725 tant.
419 2689 670 2724 Sterculieae
701 2687 907 2732 copiosius
937 2687 981 2723 in
1001 2688 1141 2724 Veteri
1163 2690 1256 2723 orbe
1284 2690 1529 2733 nascuntur,
1560 2686 1603 2721 in
1626 2685 1773 2721 Africa
1795 2688 1929 2721 tamen
1950 2687 2078 2721 multo

259 2754 382 2788 quam
412 2745 455 2781 in
477 2745 584 2782 Asia
613 2745 803 2781 rariores.
859 2746 893 2780 Ε
917 2744 1152 2790 generibus,
1185 2740 1517 2786 quemadmodum
1545 2752 1654 2778 nunc
1677 2741 2076 2789 circumscribuntur,

260 2802 462 2844 quaedam
484 2802 573 2838 suis
595 2800 896 2838 continentibus
912 2800 1095 2845 propria,
1128 2800 1213 2836 alia
1230 2810 1300 2843 per
1314 2800 1458 2837 Asiam
1479 2802 1516 2835 et
1531 2798 1784 2843 Americam‚
1813 2797 1991 2839 plurima
2006 2807 2078 2841 per

261 2857 449 2902 regiones
473 2857 651 2901 tropicas
675 2858 887 2901 utriusque
909 2857 1017 2893 orbis
1042 2857 1272 2892 distributa.
1331 2858 1441 2891 Inter
1455 2857 1723 2900 Bombaceas‚
1756 2861 1858 2896 quas
1874 2853 1980 2889 inter
1997 2856 2079 2889 tro-

261 2913 378 2959 picos
417 2914 581 2957 penitus
614 2913 800 2949 inclusas
836 2915 1079 2949 monendum
1110 2916 1191 2958 est,
1230 2911 1375 2948 Africa
1403 2920 1534 2954 genus
1571 2910 1755 2954 unicum,
1802 2913 2076 2956 monotypum‚

262 2971 550 3007 Adansoniam
571 2969 668 3015 alit,
700 2969 932 3013 dignatione
954 2969 1015 3005 ita
1038 2978 1161 3010 super
1182 2968 1339 3009 reliqua
1355 2967 1558 3013 eminens,
1589 2970 1633 3001 ut
1649 2966 1775 3002 fertili
1790 2965 2079 3003 miraculorum

263 3027 487 3062 continenti
510 3034 593 3062 una
614 3025 874 3068 pulcherrimi
897 3025 1050 3060 ordinis
1074 3025 1199 3066 stirps
1221 3024 1408 3059 sufficere
1428 3023 1627 3059 videatur.
1686 3022 1871 3058 Maxima
1886 3031 2078 3066 generum

262 3091 363 3128 pars
391 3083 606 3119 Americae
636 3081 801 3124 propria
830 3083 911 3127 est,
942 3081 1044 3116 solis
1072 3080 1333 3118 Eriodendris
1363 3089 1435 3122 per
1462 3084 1675 3121 utrumque
1705 3082 1839 3114 orbem
1870 3078 2079 3121 dispersis·

265 3139 485 3185 salmana,
517 3138 642 3174 Durio
667 3141 705 3173 et
727 3146 856 3182 genus
879 3138 1110 3173 anomalum
1125 3136 1275 3171 Neesia
1297 3135 1339 3170 in
1354 3135 1458 3172 Asia
1480 3137 1679 3172 habitant.
1737 3131 2011 3169 Helie-terme
2029 3143 2081 3170 ex

264 3195 412 3234 Africa
434 3197 622 3231 exulant.
678 3196 744 3230 Ex
758 3194 823 3230 liis
839 3195 1082 3240 nonnullae,
1114 3190 1454 3230 statutum'ordini
1471 3201 1496 3228 a
1511 3195 1658 3228 natura
1670 3190 1840 3227 limitem
1854 3190 2084 3235 infringen-

267 3255 348 3298 tes,
382 3255 495 3288 trans
511 3251 792 3294 capricornum
808 3253 1054 3295 evagantur,
1084 3257 1180 3284 nam
1202 3246 1457 3295 Plagz‘antln·
1477 3253 1517 3285 et
1538 3245 1778 3295 Ι-ΙοΙιενῖαε,
1809 3255 1960 3290 genera
1982 3248 2082 3283 sub-

268 3307 417 3345 dubiae
433 3307 664 3354 affinitatis,
695 3309 850 3343 Novam
865 3306 1126 3343 Hollandiam
1143 3307 1182 3341 et
1196 3306 1351 3341 Novam
1365 3305 1631 3342 Zeelandiam
1646 3304 1842 3340 incolunt.
1892 3300 2081 3348 Ungeria

268 3363 313 3400 in
329 3364 564 3401 Norfolkiae
587 3363 727 3400 insula
746 3363 916 3400 habitat.
975 3360 1181 3397 Reevesz'a
1197 3364 1235 3397 et
1251 3356 1508 3396 Memorium
1522 3361 1668 3398 Asiam
1689 3363 1726 3396 et
1741 3361 1894 3395 Novam
1909 3360 2083 3394 Hollan-

269 3420 379 3456 diam
392 3420 643 3468 inhabitant,
666 3417 887 3466 Myrodiae
909 3421 1030 3463 atque
1047 3415 1250 3453 Matisiae
1266 3417 1482 3455 Americae
1497 3417 1681 3461 propriae
1697 3419 1804 3453 sunt.
1846 3412 2082 3450 Helz·cter2·s

269 3475 431 3522 species
452 3475 653 3524 plurimae
674 3475 717 3514 in
740 3475 932 3515 America
949 3477 1196 3528 nascuntur,
1226 3483 1385 3522 paucae
1407 3474 1453 3515 in
1474 3473 1582 3514 Asia
1601 3472 1819 3518 indigenae
1838 3473 1954 3522 sunt,
1983 3472 2083 3509 cha-
