2147 3756
1043 135 1153 184 214

919 213 1168 220 ——„m„„--,„⁷-⁷
1215 214 1264 219 lm„-

185 309 501 352 leim-Gummi)
520 308 788 345 substantiam
809 307 1077 350 peculiarem,
1112 305 1309 348 principio
1326 305 1550 342 extractivo
1569 306 1674 342 dulei
1693 303 2002 350 (Sarcocollite)

186 368 353 408 foetam,
385 371 421 402 et
454 366 558 402 inter
580 367 758 401 Arabum
786 369 1003 407 pharmaca
1026 365 1245 408 celebrem,
1277 371 1327 397 ex
1350 363 1582 398 arbusculis
1606 363 1868 410 aethiopicis,
1901 371 2004 405 quae

185 424 236 458 ad
260 424 448 458 Penaeae
472 426 510 458 et
526 423 781 457 Sarcocellae
807 430 937 465 genus
963 419 1186 463 pertinent,
1218 426 1405 465 manare,
1437 422 1630 454 constans
1649 419 1758 454 sama
1774 422 1858 466 cst,
1890 421 2004 454 nullo

184 479 402 514 etiamnum
422 478 654 514 confirmata
671 479 919 520 argumente.
981 476 1260 509 sarcocollam*
1275 484 1364 510 esse
1382 474 1538 510 arboris
1555 474 1597 510 in
1613 475 1780 511 Perside
1797 475 2004 510 nascentis

182 537 405 578 lacrymam
422 533 681 569 Dioscorides
699 537 839 567 auctor
855 535 934 575 est,
968 530 1177 572 spinosam
1195 533 1457 566 arbusculam
1474 533 1617 566 Mesue
1635 531 1768 566 tratlit.
1813 531 2004 566 Fueritne

182 593 418 628 sarcocolla
440 595 618 626 veterum
644 589 684 623 in
709 588 879 623 Perside
901 590 1114 633 generata,
1148 596 1186 623 v.
1209 590 1282 629 per
1297 588 1516 622 Persarum
1539 587 1718 630 emporia
1734 596 1784 622 ex
1799 586 1915 622 India
1932 587 2006 622 ad.-

182 652 304 683 vecta
327 647 416 682 sive
441 656 492 680 ex
507 645 726 686 Aethiopia
743 646 882 680 adlata
899 643 1082 685 expediri
1099 643 1256 687 nequit,
1287 643 1328 679 itl
1346 648 1479 678 tamen
1496 647 1740 686 compertum
1764 646 1845 689 est⁷
1877 642 2005 678 offici-

181 713 327 741 narum
345 704 617 739 sarcocollam
634 701 870 735 hodiernam
888 699 968 735 turi
986 699 1096 734 tenui
1113 699 1309 747 similem,
1334 699 1593 745 subfulvam,
1619 700 1843 743 odoratam,
1861 702 2004 743 gustu-

183 769 262 802 que
292 759 627 802 amarIusculam,
660 757 948 792 Umbelliferae
979 756 1192 798 cujusdam
1225 755 1368 798 stirpis
1399 755 1625 791 seminibus
1655 755 1850 791 admixtis
1881 764 2006 798 saepe

183 816 459 858 inquinatam,
492 815 676 848 Galbano
695 816 730 848 et
749 814 983 856 sagapeno,
1016 811 1194 856 aliisque
1211 811 1407 856 ejusmodi
1423 811 1666 848 substantiis
1683 811 1863 859 affinem,
1887 823 1909 847 e
1927 812 2006 849 Ca-

184 872 380 915 pensibus
396 868 570 906 Penaeis
587 870 695 905 haud
711 879 804 905 esse
822 869 1057 905 derivatam.
1348 882 1352 886 ·

328 974 857 1020 *Geissolomeass-
916 974 1130 1015 Frutices
1150 986 1400 1029 capenses‚
1435 973 1768 1029 oppositifolii,
1800 975 2005 1028 exstipu-

185 1035 292 1084 lati,
325 1033 564 1088 pedicellis
596 1033 892 1081 axillaribus,
932 1032 1178 1082 solitariis,
1215 1031 1543 1083 bracteolatis3
1584 1032 1825 1085 pei-igonio
1859 1032 2004 1072 coria-

187 1104 292 1142 ceo,
338 1089 575 1140 colorato,
621 1088 982 1143 quadripartito,
1026 1088 1211 1128 laciniis
1256 1089 1538 1139 imbricatis3
1585 1088 1860 1128 staminibus
1899 1093 2005 1128 octo

185 1149 278 1188 imo
298 1146 540 1201 perigenio
559 1146 774 1196 insertis,
808 1151 1007 1199 quatuor
1024 1144 1230 1198 ejusdem
1247 1144 1428 1185 laciniis
1448 1144 1675 1198 oppositis
1699 1144 2005 1198 longioribus,

187 1204 436 1244 filamentis
461 1201 716 1252 subulatis,
747 1202 845 1242 basi
873 1202 986 1242 disci
1019 1202 1230 1254 margine
1260 1207 1463 1255 angusto
1495 1201 1698 1241 breviter
1728 1201 2006 1253 conjunctis,

186 1261 394 1302 antheris
420 1260 668 1314 ellipticis‚
699 1259 969 1312 apiculatis‚
1006 1259 1105 1299 basi
1136 1258 1312 1308 bifidis,
1344 1258 1482 1298 dorso
1511 1256 1693 1307 affixis,
1727 1257 1907 1298 demum
1938 1269 2005 1298 re-

189 1315 341 1368 flexis;
389 1317 594 1370 germine
628 1315 1021 1370 qnadriloculari3
1069 1314 1312 1369 gemmulis
1345 1316 1391 1355 in
1425 1315 1588 1368 quovis
1621 1313 1776 1355 loculo
1816 1314 2008 1364 duabus,

189 1385 247 1414 ex
286 1374 416 1427 apice
454 1372 598 1412 loculi
638 1372 978 1412 collateraliter
1016 1369 1251 1425 pendulis,
1300 1371 1557 1428 anatropis3
1606 1370 1730 1424 stylo
1769 1370 2006 1422 subulato,

188 1430 404 1484 stigmate
423 1429 639 1483 simplici,
672 1428 861 1483 capsula
879 1430 1049 1481 ignota.

834 1533 1045 1567 Genus
1099 1538 1368 1567 naucum.

748 1617 826 1650 211
836 1618 872 1651 3.
903 1614 1160 1653 Geissoloma
1175 1611 1312 1650 Lz'udl.

636 1736 812 1796 *ordo
843 1749 1087 1805 cxlii,
1137 1749 1558 1798 Proteaeeae.

329 1852 553 1899 Arbores
598 1850 889 1910 mediocres,
939 1869 980 1898 v.
1013 1849 1255 1913 frutices,
1304 1851 1541 1898 rarissime
1588 1851 1784 1899 herbae.
1865 1852 2008 1899 Folia

190 1923 398 1980 alterna,
450 1924 601 1970 rarius
642 1923 858 1986 opposita
896 1940 939 1968 v.
980 1922 1284 1980 verticillata,
1330 1922 1746 1986 sempervirentia,
1792 1920 2006 1979 indivisa,

191 1993 403 2051 dentata,
464 1995 612 2040 incisa
667 2011 708 2040 v.
764 1994 1009 2051 laciniata,
1071 1993 1312 2040 rarissime
1367 1994 1648 2057 composita,
1709 1993 2005 2055 exstipulata.

189 2066 363 2113 Flores
393 2064 620 2127 perfecti,
654 2064 891 2112 rarissime
924 2064 1091 2110 abortu
1126 2063 1347 2122 dielines,
1383 2063 1663 2126 subspicati,
1699 2064 1932 2110 racemosi
1961 2079 2004 2112 v.

187 2134 547 2199 subeorymbosi
585 2151 626 2181 v.
666 2135 712 2180 in
753 2135 1001 2197 capitulum
1051 2135 1289 2196 congesti,
1352 2143 1432 2181 aut
1475 2150 1612 2196 supra
1658 2134 2007 2197 receptaculum

188 2206 432 2253 involucro
463 2206 751 2268 persistente
784 2207 1010 2261 cinctum,
1059 2203 1289 2251 interilum
1322 2204 1490 2250 abortu
1523 2205 1767 2251 unissorum
1799 2213 1847 2251 et
1879 2205 2006 2268 caly-

189 2277 436 2323 culiforme
468 2276 741 2339 aggregati,
780 2276 1052 2338 saepissime
1085 2275 1259 2337 gemini
1291 2274 1619 2321 unibracteati.
1692 2277 2005 2337 Pem'gom'um

188 2347 408 2410 simplex,
458 2349 749 2402 coriaceum,
799 2346 1079 2402 coloratum,
1129 2354 1264 2392 extus
1297 2346 1569 2409 saepissime
1599 2344 1888 2408 pubescens,
1934 2353 2008 2392 te-

190 2417 492 2481 traphyllum,
540 2417 716 2462 foliolis
747 2416 965 2474 valvatis,
1013 2433 1134 2462 nunc
1167 2416 1354 2462 omnino
1388 2415 1573 2473 liberis,
1620 2432 1742 2462 nunc
1773 2416 1818 2462 in
1850 2415 2006 2462 tubum

186 2488 321 2551 apice
363 2485 667 2550 quadrifidum
709 2487 917 2544 coalitis,
968 2487 1149 2533 laciniis
1189 2487 1484 2550 spatliulatis,
1530 2487 1680 2533 rarius
1725 2486 2004 2549 irregulare,

185 2558 360 2605 foliolis
396 2557 600 2620 pluribus
632 2559 756 2604 inter
788 2573 839 2605 se
878 2557 1242 2604 cohaerentibus
1282 2565 1361 2603 atlt
1399 2558 1444 2603 in
1484 2557 1717 2603 nonnullis
1756 2559 1896 2604 etiam
1936 2557 2005 2603 in-

187 2628 475 2692 aequalibus.
543 2629 764 2675 Stamz'na.
795 2633 828 2678 4
861 2627 1115 2690 (interdum
1145 2644 1237 2674 uno
1269 2627 1528 2686 abortivo),
1565 2628 1799 2691 perigenii
1830 2627 2007 2674 foliolis
2066 2649 2069 2651 “

188 2699 427 2762 opposita,
475 2698 640 2745 iisdem
678 2699 952 2761 plerumque
985 2699 1120 2761 juxta
1159 2699 1362 2762 apicem,
1409 2700 1566 2745 rarius
1597 2697 1753 2745 medio
1783 2715 1827 2746 v.
1859 2713 2006 2761 prope

185 2770 330 2816 basim
369 2771 570 2826 inserta,
618 2770 855 2816 rarissime
895 2770 1170 2833 hypogyna,
1215 2770 1465 2833 perigonio
1504 2784 1732 2830 nunquam
1771 2769 2005 2830 longiora,

170 2839 447 2903 fllamemfs
477 2838 766 2887 brevissimis
797 2857 838 2887 v.
872 2840 1214 2896 mediocribus,
1258 2840 1476 2886 mulieris
1505 2837 1862 2896 bilocularibus,
1902 2838 2025 2885 lon-·

187 2909 512 2974 gitudiualiter
535 2909 916 2967 dehiscentibus,
956 2909 1186 2957 interdum
1218 2909 1416 2967 bilobis,
1451 2908 1572 2955 lohis
1603 2909 1858 2956 vicinarum
1891 2925 2007 2956 con·

186 2981 327 3044 tignis
359 2981 404 3026 in
438 2978 711 3043 quibusdam
742 2980 957 3042 primitus
997 2980 1210 3036 coalitis,
1259 2979 1410 3025 altero
1451 2980 1495 3025 in
1535 2979 1770 3026 nonnuilis
1810 2979 2003 3026 effoeto.

189 3051 461 3099 Glandzclae
493 3067 535 3097 v.
566 3051 847 3114 squamulae
878 3050 1163 3114 hypogynae
1194 3053 1249 3106 4,
1297 3049 1534 3112 perigonii
1564 3049 1742 3097 foliolis
1773 3050 2002 3108 alternae,

185 3122 423 3168 rarissime
463 3118 629 3167 iisdem
669 3119 894 3178 adnatae,
940 3137 1061 3166 nunc
1101 3120 1268 3167 abortu
1298 3122 1573 3182 pauciores,
1619 3120 1924 3168 nnilaterales
1955 3136 2001 3166 v.

154 3193 356 3238 nullae.
429 3193 629 3238 Germen
662 3190 880 3246 liberum,
914 3191 1078 3238 sessile
1110 3207 1155 3237 v.
1188 3191 1466 3252 stipitatum,
1499 3191 1869 3255 monophyllum,
1901 3190 2005 3237 uni-

186 3261 412 3309 loculare.
493 3263 736 3308 Gemmzcla
765 3262 906 3308 unica
937 3278 982 3308 v.
1016 3261 1154 3309 binae
1194 3261 1517 3323 collateraleS‚
1564 3271 1644 3309 aut
1679 3262 1838 3325 plures
1877 3260 2003 3308 bise-

185 3332 360 3390 rimae,
424 3340 613 3379 suturae
651 3347 797 3395 prope
836 3331 977 3379 loculi
1024 3331 1195 3390 basim,
1257 3330 1456 3379 medinm
1504 3349 1546 3379 v.
1587 3333 1767 3396 apicem
1812 3324 2001 3388 affixae,

184 3403 315 3449 vario
347 3400 485 3448 modo
517 3411 794 3466 anatropae,
838 3402 1095 3467 micropyle
1128 3418 1312 3465 semper
1343 3403 1509 3449 infera.
1584 3404 1748 3465 Stylus
1780 3402 1998 3449 termina—

187 3471 269 3530 lis,
307 3472 555 3532 filiformis,
589 3472 798 3537 simplex.
861 3474 1048 3536 Scigma
1081 3471 1347 3532 indivisum,
1384 3489 1523 3538 saepe
1558 3473 1816 3538 obliquum,
1853 3473 1999 3519 narius
