2147 3756
922 121 1043 171 559

435 335 608 383 ordo
640 332 954 382 CCXXXI.
980 370 983 374 .
1011 329 1540 390 Erythroxyleae.
1574 352 1584 356 a

219 435 770 502 Szffrate'ces,sr2cte'ces
799 454 841 484 v.
878 436 1102 493 arbores,
1136 434 1327 481 ramulis
1360 433 1547 495 saepius
1579 432 1899 494 complanatis,

77 510 212 575 apice
241 511 537 572 compressis.
611 510 756 556 Folia
787 509 969 555 alterna
1000 515 1080 554 aut
1109 507 1348 553 rarissime
1382 504 1622 567 opposita,
1656 505 1900 567 simplicia,

78 581 386 645 peuninervia
417 597 458 627 v.
493 580 808 644 triplinervia,
842 579 1173 641 integerrima,
1216 578 1491 640 plerumque
1525 573 1710 637 glabra,
1749 577 1901 638 stipu-

79 655 139 701 le's
182 652 604 708 intraaxillaribus,
655 651 899 708 concavis,
947 645 1676 710 scarioso—squamaeformibus,
1723 646 1771 691 in
1818 662 1903 708 pe·

81 723 294 770 dunculis
340 723 541 786 aphyllis
587 720 1065 768 bracteoliformibuS.
1147 719 1321 766 Flores
1366 717 1590 782 perfecti,
1636 716 1902 779 regulares,

79 795 125 841 in
173 794 327 840 axillis
374 794 595 840 foliorum
641 809 685 838 v.
725 791 998 855 stipularum
1038 789 1266 846 solitarii,
1318 790 1492 852 gemini
1530 805 1574 835 v.
1614 787 1899 845 fasciculati,

79 864 223 914 albidi
254 882 297 912 v.
330 865 725 920 ssavo-virentes,
765 860 1043 924 pedunculis
1083 859 1718 923 stipulacco-bracteolatis,
1771 859 1906 922 quin-

80 934 466 1000 quangularibus,
513 935 650 997 apice
690 931 919 996 gradatim
959 932 1231 977 incrassatis
1272 931 1492 992 impositi.
1571 923 1729 992 θαῖμα)
1765 929 1902 986 liber,

78 1008 361 1071 persistens,
395 1006 797 1069 quinquepartitus
829 1020 872 1050 v.
905 1003 1056 1049 rarius
1090 1001 1429 1065 quinquefiduS.
1490 1002 1717 1048 Corollae
1748 1001 1902 1064 petala

83 1079 310 1141 quinque,
365 1076 672 1140 receptaculo
719 1075 920 1132 inserta,
968 1073 1146 1137 calycis
1192 1073 1376 1119 laciniis
1423 1073 1627 1130 alterna,
1675 1072 1904 1135 aequalia,

80 1148 182 1195 basi
222 1149 340 1205 lata,
387 1148 572 1210 singula
609 1147 733 1193 intus
773 1145 1023 1209 squamulis
1058 1143 1258 1202 duabus,
1306 1142 1394 1190 sibi
1426 1144 1627 1190 invicem
1659 1143 1906 1206 impositis,

58 1221 207 1267 vinter
245 1234 294 1266 se
335 1227 384 1265 et
425 1235 528 1265 cum
568 1234 725 1281 ungue
766 1216 1176 1264 conferruminatis
1215 1224 1375 1272 aucta,
1423 1230 1510 1277 per
1549 1215 1905 1277 aestivationem

83 1290 348 1337 imbricata.
425 1291 647 1337 Stamina
680 1287 869 1346 decem,
917 1286 1223 1349 receptaculo
1256 1287 1459 1344 inserta3
1494 1284 1770 1346 filamente's
1806 1284 1908 1331 basi

82 1361 392 1425 complanatis
425 1369 473 1407 et
504 1362 549 1406 in
582 1360 825 1407 urceolum
861 1359 1099 1415 connatis,
1133 1359 1268 1421 apice
1301 1356 1646 1413 teretiusculis,
1679 1355 1909 1402 filiformi-

81 1432 190 1490 bus,
231 1431 414 1489 liberis,
457 1433 677 1478 antherz's
707 1431 947 1486 introrsis,
994 1428 1358 1486 bilocularibus,
1406 1427 1907 1489 ovato-subglobosis,

83 1503 226 1551 dorso
266 1519 405 1566 supra
442 1502 589 1550 basim
629 1502 805 1559 affixis,
853 1500 1128 1558 mobilibus,
1178 1500 1344 1547 loculis
1384 1497 1791 1561 longitudinaliter
1827 1497 1911 1544 de-

82 1574 390 1622 hiscentibus.
484 1576 686 1621 Germen
732 1573 954 1629 liberum,
1015 1571 1410 1618 lii-triloculare.
1498 1571 1740 1616 Gemmula
1784 1570 1908 1617 intra

85 1647 292 1710 quemvis
325 1645 527 1692 loculum
560 1645 795 1701 solitaria,
830 1660 890 1691 ex
919 1643 1055 1706 apice
1090 1643 1250 1706 anguli
1283 1641 1506 1688 centralis
1539 1639 1765 1704 pendula,
1797 1656 1912 1687 ana-

84 1726 247 1781 tropa,
286 1716 454 1763 loculo
493 1734 585 1763 uno
624 1733 667 1763 v.
709 1716 860 1762 altero
902 1714 1175 1777 saepissime
1213 1730 1380 1760 vacuo.
1456 1713 1589 1774 Style‘
1622 1720 1742 1769 tres,
1788 1727 1910 1759 nunc

87 1786 324 1845 distincti,
368 1804 489 1834 nunc
522 1787 648 1845 basi,
681 1802 802 1833 nunc
835 1801 981 1849 usque
1013 1783 1071 1830 ad
1105 1783 1332 1841 medium,
1367 1784 1606 1830 rarissime
1639 1782 1698 1829 ad
1730 1783 1912 1846 apicem

86 1860 211 1906 inter
242 1876 292 1907 se
326 1861 542 1917 connati,
588 1861 822 1921 stigmata
853 1858 943 1903 tria
975 1856 1230 1919 capitatas
1272 1858 1446 1918 Drapa
1479 1863 1640 1911 ovata,
1674 1855 1913 1917 angulata,

86 1931 256 1978 abortu
289 1930 617 1988 unilocularis,
657 1944 1006 1991 monosperma.
1084 1929 1256 1975 Samen
1289 1927 1547 1983 inversum,
1588 1927 1914 1988 integumento

86 2003 330 2049 coriaceo.
368 2002 579 2064 Embryo
611 2001 658 2047 in
689 2001 765 2047 axi
797 1999 1040 2047 albuminis
1072 1998 1389 2060 cartilagiuei,
1422 1998 1555 2061 parci
1587 1997 1917 2059 orthotropus3

87 2073 458 2136 cotyledonz'bas
502 2072 724 2136 ellipticis
769 2089 813 2119 v.
855 2069 1134 2130 linearibus,
1179 2070 1356 2135 planis,
1405 2069 1645 2128 foliaceis,
1689 2068 1916 2117 radicula

89 2144 250 2204 brevi,
286 2145 451 2203 tereti,
484 2159 675 2208 supera.

739 2261 951 2297 Gssivus
999 2266 1268 2299 UNIcum.

201 2346 325 2383 5597.
355 2347 678 2391 Erythroxylum
694 2342 819 2383 Lina.
1345 2333 1520 2373 Roelana
1539 2334 1744 2368 Commen.

261 2407 299 2429 a.
325 2395 614 2440 Erythroxylon
630 2394 783 2429 Kunth.
1357 2384 1559 2418 Steutlelia
1578 2382 1746 2430 Spreng·

412 2438 580 2473 Venetia
598 2439 804 2472 Commers.
1201 2433 1237 2470 b.
1263 2433 1398 2469 Sethia
1412 2433 1566 2468 Kunth.

230 2539 555 2586 AffinitaS·
615 2543 933 2590 Malpighiaceis
950 2546 989 2580 et
1005 2541 1279 2587 Sapindaceis
1296 2541 1525 2579 arctissime
1542 2541 1708 2590 affines,
1739 2543 1787 2577 ob
1804 2541 1899 2577 habi

93 2606 175 2640 tum
198 2604 467 2650 peculiarem,
499 2604 726 2646 petalorum
750 2601 1020 2648 appendices,
1052 2601 1227 2636 fructum
1251 2601 1498 2643 drupaceum
1522 2601 1664 2634 abortu
1686 2608 1922 2643 monosper-

91 2670 222 2711 mum,
256 2663 294 2696 et
310 2663 357 2696 ob
375 2659 535 2696 semina
550 2661 617 2696 alb
625 2659 811 2696 uminosa
826 2659 868 2695 in
885 2658 1092 2703 proprium
1108 2658 1289 2694 ordinem
1305 2659 1588 2701 segregantur.

237 2738 669 2796 Geographia.
728 2743 859 2780 Unico
891 2753 1039 2789 genere
1071 2744 1408 2788 comprehensae,
1440 2743 1659 2784 pleraeque
1687 2738 1924 2777 Amerinam

91 2803 291 2847 tropicam
320 2803 525 2852 incolunt,
557 2811 717 2849 paucae
740 2801 911 2839 Africae
941 2799 1141 2838 australis
1164 2799 1328 2835 insulas
1352 2802 1390 2835 et
1413 2797 1573 2835 Indiam
1596 2797 1834 2834 orientalem
1857 2797 1922 2833 in-

91 2860 289 2899 habitant.

233 2938 599 2992 Qualitates
630 2946 670 2982 et
697 2949 869 2984 usus·
926 2942 1103 2987 Lignum
1132 2940 1400 2986 plurimarum
1430 2938 1664 2977 substantia
1678 2933 1925 2976 'rubro-tin-

95 3006 214 3048 gente
243 3005 387 3040 scatet.
452 2999 751 3049 Erythroxyli
776 2998 968 3036 meolati
994 2999 1138 3047 Linn.,
1185 2998 1349 3035 fruticis
1380 2996 1737 3044 cartnagenensiS,
1775 2996 1925 3034 ramuli

92 3060 279 3104 juniores
315 3059 608 3106 refrigerantes
645 3062 868 3107 habentur,
913 3056 1076 3094 corticis
1112 3056 1245 3093 virtus
1282 3055 1431 3092 tonica.
1502 3056 1536 3091 E
1573 3062 1697 3091 succo
1733 3053 1925 3090 soliorum

94 3119 347 3160 unguentum
370 3121 559 3165 paratur,
583 3117 627 3153 in
650 3116 851 3153 sanandis
874 3113 1182 3159 impetiginibus
1204 3113 1318 3149 utile.
1369 3114 1547 3149 Fructus
1571 3110 1734 3147 carnosi
1754 3111 1926 3155 lympha

96 3173 263 3210 acidula
292 3177 438 3218 purgat
468 3177 506 3210 et
537 3174 699 3210 urinam
729 3175 875 3209 movet.
934 3168 1232 3218 Erythxoxyli
1255 3168 1369 3204 Coca
1397 3171 1513 3206 Lam.
1545 3167 1646 3203 folia
1675 3175 1701 3203 a
1721 3167 1926 3204 Peruanis

96 3229 367 3266 masticantur
389 3229 526 3273 opiati
554 3233 666 3277 loco,
698 3231 772 3267 sed
794 3231 842 3266 de
863 3228 930 3265 his
952 3228 1199 3275 PoppigiuS,
1230 3221 1302 3270 ‘qui
1323 3229 1540 3263 multorum
1564 3223 1772 3260 nominum
1793 3233 1926 3262 mores

97 3286 220 3332 vidit,
251 3287 452 3331 legendus
476 3290 551 3323 est.
607 3287 726 3323 Folia
741 3286 825 3323 fere
840 3286 1022 3329 insipida
1038 3289 1154 3332 sunt,
1185 3283 1259 3321 vix
1274 3286 1516 3330 subamara,
1545 3280 1750 3325 principio
1767 3280 1926 3318 efficaci

98 3342 285 3379 volatilis
316 3343 531 3380 admodum
559 3347 751 3390 naturae,
783 3347 823 3379 et
850 3343 1021 3391 minima.
1050 3343 1140 3386 eJus
1164 3341 1357 3385 portione.
1417 3336 1767 3389 Perniciosissinii
1790 3337 1927 3389 temeti

100 3398 145 3435 in
168 3403 351 3442 systema
372 3409 591 3436 nervosum
615 3403 654 3435 et
676 3400 914 3436 universum
937 3409 1085 3443 corpus
1110 3399 1276 3434 effectus
1293 3400 1404 3433 tanto
1421 3397 1550 3433 dirius
1565 3396 1802 3442 populatur,
1834 3404 1927 3431 cum

99 3454 248 3500 ingens
271 3466 292 3492 e
317 3456 473 3493 stimuli
496 3466 575 3493 usu
597 3459 811 3504 voluptas,
851 3456 973 3493 etiam
993 3455 1165 3492 meliora
1186 3455 1390 3490 videntem
1414 3456 1452 3489 et
1474 3455 1733 3497 probantem,
1772 3454 1927 3488 tentato

103 3514 230 3550 semel
245 3515 398 3564 abusu,
430 3513 551 3559 quasi
567 3513 817 3554 necessitate
833 3513 976 3559 aliqua
990 3513 1033 3550 in
1049 3515 1123 3550 hoc
1139 3513 1278 3550 scelus
1294 3510 1486 3548 continuo
1500 3511 1654 3556 pellere
1668 3508 1869 3548 videatur,
