2147 3756
1088 97 1205 148 452

383 266 706 314 AffinitaS·
763 272 866 309 Ordo
896 281 1050 310 summe
1079 269 1301 317 naturalis,
1333 268 1669 307 distinctissimus
1700 274 1735 308 et
1767 271 1963 307 facillime
1985 273 2054 308 de·-

244 332 464 378 finiendus,
497 332 591 367 hinc
606 328 929 376 Papaveraceis,
961 328 1078 364 illinc
1095 326 1361 370 Capparideis
1377 327 1560 369 proxime
1576 328 1731 375 affinis,
1762 331 1812 364 ab
1829 329 1914 364 illis
1930 329 2055 364 semi-

238 389 361 425 nibus
384 387 727 433 exalbuminosis,
759 389 808 422 ab
832 385 897 420 his
920 385 1283 427 integumentorum
1298 383 1497 419 floralium
1514 383 1830 420 conformatione
1844 387 1882 420 et
1898 383 2056 421 fructus

239 444 397 481 fabrica
422 445 626 489 diversus;
658 446 707 479 ab
727 442 908 483 utrisque
925 441 1083 476 definito
1101 439 1318 476 staminum
1334 449 1518 486 numero,
1551 441 1709 483 calycis
1724 445 1762 477 et
1778 443 1955 476 corollae
1971 442 2055 476 ele-

185 492 190 496 ’
239 496 387 537 men'tis
403 500 644 544 incongruo,
677 501 715 533 et
737 498 869 532 fructu
891 495 1128 542 biloculari,
1161 497 1439 538 carpophyllis
1463 504 1554 531 cum
1577 497 1908 540 tropuospermiis
1930 495 2055 532 inter-

238 556 543 604 valvularibus,
575 553 907 596 dissepimentum
923 552 1282 600 constituentibus,
1314 552 1512 588 valvatim
1527 554 1712 589 connatis
1730 554 1871 589 diss'ert.

382 616 808 675 Geographia.
847 622 1082 659 cruciferae
1098 632 1168 665 per
1183 632 1336 658 omnem
1356 625 1550 658 terrarum
1566 626 1700 659 orbem
1721 623 1930 665 dispersae
1946 626 2055 668 sunt,

240 684 301 720 ita
324 687 363 719 ut
383 684 586 719 maximus
602 682 767 716 illarum
784 689 976 716 numerus
992 680 1034 715 in
1050 679 1358 721 hemisphaerae
1374 679 1551 715 borealis
1569 681 1693 723 plaga
1709 682 1948 725 temperata,
1980 679 2056 714 im-

239 741 382 784 primis
399 738 549 774 veteris
567 737 676 773 orbis
693 740 907 783 nascatur,
934 745 1081 772 versus
1098 738 1234 778 polum
1251 735 1549 777 aliquantulum
1565 739 1794 781 rarescant,
1820 733 2056 770 rarissimae

237 798 344 833 inter
376 795 550 837 tropicos
580 796 825 840 nascantur,
858 793 1089 836 temperiem
1116 792 1159 827 in
1189 791 1335 827 calidis
1366 795 1605 835 quaerentes
1636 792 1889 835 potissimum
1912 790 2057 826 monti-

238 855 374 892 colae,
408 859 594 892 novaque
618 852 813 892 exsurgat
836 853 948 885 trans
972 849 1253 892 capricornum
1278 852 1463 896 caterva,
1494 851 1619 884 multo
1637 851 1770 884 tamen
1785 846 1921 883 minus
1938 855 2058 889 quam

237 909 299 944 cis
324 916 511 943 cancrum
537 908 746 948 populosa.
805 907 884 941 Per
905 906 1094 950 singulas
1118 905 1246 941 tribus
1272 907 1483 941 naturales
1498 905 1608 941 vasti
1624 904 1777 941 ordinis
1795 903 2057 946 dispicientes

236 960 481 1000 Arabv‘deae
505 971 650 997 revera
673 963 961 1005 cosmopolitae
979 966 1093 1008 sunt,
1126 958 1375 1007 Alyssineae
1391 964 1474 997 late
1491 972 1561 1005 per
1575 961 1900 1005 hemisphaeram
1914 962 2057 995 borea-

236 1024 318 1057 lem
343 1020 553 1062 dispersae
575 1018 780 1064 habitant,
814 1018 855 1053 in
880 1018 1043 1062 regione
1059 1018 1355 1054 mediterranea
1372 1022 1410 1053 et
1429 1019 1547 1054 florae
1564 1018 1746 1053 rossicae
1764 1015 1964 1052 territorio
1981 1016 2056 1051 im-

239 1076 383 1120 primis
400 1075 605 1118 copiosae.
665 1076 711 1109 In
727 1075 891 1117 Europa
907 1075 1041 1110 media
1056 1074 1253 1116 imprimis
1270 1075 1511 1110 occidentali
1528 1077 1760 1119 rarescunt,
1791 1075 1857 1108 vel
1876 1080 2058 1109 summas

236 1136 375 1176 petunt
402 1134 518 1175 alpes
543 1134 581 1166 et
604 1130 714 1167 nivis
737 1134 926 1166 aeternae
951 1131 1162 1177 terminos,
1194 1132 1265 1166 sed
1287 1130 1330 1165 in
1346 1130 1585 1166 immensum
1602 1130 1747 1165 crescit
1763 1139 1908 1165 versus
1923 1130 2057 1171 polum

238 1191 467 1225 Drabarum
490 1187 741 1223 nitidissima
765 1190 950 1233 caterva,
983 1188 1126 1223 oceani
1150 1186 1342 1229 glacialis
1366 1190 1404 1222 et
1428 1187 1582 1229 alpium
1605 1186 1817 1227 utriusque
1841 1185 1948 1220 orbis
1965 1193 2058 1227 par-

238 1248 340 1282 vula
356 1249 507 1280 custos.
573 1241 852 1289 Tlalaspmeae
868 1244 910 1278 in
925 1245 1210 1286 hemisphaera
1227 1242 1381 1278 boreali
1399 1242 1647 1288 frequentes,
1673 1242 1794 1277 etiam
1810 1241 1854 1276 in
1870 1241 2058 1276 America

240 1301 418 1339 australi
441 1300 715 1343 extratropica
738 1300 1004 1343 reperiuntur.
1067 1297 1358 1333 Cremolobeae
1382 1299 1446 1334 liis
1470 1299 1652 1341 proxime
1668 1299 1906 1333 accedentes
1922 1297 1964 1332 in
1980 1298 2058 1332 Pe-

235 1358 356 1394 ruvia
372 1362 409 1393 et
428 1357 532 1392 Chili
548 1360 786 1392 nascuntur.
846 1352 1153 1390 Anastameae
1169 1355 1312 1391 Asiam
1329 1359 1365 1390 et
1383 1355 1565 1390 Africam
1582 1354 1916 1390 mediterraneam
1929 1381 1939 1401 ,
1969 1350 2061 1387 Eu·-

237 1412 414 1449 clae'de'eae
444 1413 667 1458 Orientem,
702 1410 948 1446 Cat-ilineae
974 1413 1159 1456 regiones
1190 1416 1433 1454 temperatas
1463 1412 1773 1453 hemisphaerae
1794 1409 1970 1446 borealis
1995 1409 2059 1445 in-

239 1474 402 1516 colunt,
435 1469 688 1510 frequentius
720 1472 855 1504 tamen
886 1468 929 1503 in
957 1468 1064 1504 Asia
1092 1468 1226 1503 media
1256 1467 1401 1503 obviae
1426 1472 1533 1503 sunt.
1590 1468 1700 1502 Idem
1724 1468 1771 1502 de
1795 1464 2060 1512 Sz'symbrieoe‘s

237 1530 370 1573 valet,
402 1534 506 1568 quae
522 1528 611 1560 utut
628 1534 698 1567 per
714 1534 870 1560 omnem
887 1525 994 1560 orbis
1009 1523 1274 1566 extratropici
1291 1526 1455 1567 plagam
1470 1525 1672 1559 borealem
1689 1527 1892 1570 repertae,
1922 1522 2061 1565 copio-

237 1585 328 1621 sius
362 1587 494 1618 tamen
524 1581 567 1616 in
588 1583 750 1624 Europa
781 1581 972 1616 orientali
1001 1586 1040 1616 et
1070 1580 1385 1625 mediterranea,
1417 1589 1491 1615 nec
1520 1589 1600 1615 non
1624 1580 1667 1614 in
1689 1579 1794 1615 Asia
1818 1579 1974 1616 rossica
1995 1588 2060 1614 re-

236 1640 462 1684 periuntur.
534 1635 799 1672 Camelz‘neae
827 1638 1015 1680 Europae
1051 1637 1227 1684 mediae,
1269 1637 1421 1679 alpium
1449 1636 1579 1672 Asiae
1608 1636 1767 1671 mediae
1797 1639 1836 1671 et
1866 1635 2059 1681 arcticae,

236 1696 457 1736 Americae
472 1694 670 1740 borealis,
695 1693 875 1730 Andium
892 1702 1162 1737 peruanorum
1181 1696 1218 1728 et
1235 1692 1479 1729 chilensium
1491 1719 1501 1739 ,
1526 1702 1600 1728 nec
1616 1701 1696 1728 non
1712 1693 2061 1728 Novae—Hollan-

241 1754 334 1789 diae
358 1750 799 1788 austro—occidentalis
825 1750 936 1786 cives
961 1754 1067 1786 sunt.
1127 1746 1400 1795 Lepidineae,
1433 1749 1620 1792 quamvis
1637 1759 1709 1792 per
1726 1751 1847 1784 totum
1864 1752 2061 1784 terrarum

239 1807 466 1855 orbem,'‘'si
490 1808 611 1843 florae
635 1806 797 1842 indicae
818 1806 1011 1842 ditionem
1033 1806 1238 1854 excipias,
1271 1806 1354 1842 sint
1376 1806 1607 1852 dispersae,
1640 1809 1773 1841 tamen
1797 1807 1845 1840 ob
1869 1806 2059 1848 majorem

237 1873 470 1910 numerum,
496 1873 572 1906 quo
589 1864 632 1898 in
649 1863 789 1908 Syria,
815 1863 1031 1910 Armenia,
1049 1862 1274 1905 Persiaque
1289 1862 1532 1908 gignuntur,
1557 1861 1775 1898 orientales
1791 1871 1864 1905 per
1879 1861 2062 1897 eminen-

238 1922 339 1958 tiam
369 1921 564 1956 dicendae
595 1924 702 1955 sunt.
760 1919 981 1955 Pauciores
1012 1919 1173 1962 species
1204 1919 1409 1962 regionem
1439 1919 1774 1954 mediterraneam
1796 1922 1834 1953 et
1856 1919 2060 1960 Europam

237 1978 413 2015 mediam
440 1980 559 2019 atque
582 1977 786 2011 borealem
809 1975 1056 2022 inhabitant,
1086 1978 1231 2011 harum
1251 1977 1473 2011 nonnullae
1497 1975 1619 2010 etiam
1641 1985 1712 2017 per
1728 1983 1884 2010 omnem
1898 1973 2062 2010 Ameri—

240 2044 332 2071 cam
349 2034 519 2069 diffusae
537 2025 646 2068 sunt.¹
674 2032 869 2067 America
885 2032 1084 2068 australis
1101 2040 1179 2068 sua
1195 2031 1276 2067 sibi
1292 2040 1463 2078 genera,
1487 2034 1531 2066 ut
1546 2030 1764 2074 plurimum
1781 2029 2060 2075 frutescentia‚

240 2091 440 2126 vindicat.
499 2090 610 2131 Quae
633 2088 675 2123 in
699 2087 863 2131 regione
886 2088 1076 2133 capensi,
1107 2088 1151 2123 in
1168 2088 1320 2124 Oceani
1343 2087 1539 2124 australis
1556 2087 1706 2122 insulis
1723 2086 1818 2122 etin
1834 2089 1949 2122 Nova
1962 2086 2062 2121 Hol-

238 2147 384 2184 landia
406 2148 651 2190 nascuntur,
683 2139 734 2180 ab
759 2144 973 2187 europaeis
994 2154 1141 2188 genere
1162 2153 1243 2179 non
1265 2145 1469 2180 recedunt.
1529 2144 1715 2178 Notanda
1737 2143 1859 2179 etiam
1882 2141 2062 2187 regionis

239 2201 704 2246 taurico-cauc-asicae,
731 2199 1033 2236 Cruciferarum
1050 2200 1158 2236 alias
1176 2199 1476 2246 feracissimae,
1492 2198 1808 2241 Lepidinearum
1824 2201 2061 2242 paupertas.

241 2260 455 2296 caeterum
478 2259 696 2300 pleraeque
718 2255 877 2299 species
893 2256 1145 2301 endemicae,
1177 2256 1455 2299 paucissimae
1472 2264 1540 2298 per
1555 2256 1760 2298 Europam
1777 2258 1814 2290 et
1829 2254 2062 2291 Americam

238 2317 445 2352 borealem
467 2321 612 2356 vagae.
672 2311 908 2355 capsellam
931 2322 1003 2355 per
1025 2315 1160 2347 orbem
1184 2315 1380 2348 terrarum
1403 2311 1688 2348 disseminavit
1709 2310 1933 2353 inquietum
1955 2319 2061 2346 mor-

243 2372 389 2408 talium
419 2367 714 2406 commercium.
772 2364 994 2402 Isatidea‘e
1023 2377 1162 2404 omnes
1193 2368 1255 2404 cis
1286 2376 1476 2404 cancrum
1502 2367 1720 2411 indigenae
1743 2370 1857 2413 sunt,
1888 2367 1932 2402 in
1955 2365 2060 2402 Asia

240 2428 376 2466 media
399 2429 437 2462 et
460 2426 623 2469 regione
645 2424 942 2460 mediterranea
964 2424 1171 2468 copiosius
1196 2428 1438 2461 crescentes.
1497 2419 1765 2458 Anchom'eae
1788 2423 1829 2459 in
1847 2423 2006 2459 Oriente
2022 2424 2064 2458 et

242 2484 348 2521 Asia
371 2483 505 2519 media
527 2484 729 2517 crescunt.
788 2479 1044 2516 Bracsz'ceae
1059 2481 1102 2516 in
1118 2481 1282 2526 regione
1297 2481 1613 2527 mediterranea,
1644 2480 1687 2515 in
1704 2479 1912 2526 canariis,
1943 2477 2062 2514 India

242 2539 420 2586 boreali,
459 2546 617 2583 paucae
646 2537 689 2573 in
719 2538 885 2581 Europa
913 2538 1069 2585 media,
1106 2538 1384 2581 paucissimae
1420 2537 1465 2572 in
1495 2528 1688 2572 America
1717 2536 1890 2572 australi
1919 2537 2061 2578 sponte

241 2599 442 2634 crescunt.
507 2592 697 2639 Velleae,
730 2590 891 2628 Zilleae
915 2598 954 2629 et
969 2591 1230 2639 Psychmeae
1253 2598 1370 2630 extra
1391 2592 1594 2637 regionem
1609 2593 1944 2629 mediterraneam
1959 2600 2064 2627 non·

242 2656 338 2690 dum
376 2654 616 2688 observatae
652 2650 833 2697 fuerunt3
879 2659 930 2686 ex
966 2651 1034 2687 liis
1063 2647 1329 2696 Psya-hincne
1358 2652 1488 2686 solam
1518 2649 1688 2686 Africae
1718 2657 1829 2684 oram
1857 2649 2062 2684 borealem

244 2713 394 2746 tenent.
458 2703 717 2752 Raphaneae
737 2706 939 2743 latissime
962 2716 1032 2750 per
1047 2710 1181 2743 orbem
1197 2707 1407 2750 dispersae
1423 2709 1531 2742 sunt.
1588 2702 1858 2749 Bum‘adeae,
1890 2700 2061 2737 Eruen-

242 2766 362 2801 re'eeze
387 2767 425 2801 et
443 2761 720 2798 Subulctrz'eae
735 2764 940 2806 Europam
957 2763 1192 2799 orientalem
1210 2766 1249 2799 et
1267 2762 1411 2800 Asiam
1426 2761 1598 2798 mediam
1614 2761 1810 2797 incolunt.
1868 2756 2060 2793 Senebz'e-

244 2831 346 2857 reas
370 2821 413 2857 in
430 2822 594 2863 Europa
614 2819 767 2866 media,
799 2819 840 2854 in
859 2819 1000 2862 Capite
1017 2822 1145 2856 bonae
1160 2819 1250 2862 spei
1272 2823 1310 2855 et
1331 2818 1438 2854 inter
1461 2818 1631 2860 tropicos
1653 2816 1776 2852 totius
1792 2815 1900 2852 ordis
1916 2815 2061 2852 obvias

242 2882 454 2915 habemuS.
515 2872 810 2921 Helefophueae
824 2885 933 2911 mere
950 2884 1151 2919 capenses
1166 2879 1274 2912 sunt.
1332 2871 1690 2919 Seln‘zopeealesz,
1717 2881 1846 2917 genus
1862 2871 2060 2919 ehilense,

245 2935 396 2978 petalis
421 2931 690 2978 pinnatifidis,
723 2936 762 2967 et
785 2932 1094 2974 cotyledonibus
1115 2935 1308 2979 quatuor,
1338 2930 1582 2975 singiliatim
1597 2928 1885 2973 subspiraliter
1898 2927 2062 2965 involu-

248 2991 301 3028 tis
318 2991 528 3034 singulare
546 2991 619 3024 est.

390 3051 754 3106 unalitates
779 3058 817 3093 et
838 3061 1006 3097 usus.
1065 3056 1261 3093 Acredini
1281 3055 1465 3102 volatili,
1493 3065 1566 3099 per
1588 3065 1726 3092 omnes
1749 3058 1886 3100 partes
1903 3054 2059 3098 disper-

251 3128 343 3164 sae,
377 3121 416 3153 et.
437 3125 560 3158 saepe
583 3113 771 3156 sulphuri
793 3117 966 3160 nuptae,
1000 3113 1232 3150 Cruciferae
1256 3116 1420 3156 plantae
1445 3121 1631 3156 saporem
1654 3114 1798 3159 debent
1817 3112 2058 3157 mordacem,

251 3182 372 3217 atquc
395 3173 574 3218 odorem,
607 3171 677 3206 ubi
707 3173 918 3216 teruntur,
942 3170 1208 3215 peculiarem,
1248 3170 1341 3205 dum
1371 3169 1599 3212 putruerint
1627 3169 1807 3213 graviter
1835 3167 2060 3204 ammonia-

252 3234 395 3267 caiem.
453 3227 626 3264 Accedit
646 3227 690 3262 in
713 3225 899 3270 plurimis
921 3225 1050 3261 amari
1073 3226 1228 3268 aliquid
1250 3229 1288 3261 et
1311 3226 1446 3272 salsi,-
1466 3235 1540 3261 nec
1564 3235 1645 3261 non
1667 3227 1798 3261 oleum
1814 3224 1984 3270 pingue,
2016 3222 2058 3258 in

251 3287 474 3322 seminibus
497 3282 694 3326 imprimis
718 3284 986 3329 elaboratum,
1018 3283 1198 3317 nativam
1223 3282 1344 3317 etiam
1359 3281 1610 3329 acredinem,
1641 3281 1802 3324 quaein
1819 3280 2059 3323 quibusdam

253 3343 449 3378 indomita
469 3341 513 3376 in
536 3340 600 3376 his
617 3339 803 3383 partibus
819 3341 980 3386 regnat,
1011 3337 1055 3373 in
1071 3338 1281 3374 nonnullis
1297 3338 1479 3374 vincenS.
1536 3338 1780 3374 Annuarum
1793 3338 1920 3372 herba
1933 3337 2058 3380 valet,

251 3398 488 3441 perennium
502 3396 635 3432 virtus
650 3395 690 3430 in
709 3394 843 3430 radice
857 3395 1130 3430 vehementior
1146 3397 1218 3431 est.
1278 3395 1501 3440 Quaedam,
1534 3394 1627 3436 quib
1635 3404 1680 3429 us
1696 3395 1820 3428 herba
1837 3392 1920 3427 fere
1934 3390 2058 3435 iners,

254 3455 412 3490 semina
433 3452 638 3498 proferunt
661 3452 871 3487 admodum
889 3451 1015 3488 acria.
1074 3453 1229 3489 Multae
1245 3454 1406 3488 cultura
1420 3450 1650 3498 mitiscunt,
1682 3453 1804 3487 aucta
1818 3446 2005 3484 sacchari
2021 3449 2059 3481 et
