2147 3756
1061 119 1178 170 223

207 291 393 328 lerianae
422 290 589 334 majoris
619 301 694 328 seu
715 291 920 329 hortensis
943 302 981 330 v.
1007 291 1216 336 ponticae]
1235 292 1454 336 proposuit.
1499 291 1734 330 Valeriana
1757 293 2025 335 Dioscorides

207 349 335 383 Sihth.
360 349 401 383 in
426 348 533 384 Asia
554 347 709 396 minore
733 349 940 396 vulgaris,
974 347 1055 391 ᾳοῦ
1078 353 1278 395 veterum,
1311 349 1508 385 officinali
1523 353 1687 394 plantae
1702 354 1873 389 nostrati
1889 355 2023 390 simil-

202 404 305 440 lima
320 405 479 440 viribus
495 408 533 440 et
550 404 671 440 facie.
711 401 749 437 V
748 402 970 438 alere‘anae
987 403 1210 440 siceleensz's
1226 407 1353 449 Bong.
1370 406 1567 454 radicem,
1593 417 1646 442 ex
1659 409 1853 444 America
1869 411 2024 447 boreali

206 460 450 496 occidentali
474 461 660 507 petitam,
692 461 1090 504 praestantissimam
1113 462 1239 510 Russi
1262 462 1514 505 praedicant.
1572 464 1755 500 Plurima
1778 463 1919 500 Nardz'
1941 465 2024 501 cel-

208 515 321 550 ticae
351 521 388 552 et
412 514 553 550 Nardz·
571 515 738 551 indicae
760 519 868 560 apud
892 518 1051 560 priscos
1074 521 1169 554 laus
1193 522 1266 554 est.
1332 515 1524 553 Nardum
1547 518 1739 554 celticam
1763 521 1806 556 in
1830 522 2025 566 Liguriae

202 573 382 619 alpibus,
405 566 626 609 vernacule
644 570 847 608 saliunca
863 574 1026 619 dictam,
1051 575 1251 619 generari,
1276 574 1395 610 etiam
1412 575 1454 610 in
1470 576 1593 612 Istria
1609 577 1738 620 nasci,
1761 577 2023 615 Dioscorides

204 634 345 665 auctor
375 632 448 666 est.
514 627 750 663 Valeriana
773 628 926 664 celtica
948 630 1066 666 Linn.
1093 634 1129 666 et
1157 628 1394 665 Valeriana
1419 629 1622 667 Salz‘zmcoe
1645 633 1816 679 Allion.,
1848 636 1950 670 haec
1979 634 2023 671 in

203 686 399 731 Liguriae
422 685 605 732 alpibuS,
637 686 713 721 illa
736 686 777 721 in
795 687 974 723 excelsis
991 688 1155 730 Styriae
1178 690 1215 723 et
1234 687 1592 732 Carintliiaejugis
1608 697 1754 733 magno
1771 699 1935 726 numero
1954 693 2025 726 ob-

202 742 294 788 via,
325 745 400 778 hoc
424 745 671 785 pharmacon
696 739 885 788 (Spicum
902 740 1188 791 Nem-diemo„
1212 747 1334 788 vulgo
1350 742 1491 788 Speoe'hss)
1516 748 1730 791 praebent,
1756 756 1835 781 non
1851 755 2025 791 magnae

203 800 312 842 apud
344 798 561 841 alpicolam
587 801 746 842 gentem
775 801 1052 847 auctoritatis,
1085 802 1136 836 ad
1168 802 1345 836 arcenda
1374 800 1553 846 insecta,
1587 805 1657 837 aut
1680 802 1899 838 suffimenti
1920 806 2023 850 loco,

203 858 437 899 plerumque
461 864 485 889 a
508 856 792 902 pauperculis,
823 857 945 892 etiam
969 858 1080 893 circa
1103 866 1314 901 aegrorum
1335 859 1462 893 lectos
1487 858 1730 905 adhibitum,
1762 859 1949 901 plurimis
1973 862 2022 895 ob

204 912 339 947 odoris
362 911 676 958 vehementiam,
709 913 857 955 capitis
879 914 1038 949 dolores
1062 918 1369 960 provocantem,
1403 923 1591 959 exosum,
1622 924 1702 949 non
1727 915 1867 959 exigui
1890 918 2026 951 tamen

202 967 246 1003 in
262 971 490 1003 mercatura
506 970 685 1004 nostrate
701 970 902 1005 momenti.
959 971 1061 1005 Nam
1078 971 1201 1005 Nardi
1220 971 1371 1016 radice,
1399 979 1424 1005 a
1440 971 1649 1006 conductis
1665 970 1740 1006 vili
1757 972 1882 1013 pretio
1898 972 2026 1007 rusti-

202 1025 266 1060 cis
296 1023 442 1067 [vulgo
466 1021 767 1071 Speikgrciber)
795 1026 916 1068 juxta
946 1029 1153 1062 aeternam
1184 1027 1338 1069 alpium
1368 1027 1529 1070 Styriae
1560 1030 1598 1062 et
1625 1028 1859 1063 carinthiae
1888 1029 2025 1064 nivem

200 1083 327 1117 multo
345 1090 435 1115 cum
452 1082 598 1117 sudore
616 1082 763 1118 effossa
778 1086 815 1118 et
831 1082 874 1117 in
891 1082 1110 1118 fasciculos
1125 1083 1268 1129 ligata,
1284 1088 1529 1119 mercatores
1546 1083 1727 1126 ingentia
1744 1085 1855 1119 dolia
1870 1087 2026 1126 replent

202 1141 240 1172 et
264 1137 433 1180 navigia
457 1141 645 1184 onerant,
677 1147 782 1180 quae
805 1138 1020 1181 quotannis
1044 1141 1236 1183 Tergeste
1261 1139 1303 1173 in
1319 1140 1508 1174 Turciam
1533 1143 1568 1174 et
1587 1141 1817 1183 Aegyptum
1842 1141 2021 1186 solvunt,

200 1194 272 1229 ubi
295 1203 386 1229 eum
409 1203 555 1237 magno
578 1196 691 1229 lucro
714 1204 870 1231 merces
894 1196 1143 1243 divenditur,
1175 1195 1217 1231 in
1241 1195 1381 1230 Indiae
1398 1199 1436 1230 et
1452 1196 1696 1237 Aethiopiae
1712 1196 1938 1238 penetralia
1955 1197 2025 1232 de-

200 1252 420 1295 portanda,
454 1251 505 1285 ad
528 1250 793 1286 condiendum
818 1252 1030 1288 lectissimi
1051 1251 1249 1295 unguenti
1272 1261 1402 1296 genus
1420 1255 1456 1287 et
1474 1253 1524 1287 ad
1541 1252 1781 1287 medicanda
1798 1252 2024 1293 quotidiani

199 1316 303 1342 usus
319 1309 469 1342 balnea
483 1309 742 1343 vehementer
757 1308 820 1343 his
838 1309 1027 1351 gentibus
1044 1309 1235 1352 expetita.
1277 1310 1386 1343 Inter
1400 1310 1587 1351 Europae
1605 1310 1775 1350 populos
1792 1308 1892 1343 solis
1909 1310 2025 1344 Hun-

201 1363 314 1406 garis
345 1363 460 1399 illius
490 1363 641 1399 radicis
670 1364 712 1400 in
741 1365 962 1401 lotionibus
985 1366 1132 1408 eapitis
1156 1374 1257 1401 usus
1280 1367 1352 1400 est.
1411 1365 1588 1399 Herham
1611 1374 1662 1399 ex
1686 1364 1850 1407 alpibus
1873 1364 2024 1401 noricis

200 1419 389 1455 Danubio
406 1421 617 1456 advectam
634 1413 763 1455 Be'csi
773 1421 875 1470 -se'i,
908 1422 934 1456 i.
953 1432 985 1457 e.
1002 1425 1168 1457 herbam
1183 1421 1448 1456 viennensem
1464 1420 1686 1456 nominant.

315 1485 456 1523 Nardc‘
482 1487 649 1524 indicae
676 1494 857 1528 veterum
882 1502 955 1528 seu
982 1490 1133 1538 δρία-ηε
1158 1489 1298 1525 Narcle‘
1318 1500 1444 1525 verae
1473 1489 1697 1534 legitimum
1720 1500 1848 1534 genus
1873 1490 2023 1528 nostris

201 1545 374 1590 primum
412 1546 554 1582 diebus
590 1549 790 1584 botanicis
821 1549 1017 1595 innotuit,
1057 1548 1233 1593 egregiis
1263 1547 1499 1594 IVallichii,
1528 1548 1687 1582 ..summi
1721 1547 1818 1592 viri,
1859 1549 2022 1584 studiis.

201 1604 352 1638 Planta
375 1606 436 1638 est
453 1604 727 1640 Scorzonerae
748 1606 959 1647 cujusdam
976 1606 1142 1641 humilis
1161 1605 1286 1650 facie,
1319 1604 1430 1640 foliis
1448 1604 1654 1649 oblongis,
1686 1603 1877 1650 integris,
1910 1605 2023 1640 radi-

202 1659 363 1694 calibus
395 1661 616 1705 elongatis,
649 1663 931 1698 adumbratam
962 1671 987 1698 a
1015 1662 1252 1698 Dioscoride
1285 1661 1554 1703 descriptione
1585 1660 1803 1704 imaginem
1827 1660 2022 1706 referens,

200 1714 243 1750 in
262 1716 507 1758 Himalayae
525 1717 640 1760 jugis
664 1718 822 1765 genita,
847 1719 912 1754 sui
929 1720 1112 1763 generis,
1136 1718 1345 1754 Patriniae
1362 1717 1516 1763 affinis,
1542 1714 1868 1762 Nardostacliys
1885 1715 2023 1751 ,lata-

202 1772 342 1805 mcmsz’
363 1781 386 1808 a
405 1773 623 1808 Candolleo
641 1774 761 1810 dicta.
820 1776 953 1818 Hujus
970 1776 1146 1810 radicem
1165 1774 1312 1818 (vulgo
1330 1772 1608 1817 Jalumtlnsl']
1625 1776 1671 1809 ob
1688 1774 1881 1809 aromatis
1897 1775 2023 1809 vehe-

201 1829 393 1864 mentiam
425 1833 461 1864 et
494 1829 682 1865 virtutem
704 1831 901 1867 medicam
927 1842 998 1874 per
1021 1841 1177 1866 omnem
1199 1831 1356 1866 Indiam
1380 1830 1629 1865 circumferri
1653 1834 1824 1865 constat.
1884 1827 2026 1863 Nem-di

193 1884 345 1930 pistici
359 1889 606 1929 unguentum
623 1887 862 1933 pretiosum,
882 1890 986 1930 quod
1006 1897 1129 1930 super
1145 1886 1371 1922 salvatoris
1388 1887 1511 1929 pedes
1529 1894 1553 1921 a
1567 1886 1702 1921 Maria
1719 1887 1887 1921 effusum
1904 1888 2025 1923 odore

203 1943 360 1977 domum
377 1943 607 1984 replevisse
621 1943 797 1985 legimus
809 1971 818 1989 ,
837 1944 982 1979 *indica
997 1945 1130 1979 Nardo
1147 1943 1391 1978 medicatum
1409 1942 1537 1978 fuisse
1554 1943 1742 1977 creditur.
1771 1943 2024 1978 valerianae

200 1999 426 2040 specierum
453 1998 495 2033 in
517 1999 722 2035 montibus
743 2000 885 2036 Indiae
908 2000 1197 2045 crescentium,
1236 1997 1498 2033 Valeriorum
1531 1996 1752 2033 walachri
1763 1999 1844 2034 DC.
1872 2002 1910 2034 et
1931 1996 1971 2031 V
2001 2017 2022 2024 -

201 2052 394 2088 lem‘anae
409 2051 682 2089 Har-dwarf&
696 2058 826 2092 IVaII.
846 2056 1144 2100 [Chammaha]
1163 2056 1322 2091 radices
1340 2065 1431 2090 cum
1447 2055 1677 2090 Jatamansi
1692 2055 1854 2090 misceri
1871 2058 1909 2090 et
1926 2064 2023 2091 con-

200 2110 336 2158 fundi,
361 2120 440 2146 non
456 2110 721 2154 improbabile
737 2116 810 2148 est.
869 2113 1184 2149 Valeria'narum
1201 2112 1522 2157 americanarum
1540 2111 1826 2156 complurium,
1852 2120 2024 2154 quarum

199 2170 425 2204 nonnullae
454 2168 682 2217 volubiles,
714 2168 880 2206 radices
908 2172 1076 2213 plantae
1100 2168 1320 2205 officinalis
1343 2164 1463 2204 odore
1483 2169 1675 2212 gaudent.
1732 2167 1847 2203 Nihil
1871 2169 1918 2204 de
1944 2177 2024 2205 usu

203 2233 394 2268 comperi.
1939 2234 1944 2238 “

343 2294 463 2330 Folia
478 2294 654 2331 omnium
671 2295 961 2341 amaricantia,
992 2295 1311 2340 mucilaginosa,
1344 2303 1573 2331 annuarum
1588 2296 1824 2338 plerumque
1841 2293 2025 2338 insipida

202 2354 310 2387 sunt.
349 2348 666 2385 Valerz‘anellae
682 2351 881 2388 olitoriae
897 2355 1059 2388 Mtinch.
1082 2354 1207 2388 herba
1219 2351 1356 2394 junior
1372 2350 1741 2397 (Rapunzelsalat,
1766 2352 2022 2399 Vogelsalat,

202 2404 373 2452 Mache]
405 2407 448 2443 in
472 2408 668 2444 acetariis
691 2410 843 2456 edulis‚
877 2409 989 2445 sicca
1009 2411 1162 2444 latente
1184 2408 1309 2443 Nardi
1331 2407 1480 2450 spiritu
1501 2407 1690 2454 vellicat,
1723 2409 1811 2442 oleo
1836 2409 2023 2443 aethereo

202 2463 321 2499 foeta.
353 2460 607 2509 Astrephaze
631 2452 886 2500 coarctatae
908 2465 1024 2501 Dufr.
1049 2465 1168 2500 radix
1183 2464 1392 2510 perennis,
1418 2466 1456 2499 et
1474 2459 1728 2509 Astrepltiae
1743 2460 2025 2510 chaerophyl-

203 2517 326 2556 loidis
343 2518 425 2558 DC.
441 2523 568 2557 herba
581 2529 720 2558 annua
737 2524 841 2566 apud
860 2524 1069 2559 Peruanos
1084 2521 1189 2556 inter
1203 2520 1383 2557 remedia
1396 2521 1636 2556 vulneraria
1650 2522 1832 2557 habetur.

684 2699 854 2746 ordo
874 2693 1095 2746 CXIX.
1160 2698 1545 2756 Dipsaeeae.

344 2830 542 2880 Herbae
590 2846 772 2879 annuae
818 2848 862 2879 v.
900 2845 1160 2895 perennes,
1220 2828 1373 2875 rarius
1411 2827 1823 2884 suffrutescenteS,
1885 2827 2021 2875 caule

206 2902 371 2959 tereti,
410 2899 560 2963 foliis
605 2902 832 2965 oppositis
877 2919 920 2949 v.
960 2901 1197 2948 rarissime
1242 2898 1561 2954 verticillatis,
1610 2897 1924 2960 simplicibus,
1974 2898 2021 2944 in

206 2971 372 3018 eadem
411 2972 554 3035 stirpe
592 2988 733 3036 saepe
770 2973 937 3028 variis,
985 2968 1270 3017 radicalibus
1309 2983 1477 3031 nempe
1516 2984 1545 3014 a
1577 2968 1772 3014 caulinis
1805 2967 2019 3026 diversis,

206 3043 426 3104 integris,
488 3043 675 3106 lyratis,
735 3040 1018 3104 pinnatifidis
1063 3037 1482 3103 bipinnatifidisve‚
1544 3037 1786 3085 sessilibus
1833 3047 1882 3085 et
1925 3054 2022 3085 am-

206 3111 574 3176 plexicaulibus,
637 3111 871 3159 interdum
923 3110 1114 3158 basibus
1167 3110 1402 3167 connatis,
1462 3124 1508 3156 v.
1556 3109 1604 3154 in
1648 3109 1875 3172 petiolum
1919 3108 2021 3156 basi

206 3184 595 3247 amplexicaulem
626 3182 850 3241 dilatatis,
884 3181 1194 3244 exstipulatis.
1270 3181 1442 3227 Flores
1470 3179 1696 3243 perfecti,
1729 3178 2021 3242 irregulares

206 3269 253 3300 v.
297 3254 651 3317 subregulares,
697 3254 745 3300 in
790 3253 1041 3316 capitulum
1088 3251 1300 3309 densum,
1348 3250 1709 3307 involucratum,
1757 3266 1898 3314 supra
1941 3265 2021 3297 re-

210 3324 502 3387 ceptaculum
527 3324 696 3372 nudum
725 3340 770 3372 v.
794 3326 959 3372 florum
990 3322 1278 3385 singulorum
1308 3321 1517 3368 bracteis
1547 3320 1779 3385 paleatum
1811 3319 2018 3377 collecti,

209 3395 444 3443 rarissime
498 3397 544 3442 in
597 3395 816 3442 foliorum
869 3394 1162 3458 superiorum
1218 3392 1371 3439 axillis
1424 3389 2017 3454 aggregato-verticillati.

209 3467 452 3513 Bracteae
483 3467 582 3515 sive
612 3465 779 3530 paleae
813 3465 1003 3531 capituli
1034 3463 1301 3512 exteriores
1338 3461 1570 3527 interdum
1607 3461 1817 3518 sterileS,
1864 3458 2022 3507 corol-
