2147 3756
1037 106 1151 155 428

923 183 986 191 0...-
1126 183 1265 190 -„—-...-

297 279 418 317 4738,
453 277 692 321 tvlangtiena
713 274 846 313 Bleme.
1240 277 1360 314 4740.
1391 274 1678 316 Liriodendron
1697 277 1818 318 Lina.
1859 257 1862 259 Α

298 335 421 371 4739.
452 334 647 370 Mic-neria
665 332 785 368 Lc'me.
1448 339 1671 386 Tulipifera
1691 344 1816 378 Herm.

510 382 722 426 Champaca
741 382 880 415 lllteed.

510 423 693 468 Sampaca
709 423 881 468 Rumplz.

325 524 608 571 Subordo
638 525 726 568 ΙΙ.
786 522 1103 571 Illieieae.
1180 527 1383 566 Gemina
1413 527 1611 582 simplici
1645 529 1766 570 serie
1795 529 2001 571 verticil-

186 583 292 624 lafa.
325 607 380 614 —
438 584 563 622 Folia
589 581 818 635 pellucide
841 588 1077 636 punctam.
1141 585 1353 634 Capseclae
1379 584 1580 626 caducae
1607 600 1645 625 v.
1664 584 1834 627 nullae.

954 687 1234 722 GENERA‚

299 772 422 806 4741.
453 768 705 806 Tasmannia
725 762 774 806 R.
792 766 870 806 Ην.
1449 762 1693 798 Badianifera
1711 764 1822 800 Lim».

297 829 419 863 4742ο
449 827 614 867 Drjmyg
634 823 774 860 F0r3[‚
1451 812 1741 855 Cymbostemon
1759 814 1904 860 Spaclz.

510 874 687 907 XVintera
702 875 830 908 Murr.
1554 872 1578 897 ἥρ

503 917 734 950 Vv'interana
754 916 831 950 Sal.

506 958 721 1000 Magallana
740 960 944 996 Conmzers.

508 1001 669 1035 Canelia
688 1001 818 1037 Domo.

1239 935 1260 969 4
1269 934 1344 969 744
1353 961 1361 971 .
1386 935 1720 971 Trochodendron
1732 932 2007 973 Sz'eaetZucc.

507 1044 650 1086 Boique
668 1044 807 1079 Melia.
1335 1048 1523 1089 Genus
1555 1050 1792 1091 dubium.

298 1096 421 1132 4743.
452 1095 630 1131 Illicium
649 1092 769 1130 Lv'mz.

511 1142 859 1188 Skimmin'iimpf.
1239 1138 1360 1174 4745.
1392 1140 1539 1175 'femus
1558 1137 1706 1174 [Molin-

324 1230 647 1276 Affinitas.
707 1236 1014 1280 Magnoliaceas
1045 1245 1136 1272 cum
1158 1237 1392 1273 Anonaceis
1423 1240 1472 1273 ob
1504 1236 1644 1273 florum
1673 1241 1811 1281 partes
1841 1248 2005 1275 numero

185 1293 360 1331 ternario
393 1294 636 1339 dispositas,
669 1296 716 1329 ob
749 1296 942 1329 antheras
973 1294 1148 1329 adnatas
1179 1293 1482 1335 geminumque
1505 1304 1715 1330 numerum
1741 1299 1861 1338 atque
1884 1296 2007 1332 situm

185 1361 278 1387 esse
295 1351 475 1394 apprime
500 1353 718 1395 cognatas,
751 1350 950 1386 seminum
974 1353 1108 1385 autem
1131 1352 1319 1385 albumen
1343 1348 1602 1386 lamellosum
1626 1355 1663 1387 et
1678 1352 1873 1399 solidum,
1907 1352 2006 1389 folia

186 1411 225 1443 et
242 1407 440 1449 stipulata
460 1410 497 1442 et
514 1407 767 1449 exstipulata
783 1406 1058 1441 distinctionis
1075 1411 1192 1442 notas
1208 1409 1400 1448 praebere
1418 1411 1589 1443 constat.
1647 1409 1855 1444 Accedere
1871 1412 2006 1445 autem

185 1464 494 1507 Magnoliaceas
518 1463 640 1497 etiam
666 1464 717 1497 ad
740 1462 1042 1508 Dilleniaceas,
1075 1472 1163 1498 cum
1187 1463 1350 1508 habitu,
1384 1467 1466 1498 tum
1489 1463 1642 1508 insigni
1666 1466 1840 1507 partium
1862 1465 2007 1502 fructi-

185 1519 390 1556 ficantium
420 1519 596 1563 vicinia,
630 1519 870 1562 praeprimis
902 1518 1004 1560 quod
1027 1519 1255 1563 germinum
1278 1519 1556 1562 seminumque
1577 1524 1821 1558 structuram
1849 1522 2006 1569 attinet,

187 1576 392 1622 mumius,
425 1575 494 1618 qui
523 1576 569 1610 de
593 1575 657 1611 his
681 1575 991 1611 accuratissime
1014 1574 1201 1621 scripsit,
1236 1579 1438 1612 observat.
1497 1578 1603 1612 Esse
1627 1577 1734 1613 enim
1758 1578 1940 1620 germina
1963 1578 2006 1615 in

184 1632 452 1668 Dilleniaceis
482 1631 635 1676 pariter
663 1634 914 1678 monostyla,
946 1631 1244 1679 unilocularia,
1276 1636 1333 1679 et,
1367 1635 1549 1675 adaeque
1580 1642 1628 1669 ac
1659 1634 1700 1670 in
1731 1635 2006 1677 compluribus

185 1689 562 1733 Magnoliacearum
586 1688 821 1735 generibus,
853 1688 1067 1733 gemmulis
1090 1689 1300 1733 pluribus,
1332 1689 1438 1726 serie
1455 1690 1608 1732 duplici
1625 1691 1675 1725 ad
1691 1693 1916 1727 loculorum
1932 1701 2007 1727 an-

185 1749 326 1791 gulum
355 1745 585 1781 interlorem
609 1745 768 1791 affixis,
801 1745 1013 1781 instructa.
1072 1746 1302 1792 Accedere,
1333 1749 1484 1792 monet,
1517 1748 1618 1789 quod
1643 1748 1799 1783 semina
1823 1747 2006 1784 familiae

185 1803 395 1845 utriusque
419 1802 537 1838 arillo
560 1801 795 1838 muniantur
817 1811 988 1838 carnoso
1012 1811 1051 1838 v.
1074 1805 1345 1849 subpulposo,
1377 1807 1415 1838 et
1439 1804 1542 1845 quod
1568 1803 1723 1839 fabrica
1742 1804 1917 1847 ipsorum
1933 1805 2005 1840 vix

185 1869 234 1896 ac
269 1869 321 1894 ne
350 1859 423 1894 vix
446 1858 607 1901 quidem
636 1858 679 1893 in
703 1862 872 1901 utraque
898 1858 1066 1894 differat.
1125 1860 1278 1905 Quare,
1310 1863 1353 1894 ut
1376 1859 1557 1895 familiae
1580 1860 1686 1895 istae
1710 1860 2005 1907 discernantur,

186 1917 238 1952 ad
261 1915 500 1959 genitalium
522 1925 732 1951 numerum
756 1918 794 1950 et
810 1915 1117 1958 dispositionem
1134 1916 1435 1958 symmetricam
1453 1926 1545 1952 esse
1566 1917 1877 1962 decurrendum,
1908 1917 2007 1953 licet

185 1976 225 2009 et
248 1972 313 2008 hic
339 1972 536 2009 transitus
560 1976 625 2009 sat
647 1971 856 2008 manifesti
879 1980 904 2007 a
928 1971 1089 2008 familia
1112 1981 1196 2008 una
1217 1973 1267 2008 ad
1285 1975 1455 2008 alteram
1472 1976 1649 2023 pateant.
1709 1973 2006 2017 Magnoliaceis

185 2029 345 2073 quidem
360 2030 636 2073 integumenta
650 2028 810 2064 floralia
828 2028 968 2064 ordine
985 2029 1180 2073 ternario,
1211 2029 1478 2065 Dilleniaceis
1494 2030 1633 2064 ordine
1650 2030 1834 2072 quinario
1851 2030 2008 2075 digesta

185 2085 371 2133 attribui3
405 2089 468 2121 ast
485 2085 652 2128 reperiri
668 2085 998 2133 Magnoliaceas,
1029 2085 1072 2121 in
1089 2085 1235 2128 quibus
1252 2089 1388 2129 partes
1405 2086 1504 2121 illae
1526 2086 1663 2122 itidem
1687 2087 1793 2122 serie
1817 2086 2008 2128 quinaria

185 2143 465 2185 disponantur.
523 2143 811 2178 Verumtamen
836 2144 1111 2177 characterem
1134 2141 1258 2177 istum
1281 2143 1333 2178 ad
1356 2142 1663 2186 Magnoliaceas
1688 2152 1713 2178 a
1735 2143 2006 2179 Dilleniaceis

185 2199 496 2242 distinguendas
522 2197 564 2233 in
587 2198 823 2233 universum
849 2197 986 2242 magni
1011 2208 1101 2233 esse
1129 2198 1341 2245 momenti,-
1373 2201 1531 2245 utpote,
1562 2198 1630 2240 qui
1662 2199 1704 2234 in
1735 2199 1820 2234 illis
1852 2203 2007 2236 tantum

184 2255 560 2299 Magnoliacearum
577 2255 794 2299 generibus
819 2257 998 2301 aberrat,
1029 2263 1132 2297 quae
1155 2264 1372 2298 permagno
1395 2257 1619 2297 petalorum
1645 2255 2008 2293 multiseriatorum

184 2321 350 2347 nurnero
381 2311 642 2357 superbiunt,
674 2315 712 2346 et
737 2312 822 2353 jam
853 2314 926 2346 hoc
956 2311 1045 2354 ipso
1070 2321 1095 2347 a
1117 2311 1387 2347 Dilleniaeeis
1413 2310 1645 2358 deflectant,
1678 2321 1844 2354 quorum
1869 2315 2007 2355 petala

188 2371 424 2404 constanter
453 2368 536 2404 sint
566 2367 821 2404 uniserialia.
885 2367 952 2402 Ad
982 2367 1281 2404 distinctionem
1310 2377 1425 2410 porro
1456 2367 1638 2403 conferre
1660 2368 1783 2405 etiam
1807 2369 2004 2417 germina,

184 2425 227 2461 in
252 2425 520 2460 Ditleniaceis
545 2424 864 2467 subregnlariter
886 2423 1149 2468 uniserialia,
1181 2424 1222 2459 in
1246 2424 1542 2468 Magnoliaceis
1566 2435 1587 2460 e
1612 2429 1752 2460 contra
1773 2424 2007 2461 imbricato-

184 2481 365 2527 spicata,
399 2480 579 2523 exceptis
602 2481 844 2523 quitmsdam
867 2481 1084 2526 generibus
1102 2478 1341 2526 (Illic-ieie),
1373 2489 1476 2523 quae
1501 2480 1601 2516 forte
1624 2481 1775 2517 rectius
1799 2481 2005 2525 proprium

183 2538 385 2584 ordinem,
416 2537 695 2573 Dilleniaceas
711 2537 816 2573 inter
832 2541 868 2573 et
884 2537 1194 2581 Magnoliaceas
1216 2537 1518 2583 intermedium,
1551 2538 1795 2574 constituere
1819 2539 2004 2575 debeant.

183 2595 394 2630 Accedere
418 2594 523 2629 enim
547 2594 771 2637 germinum
789 2594 1055 2636 dispositione
1073 2593 1239 2637 propius
1257 2595 1308 2630 ad
1323 2591 1443 2640 illas,
1476 2602 1595 2637 quam
1612 2595 1664 2630 ad
1681 2595 2004 2642 MagnoliaceaS,

185 2659 212 2686 a
235 2650 381 2693 quibus
403 2651 526 2685 etiam
551 2650 717 2693 stipulis
740 2650 909 2692 minutis
941 2655 980 2687 et
1009 2651 1223 2686 admodum
1253 2650 1524 2697 imperfectis,
1558 2650 1750 2693 foliisque
1780 2651 2006 2694 pellucido-

184 2707 391 2750 punctatis
410 2706 611 2753 differant,
645 2711 765 2750 atque
783 2706 972 2744 fortassis
989 2707 1158 2751 insuper
1174 2709 1223 2742 ab
1240 2710 1408 2749 utraque
1427 2706 1584 2742 familia
1608 2706 1720 2742 arilli
1743 2707 1903 2742 defectu
1926 2705 2006 2742 dif-

184 2763 303 2799 ferre.
360 2763 528 2799 Viribus
546 2766 680 2799 autem
697 2763 848 2800 amaris
865 2767 902 2800 et
919 2763 1152 2800 aromaticis
1169 2763 1479 2808 Magnoliaceas
1496 2772 1522 2799 a
1536 2762 1788 2800 Dillenaceis
1804 2762 2004 2813 dignosci,

186 2828 357 2864 quarum
371 2822 551 2863 potestas
566 2829 675 2855 mere
692 2819 883 2864 styptica.

326 2883 750 2940 Geograpffia.
838 2889 1215 2935 Magnoliacearum
1250 2881 1461 2926 maximus*
1496 2898 1688 2926 numerus
1733 2889 1778 2926 in
1812 2888 2007 2927 Amerina

183 2946 341 2985 boreali
364 2948 581 2992 reperitur,
613 2948 719 2982 unde
743 2956 860 2983 rarae
890 2947 932 2982 in
964 2938 1125 2982 insulas
1156 2946 1380 2996 antQillanas
1410 2949 1650 2994 excurrunt,
1682 2946 1933 2990 frequentius
1962 2946 2006 2984 in

186 3003 416 3047 oppositum
447 3002 577 3039 Asiae
606 3003 743 3050 littus,
788 3003 1003 3046 Japoniam
1033 3006 1071 3037 et
1099 3002 1258 3038 Indiam
1287 3002 1582 3048 diffunduntur,
1626 3002 1813 3039 Africam
1841 3003 2004 3046 penitus

186 3059 403 3104 fugientes.
460 3058 644 3094 Illicieae
675 3069 746 3102 per
768 3068 924 3094 omnem
947 3058 1200 3105 Americam,
1233 3058 1424 3106 Chinam,
1455 3059 1694 3109 Japoniam,
1724 3061 1881 3097 Novam
1895 3060 2005 3110 ¹I-Iol-

188 3116 373 3152 landiam
390 3118 427 3151 et.
443 3118 600 3151 Novam
615 3115 883 3151 Zeelandiam
900 3115 1107 3158 dispersae
1123 3114 1321 3151 habitant.

329 3179 688 3232 unalitates
720 3188 760 3222 et
787 3190 956 3225 usus.
1028 3186 1190 3222 Virtute
1220 3186 1272 3221 ad
1302 3186 1548 3222 Anonaceas
1581 3186 1762 3231 proxime
1792 3186 2002 3223 accedunt.

186 3243 388 3279 Intensior
406 3247 538 3279 tamen
555 3243 597 3278 in
614 3243 818 3286 plerisque
835 3246 892 3278 est
911 3242 1074 3278 corticis
1099 3246 1138 3278 et
1159 3242 1263 3286 ligni
1285 3243 1515 3288 amarities,
1549 3252 1574 3279 a
1598 3243 1841 3280 substantiis
1865 3244 2005 3278 extra³

189 3301 309 3335 ctivis
326 3301 478 3336 amaris
496 3302 534 3335 et
552 3299 749 3336 resinosis
768 3300 998 3343 repetenda.
1055 3301 1103 3334 In
1120 3298 1360 3342 pericarpiis
1384 3303 1422 3335 et
1444 3300 1669 3336 seminibus
1692 3300 1821 3342 major
1843 3307 2003 3335 aroma-

191 3356 263 3401 tis,
294 3355 494 3392 interdum
516 3365 608 3392 cum
633 3359 720 3393 oleo
746 3355 887 3400 pingui
909 3355 1025 3399 nupti
1044 3355 1202 3400 puritas
1231 3356 1401 3404 emicat,
1432 3366 1471 3392 v,
1489 3357 1706 3392 accedente
1729 3355 1918 3391 acredine
1941 3358 2004 3391 est

191 3412 476 3448 contaminata.
534 3413 708 3449 Fructus
733 3413 874 3449 edules
898 3411 941 3449 in
957 3411 1020 3448 his
1037 3412 1110 3448 vix
1127 3416 1370 3459 nascuntur,
1402 3412 1589 3456 plurimis
1605 3415 1739 3449 autem
1755 3407 1997 3448 interreme-

191 3469 257 3504 dia
275 3468 403 3505 tonico
414 3489 432 3495 -
443 3468 718 3519 stimulanda,
751 3469 991 3514 quibusdam
1008 3468 1130 3507 etiam
1148 3468 1252 3507 inter
1268 3470 1522 3508 condimenta
1536 3467 1908 3513 loeuscoiiceditur.
