<?xml version="1.0" encoding="UTF-8"?>
<!DOCTYPE html PUBLIC "-//W3C//DTD XHTML 1.0 Transitional//EN"
    "http://www.w3.org/TR/xhtml1/DTD/xhtml1-transitional.dtd">
<html xmlns="http://www.w3.org/1999/xhtml" xml:lang="en" lang="en">
 <head>
  <title>
</title>
<meta http-equiv="Content-Type" content="text/html;charset=utf-8" />
  <meta name='ocr-system' content='tesseract 3.04.00' />
  <meta name='ocr-capabilities' content='ocr_page ocr_carea ocr_par ocr_line ocrx_word'/>
</head>
<body>
  <div class='ocr_page' id='page_1' title='image "./enchiridionbotan00endl/enchiridionbotan00endl_0564.png"; bbox 0 0 2147 3756; ppageno 0'>
   <div class='ocr_carea' id='block_1_1' title="bbox 1081 65 1201 115">
    <p class='ocr_par' dir='ltr' id='par_1_1' title="bbox 1081 65 1201 115">
     <span class='ocr_line' id='line_1_1' title="bbox 1081 65 1201 115; baseline -0.008 0"><span class='ocrx_word' id='word_1_1' title='bbox 1081 65 1201 115; x_wconf 75' lang='lat'><strong>546</strong></span> 
     </span>
    </p>
   </div>
   <div class='ocr_carea' id='block_1_2' title="bbox 236 232 2068 2425">
    <p class='ocr_par' dir='ltr' id='par_1_2' title="bbox 236 232 2068 2425">
     <span class='ocr_line' id='line_1_2' title="bbox 242 232 2049 299; baseline -0.002 -12"><span class='ocrx_word' id='word_1_2' title='bbox 242 248 445 288; x_wconf 79' lang='lat' dir='ltr'><strong>scentes.</strong></span> <span class='ocrx_word' id='word_1_3' title='bbox 520 238 661 286; x_wconf 68' lang='lat' dir='ltr'><strong>Folia</strong></span> <span class='ocrx_word' id='word_1_4' title='bbox 692 237 893 293; x_wconf 88' lang='lat' dir='ltr'><strong>alterna,</strong></span> <span class='ocrx_word' id='word_1_5' title='bbox 927 233 1159 281; x_wconf 87' lang='lat' dir='ltr'><strong>interdum</strong></span> <span class='ocrx_word' id='word_1_6' title='bbox 1192 232 1413 292; x_wconf 88' lang='lat' dir='ltr'><strong>disticha,</strong></span> <span class='ocrx_word' id='word_1_7' title='bbox 1446 234 1698 298; x_wconf 86' lang='lat' dir='ltr'><strong>simplicia,</strong></span> <span class='ocrx_word' id='word_1_8' title='bbox 1731 236 2049 299; x_wconf 86' lang='lat' dir='ltr'><strong>integerrima,</strong></span> 
     </span>
     <span class='ocr_line' id='line_1_3' title="bbox 238 305 2052 376; baseline -0.001 -19"><span class='ocrx_word' id='word_1_9' title='bbox 238 311 488 376; x_wconf 87' lang='lat' dir='ltr'><strong>petiolata,</strong></span> <span class='ocrx_word' id='word_1_10' title='bbox 537 324 862 371; x_wconf 80' lang='lat' dir='ltr'>nonnunquam</span> <span class='ocrx_word' id='word_1_11' title='bbox 908 305 1320 368; x_wconf 85' lang='lat' dir='ltr'><strong>squamaeformia,</strong></span> <span class='ocrx_word' id='word_1_12' title='bbox 1366 306 1638 368; x_wconf 78' lang='lat' dir='ltr'><strong>saepissime</strong></span> <span class='ocrx_word' id='word_1_13' title='bbox 1680 308 1921 363; x_wconf 83' lang='lat' dir='ltr'><strong>coriacea,</strong></span> <span class='ocrx_word' id='word_1_14' title='bbox 1968 325 2052 370; x_wconf 88' lang='lat' dir='ltr'><strong>pe-</strong></span> 
     </span>
     <span class='ocr_line' id='line_1_4' title="bbox 240 376 2052 441; baseline -0.002 -13"><span class='ocrx_word' id='word_1_15' title='bbox 240 382 355 428; x_wconf 81' lang='lat' dir='ltr'><strong>tiolo</strong></span> <span class='ocrx_word' id='word_1_16' title='bbox 388 397 489 428; x_wconf 89' lang='lat' dir='ltr'><strong>cum</strong></span> <span class='ocrx_word' id='word_1_17' title='bbox 523 396 651 427; x_wconf 85' lang='lat' dir='ltr'><strong>ramo</strong></span> <span class='ocrx_word' id='word_1_18' title='bbox 684 377 955 433; x_wconf 81' lang='lat' dir='ltr'><strong>articulato,</strong></span> <span class='ocrx_word' id='word_1_19' title='bbox 988 376 1287 438; x_wconf 81' lang='lat' dir='ltr'><strong>exstipulata.</strong></span> <span class='ocrx_word' id='word_1_20' title='bbox 1347 377 1520 423; x_wconf 76' lang='lat' dir='ltr'><strong>Flores</strong></span> <span class='ocrx_word' id='word_1_21' title='bbox 1549 376 1817 439; x_wconf 85' lang='lat' dir='ltr'><strong>regulares,</strong></span> <span class='ocrx_word' id='word_1_22' title='bbox 1850 379 2052 441; x_wconf 83' lang='lat' dir='ltr'><strong>perfecti</strong></span> 
     </span>
     <span class='ocr_line' id='line_1_5' title="bbox 236 446 2050 513; baseline -0.003 -13"><span class='ocrx_word' id='word_1_23' title='bbox 236 470 279 500; x_wconf 81' lang='lat' dir='ltr'><strong>v.</strong></span> <span class='ocrx_word' id='word_1_24' title='bbox 320 451 487 498; x_wconf 83' lang='lat' dir='ltr'><strong>abortu</strong></span> <span class='ocrx_word' id='word_1_25' title='bbox 535 447 821 513; x_wconf 75' lang='lat' dir='ltr'><strong>imperfecti,</strong></span> <span class='ocrx_word' id='word_1_26' title='bbox 871 446 1114 504; x_wconf 79' lang='lat' dir='ltr'><strong>axillares,</strong></span> <span class='ocrx_word' id='word_1_27' title='bbox 1163 446 1454 509; x_wconf 83' lang='lat' dir='ltr'><strong>corymbosi,</strong></span> <span class='ocrx_word' id='word_1_28' title='bbox 1501 449 1732 494; x_wconf 88' lang='lat' dir='ltr'><strong>racemosi</strong></span> <span class='ocrx_word' id='word_1_29' title='bbox 1780 465 1820 495; x_wconf 90' lang='lat' dir='ltr'><strong>v.</strong></span> <span class='ocrx_word' id='word_1_30' title='bbox 1861 450 2050 511; x_wconf 77' lang='lat' dir='ltr'><strong>spicati,</strong></span> 
     </span>
     <span class='ocr_line' id='line_1_6' title="bbox 237 516 2051 582; baseline -0.002 -13"><span class='ocrx_word' id='word_1_31' title='bbox 237 523 457 569; x_wconf 86' lang='lat' dir='ltr'><strong>distincte</strong></span> <span class='ocrx_word' id='word_1_32' title='bbox 489 530 568 568; x_wconf 86' lang='lat' dir='ltr'><strong>aut</strong></span> <span class='ocrx_word' id='word_1_33' title='bbox 607 519 820 565; x_wconf 89' lang='lat' dir='ltr'><strong>obsolete</strong></span> <span class='ocrx_word' id='word_1_34' title='bbox 858 516 1115 573; x_wconf 86' lang='lat' dir='ltr'><strong>bracteati,</strong></span> <span class='ocrx_word' id='word_1_35' title='bbox 1162 518 1399 564; x_wconf 80' lang='lat' dir='ltr'><strong>rarissime</strong></span> <span class='ocrx_word' id='word_1_36' title='bbox 1439 517 1751 575; x_wconf 87' lang='lat' dir='ltr'><strong>terminales,.</strong></span> <span class='ocrx_word' id='word_1_37' title='bbox 1779 520 2051 582; x_wconf 87' lang='lat' dir='ltr'><strong>paniculati,</strong></span> 
     </span>
     <span class='ocr_line' id='line_1_7' title="bbox 236 587 2053 658; baseline -0.003 -18"><span class='ocrx_word' id='word_1_38' title='bbox 236 592 513 658; x_wconf 81' lang='lat' dir='ltr'><strong>pedunculis</strong></span> <span class='ocrx_word' id='word_1_39' title='bbox 558 590 659 636; x_wconf 90' lang='lat' dir='ltr'><strong>basi</strong></span> <span class='ocrx_word' id='word_1_40' title='bbox 705 588 981 635; x_wconf 89' lang='lat' dir='ltr'><strong>articulatis.</strong></span> <span class='ocrx_word' id='word_1_41' title='bbox 1074 588 1229 649; x_wconf 76' lang='lat' dir='ltr'><strong>Calyoe</strong></span> <span class='ocrx_word' id='word_1_42' title='bbox 1273 587 1416 644; x_wconf 89' lang='lat' dir='ltr'><strong>liber,</strong></span> <span class='ocrx_word' id='word_1_43' title='bbox 1463 604 1653 650; x_wconf 88' lang='lat' dir='ltr'><strong>parvus,</strong></span> <span class='ocrx_word' id='word_1_44' title='bbox 1710 589 2053 653; x_wconf 81' lang='lat' dir='ltr'><strong>gamophyllus,</strong></span> 
     </span>
     <span class='ocr_line' id='line_1_8' title="bbox 236 658 2053 721; baseline -0.003 -10"><span class='ocrx_word' id='word_1_45' title='bbox 236 672 480 711; x_wconf 83' lang='lat' dir='ltr'><strong>truncatus</strong></span> <span class='ocrx_word' id='word_1_46' title='bbox 525 678 570 708; x_wconf 84' lang='lat' dir='ltr'><strong>v.</strong></span> <span class='ocrx_word' id='word_1_47' title='bbox 618 658 953 716; x_wconf 80' lang='lat' dir='ltr'><strong>denticulatus,</strong></span> <span class='ocrx_word' id='word_1_48' title='bbox 1001 658 1285 721; x_wconf 87' lang='lat' dir='ltr'><strong>persistens,</strong></span> <span class='ocrx_word' id='word_1_49' title='bbox 1331 659 1552 705; x_wconf 85' lang='lat' dir='ltr'><strong>fructifer</strong></span> <span class='ocrx_word' id='word_1_50' title='bbox 1595 658 1826 705; x_wconf 86' lang='lat' dir='ltr'><strong>interdum</strong></span> <span class='ocrx_word' id='word_1_51' title='bbox 1873 669 2053 706; x_wconf 85' lang='lat' dir='ltr'><strong>auctus.</strong></span> 
     </span>
     <span class='ocr_line' id='line_1_9' title="bbox 240 729 2055 795; baseline -0.002 -14"><span class='ocrx_word' id='word_1_52' title='bbox 240 735 468 786; x_wconf 72' lang='lat' dir='ltr'><strong>Cot-ollae</strong></span> <span class='ocrx_word' id='word_1_53' title='bbox 512 731 668 795; x_wconf 86' lang='lat' dir='ltr'><strong>petala</strong></span> <span class='ocrx_word' id='word_1_54' title='bbox 713 738 933 792; x_wconf 86' lang='lat' dir='ltr'><strong>quatuor,</strong></span> <span class='ocrx_word' id='word_1_55' title='bbox 996 729 1198 791; x_wconf 88' lang='lat' dir='ltr'><strong>quinque</strong></span> <span class='ocrx_word' id='word_1_56' title='bbox 1243 745 1291 775; x_wconf 83' lang='lat' dir='ltr'><strong>v.</strong></span> <span class='ocrx_word' id='word_1_57' title='bbox 1342 745 1447 786; x_wconf 88' lang='lat' dir='ltr'><strong>sex,</strong></span> <span class='ocrx_word' id='word_1_58' title='bbox 1509 730 1811 791; x_wconf 86' lang='lat' dir='ltr'><strong>receptaculo</strong></span> <span class='ocrx_word' id='word_1_59' title='bbox 1864 731 2055 787; x_wconf 66' lang='lat' dir='ltr'><strong>inserta,</strong></span> 
     </span>
     <span class='ocr_line' id='line_1_10' title="bbox 238 800 2054 862; baseline -0.002 -11"><span class='ocrx_word' id='word_1_60' title='bbox 238 804 572 859; x_wconf 84' lang='lat' dir='ltr'><strong>subcoriacea,</strong></span> <span class='ocrx_word' id='word_1_61' title='bbox 617 802 740 847; x_wconf 90' lang='lat' dir='ltr'><strong>intus</strong></span> <span class='ocrx_word' id='word_1_62' title='bbox 785 815 926 862; x_wconf 82' lang='lat' dir='ltr'><strong>saepe</strong></span> <span class='ocrx_word' id='word_1_63' title='bbox 969 801 1161 857; x_wconf 82' lang='lat' dir='ltr'><strong>villosa,</strong></span> <span class='ocrx_word' id='word_1_64' title='bbox 1207 800 1518 846; x_wconf 88' lang='lat' dir='ltr'><strong>aestivatione</strong></span> <span class='ocrx_word' id='word_1_65' title='bbox 1563 800 1770 858; x_wconf 87' lang='lat' dir='ltr'><strong>valvata,</strong></span> <span class='ocrx_word' id='word_1_66' title='bbox 1819 800 1969 847; x_wconf 85' lang='lat' dir='ltr'><strong>libera</strong></span> <span class='ocrx_word' id='word_1_67' title='bbox 2011 818 2054 848; x_wconf 90' lang='lat' dir='ltr'><strong>v.</strong></span> 
     </span>
     <span class='ocr_line' id='line_1_11' title="bbox 239 869 2052 936; baseline -0.002 -15"><span class='ocrx_word' id='word_1_68' title='bbox 239 875 393 921; x_wconf 88' lang='lat' dir='ltr'><strong>omnia</strong></span> <span class='ocrx_word' id='word_1_69' title='bbox 437 881 515 919; x_wconf 85' lang='lat' dir='ltr'><strong>aut</strong></span> <span class='ocrx_word' id='word_1_70' title='bbox 563 871 786 936; x_wconf 77' lang='lat' dir='ltr'><strong>quaedam</strong></span> <span class='ocrx_word' id='word_1_71' title='bbox 832 869 1142 917; x_wconf 85' lang='lat' dir='ltr'><strong>mediantibus</strong></span> <span class='ocrx_word' id='word_1_72' title='bbox 1189 870 1462 917; x_wconf 87' lang='lat' dir='ltr'><strong>staminibus</strong></span> <span class='ocrx_word' id='word_1_73' title='bbox 1508 886 1594 934; x_wconf 87' lang='lat' dir='ltr'><strong>per</strong></span> <span class='ocrx_word' id='word_1_74' title='bbox 1637 872 1769 933; x_wconf 86' lang='lat' dir='ltr'><strong>paria</strong></span> <span class='ocrx_word' id='word_1_75' title='bbox 1821 887 2052 918; x_wconf 80' lang='lat' dir='ltr'><strong>connexa.</strong></span> 
     </span>
     <span class='ocr_line' id='line_1_12' title="bbox 238 940 2058 1006; baseline -0.003 -13"><span class='ocrx_word' id='word_1_76' title='bbox 238 946 459 994; x_wconf 75' lang='lat' dir='ltr'><strong>Stamina</strong></span> <span class='ocrx_word' id='word_1_77' title='bbox 492 942 798 1006; x_wconf 86' lang='lat' dir='ltr'><strong>receptaculo</strong></span> <span class='ocrx_word' id='word_1_78' title='bbox 831 942 1031 998; x_wconf 87' lang='lat' dir='ltr'><strong>inserta,</strong></span> <span class='ocrx_word' id='word_1_79' title='bbox 1078 940 1227 987; x_wconf 88' lang='lat' dir='ltr'><strong>libera</strong></span> <span class='ocrx_word' id='word_1_80' title='bbox 1257 958 1300 988; x_wconf 88' lang='lat' dir='ltr'><strong>v.</strong></span> <span class='ocrx_word' id='word_1_81' title='bbox 1334 942 1673 988; x_wconf 82' lang='lat' dir='ltr'><strong>filamentorum</strong></span> <span class='ocrx_word' id='word_1_82' title='bbox 1708 957 1796 1004; x_wconf 88' lang='lat' dir='ltr'><strong>ope</strong></span> <span class='ocrx_word' id='word_1_83' title='bbox 1836 947 1938 988; x_wconf 84' lang='lat' dir='ltr'><strong>cum</strong></span> <span class='ocrx_word' id='word_1_84' title='bbox 1977 957 2058 1004; x_wconf 88' lang='lat' dir='ltr'><strong>pe-</strong></span> 
     </span>
     <span class='ocr_line' id='line_1_13' title="bbox 239 1011 2058 1074; baseline -0.002 -12"><span class='ocrx_word' id='word_1_85' title='bbox 239 1017 344 1063; x_wconf 76' lang='lat' dir='ltr'><strong>talis</strong></span> <span class='ocrx_word' id='word_1_86' title='bbox 385 1015 710 1070; x_wconf 79' lang='lat' dir='ltr'><strong>cohaerentia,</strong></span> <span class='ocrx_word' id='word_1_87' title='bbox 758 1013 910 1058; x_wconf 88' lang='lat' dir='ltr'><strong>rarius</strong></span> <span class='ocrx_word' id='word_1_88' title='bbox 949 1011 1120 1074; x_wconf 87' lang='lat' dir='ltr'><strong>petalis</strong></span> <span class='ocrx_word' id='word_1_89' title='bbox 1151 1028 1344 1058; x_wconf 90' lang='lat' dir='ltr'><strong>numero</strong></span> <span class='ocrx_word' id='word_1_90' title='bbox 1377 1012 1590 1074; x_wconf 86' lang='lat' dir='ltr'><strong>aequalia</strong></span> <span class='ocrx_word' id='word_1_91' title='bbox 1623 1021 1670 1059; x_wconf 88' lang='lat' dir='ltr'><strong>ct</strong></span> <span class='ocrx_word' id='word_1_92' title='bbox 1701 1013 1906 1069; x_wconf 86' lang='lat' dir='ltr'><strong>alterna,</strong></span> <span class='ocrx_word' id='word_1_93' title='bbox 1954 1029 2058 1059; x_wconf 85' lang='lat' dir='ltr'><strong>sae-</strong></span> 
     </span>
     <span class='ocr_line' id='line_1_14' title="bbox 242 1082 2060 1150; baseline -0.003 -17"><span class='ocrx_word' id='word_1_94' title='bbox 242 1087 431 1150; x_wconf 87' lang='lat' dir='ltr'><strong>pissime</strong></span> <span class='ocrx_word' id='word_1_95' title='bbox 466 1084 626 1148; x_wconf 86' lang='lat' dir='ltr'><strong>dupla,</strong></span> <span class='ocrx_word' id='word_1_96' title='bbox 660 1082 826 1130; x_wconf 89' lang='lat' dir='ltr'><strong>iisdem</strong></span> <span class='ocrx_word' id='word_1_97' title='bbox 857 1099 944 1146; x_wconf 89' lang='lat' dir='ltr'><strong>per</strong></span> <span class='ocrx_word' id='word_1_98' title='bbox 973 1084 1102 1129; x_wconf 87' lang='lat' dir='ltr'><strong>vices</strong></span> <span class='ocrx_word' id='word_1_99' title='bbox 1135 1082 1317 1128; x_wconf 89' lang='lat' dir='ltr'><strong>alterna</strong></span> <span class='ocrx_word' id='word_1_100' title='bbox 1350 1092 1397 1128; x_wconf 88' lang='lat' dir='ltr'><strong>et</strong></span> <span class='ocrx_word' id='word_1_101' title='bbox 1429 1083 1666 1145; x_wconf 86' lang='lat' dir='ltr'><strong>opposita,</strong></span> <span class='ocrx_word' id='word_1_102' title='bbox 1701 1084 1852 1128; x_wconf 83' lang='lat' dir='ltr'><strong>onmia</strong></span> <span class='ocrx_word' id='word_1_103' title='bbox 1883 1084 2060 1129; x_wconf 79' lang='lat' dir='ltr'><strong>fertilia</strong></span> 
     </span>
     <span class='ocr_line' id='line_1_15' title="bbox 241 1151 2060 1219; baseline -0.003 -14"><span class='ocrx_word' id='word_1_104' title='bbox 241 1175 286 1205; x_wconf 85' lang='lat' dir='ltr'><strong>v.</strong></span> <span class='ocrx_word' id='word_1_105' title='bbox 319 1157 423 1214; x_wconf 89' lang='lat' dir='ltr'><strong>illa,</strong></span> <span class='ocrx_word' id='word_1_106' title='bbox 457 1171 574 1219; x_wconf 87' lang='lat' dir='ltr'><strong>quae</strong></span> <span class='ocrx_word' id='word_1_107' title='bbox 605 1154 775 1218; x_wconf 84' lang='lat' dir='ltr'><strong>petalis</strong></span> <span class='ocrx_word' id='word_1_108' title='bbox 807 1154 1023 1217; x_wconf 87' lang='lat' dir='ltr'><strong>opposita</strong></span> <span class='ocrx_word' id='word_1_109' title='bbox 1055 1161 1182 1208; x_wconf 89' lang='lat' dir='ltr'><strong>sunt,</strong></span> <span class='ocrx_word' id='word_1_110' title='bbox 1220 1152 1419 1209; x_wconf 85' lang='lat' dir='ltr'><strong>fertilia,</strong></span> <span class='ocrx_word' id='word_1_111' title='bbox 1461 1169 1564 1198; x_wconf 89' lang='lat' dir='ltr'><strong>cum</strong></span> <span class='ocrx_word' id='word_1_112' title='bbox 1595 1151 1790 1199; x_wconf 86' lang='lat' dir='ltr'><strong>totidem</strong></span> <span class='ocrx_word' id='word_1_113' title='bbox 1823 1153 2060 1200; x_wconf 89' lang='lat' dir='ltr'><strong>sterilibus</strong></span> 
     </span>
     <span class='ocr_line' id='line_1_16' title="bbox 240 1223 2060 1286; baseline -0.002 -12"><span class='ocrx_word' id='word_1_114' title='bbox 240 1228 544 1283; x_wconf 82' lang='lat' dir='ltr'><strong>alternantia,</strong></span> <span class='ocrx_word' id='word_1_115' title='bbox 579 1227 729 1272; x_wconf 87' lang='lat' dir='ltr'><strong>rarius</strong></span> <span class='ocrx_word' id='word_1_116' title='bbox 761 1224 967 1283; x_wconf 90' lang='lat' dir='ltr'><strong>illorum,</strong></span> <span class='ocrx_word' id='word_1_117' title='bbox 1003 1239 1118 1286; x_wconf 91' lang='lat' dir='ltr'><strong>quae</strong></span> <span class='ocrx_word' id='word_1_118' title='bbox 1153 1224 1276 1269; x_wconf 89' lang='lat' dir='ltr'><strong>inter</strong></span> <span class='ocrx_word' id='word_1_119' title='bbox 1305 1223 1462 1285; x_wconf 83' lang='lat' dir='ltr'><strong>petala</strong></span> <span class='ocrx_word' id='word_1_120' title='bbox 1493 1224 1582 1269; x_wconf 85' lang='lat' dir='ltr'><strong>sita</strong></span> <span class='ocrx_word' id='word_1_121' title='bbox 1613 1231 1739 1281; x_wconf 87' lang='lat' dir='ltr'><strong>sunt,</strong></span> <span class='ocrx_word' id='word_1_122' title='bbox 1773 1223 1992 1270; x_wconf 90' lang='lat' dir='ltr'><strong>nonnulla</strong></span> <span class='ocrx_word' id='word_1_123' title='bbox 2016 1240 2060 1271; x_wconf 86' lang='lat' dir='ltr'><strong>v.</strong></span> 
     </span>
     <span class='ocr_line' id='line_1_17' title="bbox 242 1283 2062 1358; baseline -0.002 -13"><span class='ocrx_word' id='word_1_124' title='bbox 242 1299 395 1345; x_wconf 86' lang='lat' dir='ltr'><strong>omnia</strong></span> <span class='ocrx_word' id='word_1_125' title='bbox 426 1297 625 1354; x_wconf 77' lang='lat' dir='ltr'><strong>fertilia,</strong></span> <span class='ocrx_word' id='word_1_126' title='bbox 673 1304 721 1342; x_wconf 86' lang='lat' dir='ltr'><strong>et</strong></span> <span class='ocrx_word' id='word_1_127' title='bbox 752 1295 932 1342; x_wconf 86' lang='lat' dir='ltr'><strong>sterilia</strong></span> <span class='ocrx_word' id='word_1_128' title='bbox 965 1293 1163 1340; x_wconf 83' lang='lat' dir='ltr'><strong>indivisa</strong></span> <span class='ocrx_word' id='word_1_129' title='bbox 1194 1302 1274 1340; x_wconf 88' lang='lat' dir='ltr'><strong>ant</strong></span> <span class='ocrx_word' id='word_1_130' title='bbox 1302 1293 1444 1340; x_wconf 86' lang='lat' dir='ltr'><strong>bifida</strong></span> <span class='ocrx_word' id='word_1_131' title='bbox 1473 1294 1642 1358; x_wconf 84' lang='lat' dir='ltr'><strong>petalis</strong></span> <span class='ocrx_word' id='word_1_132' title='bbox 1676 1283 1907 1357; x_wconf 85' lang='lat' dir='ltr'><strong>opposita.</strong></span> <span class='ocrx_word' id='word_1_133' title='bbox 1979 1296 2062 1342; x_wconf 79' lang='lat' dir='ltr'><strong><em>Fz‘-</em></strong></span> 
     </span>
     <span class='ocr_line' id='line_1_18' title="bbox 242 1364 2059 1427; baseline -0.003 -10"><span class='ocrx_word' id='word_1_134' title='bbox 242 1371 454 1417; x_wconf 78' lang='lat' dir='ltr'><strong>lamenta</strong></span> <span class='ocrx_word' id='word_1_135' title='bbox 499 1367 736 1414; x_wconf 88' lang='lat' dir='ltr'><strong>filiformia</strong></span> <span class='ocrx_word' id='word_1_136' title='bbox 780 1382 824 1412; x_wconf 86' lang='lat' dir='ltr'><strong>v.</strong></span> <span class='ocrx_word' id='word_1_137' title='bbox 866 1364 1431 1427; x_wconf 71' lang='lat' dir='ltr'><strong>complanato-subulam.</strong></span> <span class='ocrx_word' id='word_1_138' title='bbox 1506 1365 1764 1413; x_wconf 73' lang='lat' dir='ltr'><strong>Antherae</strong></span> <span class='ocrx_word' id='word_1_139' title='bbox 1809 1365 2059 1423; x_wconf 86' lang='lat' dir='ltr'><strong>introrsae,</strong></span> 
     </span>
     <span class='ocr_line' id='line_1_19' title="bbox 240 1431 2062 1499; baseline -0.003 -12"><span class='ocrx_word' id='word_1_140' title='bbox 240 1439 550 1496; x_wconf 85' lang='lat' dir='ltr'><strong>biloculares,</strong></span> <span class='ocrx_word' id='word_1_141' title='bbox 585 1437 843 1499; x_wconf 77' lang='lat' dir='ltr'><strong>oblongae,</strong></span> <span class='ocrx_word' id='word_1_142' title='bbox 877 1444 1093 1493; x_wconf 84' lang='lat' dir='ltr'><strong>erectae,</strong></span> <span class='ocrx_word' id='word_1_143' title='bbox 1127 1431 1533 1497; x_wconf 83' lang='lat' dir='ltr'><strong>longitudinaliter</strong></span> <span class='ocrx_word' id='word_1_144' title='bbox 1564 1433 1881 1482; x_wconf 86' lang='lat' dir='ltr'><strong>dehiscentes.</strong></span> <span class='ocrx_word' id='word_1_145' title='bbox 1946 1436 2062 1482; x_wconf 80' lang='lat' dir='ltr'><strong>Ger-</strong></span> 
     </span>
     <span class='ocr_line' id='line_1_20' title="bbox 240 1505 2062 1567; baseline -0.003 -9"><span class='ocrx_word' id='word_1_146' title='bbox 240 1528 345 1558; x_wconf 80' lang='lat' dir='ltr'><strong>men</strong></span> <span class='ocrx_word' id='word_1_147' title='bbox 378 1510 603 1567; x_wconf 89' lang='lat' dir='ltr'><strong>liberum,</strong></span> <span class='ocrx_word' id='word_1_148' title='bbox 638 1524 760 1554; x_wconf 91' lang='lat' dir='ltr'><strong>nunc</strong></span> <span class='ocrx_word' id='word_1_149' title='bbox 792 1506 1109 1564; x_wconf 88' lang='lat' dir='ltr'><strong>uniloculare,</strong></span> <span class='ocrx_word' id='word_1_150' title='bbox 1144 1506 1392 1552; x_wconf 86' lang='lat' dir='ltr'><strong>columella</strong></span> <span class='ocrx_word' id='word_1_151' title='bbox 1426 1506 1622 1552; x_wconf 88' lang='lat' dir='ltr'><strong>centrali</strong></span> <span class='ocrx_word' id='word_1_152' title='bbox 1656 1505 1802 1552; x_wconf 89' lang='lat' dir='ltr'><strong>libera</strong></span> <span class='ocrx_word' id='word_1_153' title='bbox 1833 1522 1877 1552; x_wconf 86' lang='lat' dir='ltr'><strong>v.</strong></span> <span class='ocrx_word' id='word_1_154' title='bbox 1911 1507 2062 1553; x_wconf 84' lang='lat' dir='ltr'><strong>rarius</strong></span> 
     </span>
     <span class='ocr_line' id='line_1_21' title="bbox 241 1576 2063 1642; baseline -0.003 -14"><span class='ocrx_word' id='word_1_155' title='bbox 241 1581 391 1638; x_wconf 87' lang='lat' dir='ltr'><strong>nulla,</strong></span> <span class='ocrx_word' id='word_1_156' title='bbox 427 1597 549 1627; x_wconf 91' lang='lat' dir='ltr'><strong>nune</strong></span> <span class='ocrx_word' id='word_1_157' title='bbox 583 1576 1082 1642; x_wconf 84' lang='lat' dir='ltr'><strong>tri-quadriloculare.</strong></span> <span class='ocrx_word' id='word_1_158' title='bbox 1161 1578 1430 1625; x_wconf 83' lang='lat' dir='ltr'><strong>Gemmulae</strong></span> <span class='ocrx_word' id='word_1_159' title='bbox 1461 1578 1506 1622; x_wconf 93' lang='lat' dir='ltr'><strong>in</strong></span> <span class='ocrx_word' id='word_1_160' title='bbox 1540 1577 1750 1639; x_wconf 83' lang='lat' dir='ltr'><strong>germine</strong></span> <span class='ocrx_word' id='word_1_161' title='bbox 1783 1576 2063 1624; x_wconf 86' lang='lat' dir='ltr'><strong>uniloculari</strong></span> 
     </span>
     <span class='ocr_line' id='line_1_22' title="bbox 241 1647 2065 1714; baseline -0.003 -15"><span class='ocrx_word' id='word_1_162' title='bbox 241 1669 363 1699; x_wconf 90' lang='lat' dir='ltr'><strong>nunc</strong></span> <span class='ocrx_word' id='word_1_163' title='bbox 396 1652 636 1714; x_wconf 86' lang='lat' dir='ltr'><strong>geminae,</strong></span> <span class='ocrx_word' id='word_1_164' title='bbox 685 1649 899 1695; x_wconf 86' lang='lat' dir='ltr'><strong>cavitatis</strong></span> <span class='ocrx_word' id='word_1_165' title='bbox 931 1648 1054 1711; x_wconf 89' lang='lat' dir='ltr'><strong>apici</strong></span> <span class='ocrx_word' id='word_1_166' title='bbox 1089 1647 1430 1694; x_wconf 87' lang='lat' dir='ltr'><strong>collateraliter</strong></span> <span class='ocrx_word' id='word_1_167' title='bbox 1461 1663 1718 1710; x_wconf 86' lang='lat' dir='ltr'><strong>appensae,</strong></span> <span class='ocrx_word' id='word_1_168' title='bbox 1767 1664 1887 1694; x_wconf 91' lang='lat' dir='ltr'><strong>nunc</strong></span> <span class='ocrx_word' id='word_1_169' title='bbox 1925 1647 2065 1694; x_wconf 88' lang='lat' dir='ltr'><strong>unica</strong></span> 
     </span>
     <span class='ocr_line' id='line_1_23' title="bbox 240 1717 2062 1782; baseline -0.004 -11"><span class='ocrx_word' id='word_1_170' title='bbox 240 1740 284 1771; x_wconf 83' lang='lat' dir='ltr'><strong>v.</strong></span> <span class='ocrx_word' id='word_1_171' title='bbox 317 1731 505 1780; x_wconf 89' lang='lat' dir='ltr'><strong>ternae,</strong></span> <span class='ocrx_word' id='word_1_172' title='bbox 553 1737 613 1768; x_wconf 85' lang='lat' dir='ltr'><strong>ex</strong></span> <span class='ocrx_word' id='word_1_173' title='bbox 645 1720 780 1782; x_wconf 86' lang='lat' dir='ltr'><strong>apice</strong></span> <span class='ocrx_word' id='word_1_174' title='bbox 815 1718 1093 1765; x_wconf 85' lang='lat' dir='ltr'><strong>columellae</strong></span> <span class='ocrx_word' id='word_1_175' title='bbox 1126 1717 1305 1765; x_wconf 87' lang='lat' dir='ltr'><strong>liberae</strong></span> <span class='ocrx_word' id='word_1_176' title='bbox 1338 1719 1678 1765; x_wconf 88' lang='lat' dir='ltr'><strong>collateraliter</strong></span> <span class='ocrx_word' id='word_1_177' title='bbox 1715 1717 1971 1780; x_wconf 87' lang='lat' dir='ltr'><strong>pendulae,</strong></span> <span class='ocrx_word' id='word_1_178' title='bbox 2018 1719 2062 1764; x_wconf 92' lang='lat' dir='ltr'><strong>in</strong></span> 
     </span>
     <span class='ocr_line' id='line_1_24' title="bbox 244 1788 2065 1857; baseline -0.004 -16"><span class='ocrx_word' id='word_1_179' title='bbox 244 1793 469 1857; x_wconf 88' lang='lat' dir='ltr'><strong>germinis</strong></span> <span class='ocrx_word' id='word_1_180' title='bbox 500 1790 848 1856; x_wconf 89' lang='lat' dir='ltr'><strong>plurilocularis</strong></span> <span class='ocrx_word' id='word_1_181' title='bbox 881 1789 1048 1836; x_wconf 91' lang='lat' dir='ltr'><strong>loculis</strong></span> <span class='ocrx_word' id='word_1_182' title='bbox 1081 1788 1344 1846; x_wconf 86' lang='lat' dir='ltr'><strong>solitariae,</strong></span> <span class='ocrx_word' id='word_1_183' title='bbox 1395 1805 1455 1835; x_wconf 85' lang='lat' dir='ltr'><strong>ex</strong></span> <span class='ocrx_word' id='word_1_184' title='bbox 1485 1790 1621 1851; x_wconf 86' lang='lat' dir='ltr'><strong>apice</strong></span> <span class='ocrx_word' id='word_1_185' title='bbox 1653 1789 1811 1851; x_wconf 84' lang='lat' dir='ltr'><strong>anguli</strong></span> <span class='ocrx_word' id='word_1_186' title='bbox 1844 1789 2065 1835; x_wconf 87' lang='lat' dir='ltr'><strong>centralis</strong></span> 
     </span>
     <span class='ocr_line' id='line_1_25' title="bbox 242 1857 2065 1928; baseline -0.003 -17"><span class='ocrx_word' id='word_1_187' title='bbox 242 1863 502 1928; x_wconf 87' lang='lat' dir='ltr'><strong>pendulae,</strong></span> <span class='ocrx_word' id='word_1_188' title='bbox 543 1871 820 1920; x_wconf 87' lang='lat' dir='ltr'><strong>anatropae.</strong></span> <span class='ocrx_word' id='word_1_189' title='bbox 897 1861 1065 1922; x_wconf 75' lang='lat' dir='ltr'><strong>Stylus</strong></span> <span class='ocrx_word' id='word_1_190' title='bbox 1095 1860 1374 1917; x_wconf 85' lang='lat' dir='ltr'><strong>terminalis,</strong></span> <span class='ocrx_word' id='word_1_191' title='bbox 1407 1860 1660 1916; x_wconf 88' lang='lat' dir='ltr'><strong>filiformis,</strong></span> <span class='ocrx_word' id='word_1_192' title='bbox 1693 1857 1924 1906; x_wconf 88' lang='lat' dir='ltr'><strong>interdum</strong></span> <span class='ocrx_word' id='word_1_193' title='bbox 1957 1859 2065 1906; x_wconf 91' lang='lat' dir='ltr'><strong>sub-</strong></span> 
     </span>
     <span class='ocr_line' id='line_1_26' title="bbox 243 1929 2067 1995; baseline -0.003 -13"><span class='ocrx_word' id='word_1_194' title='bbox 243 1935 410 1983; x_wconf 89' lang='lat' dir='ltr'><strong>nullus.</strong></span> <span class='ocrx_word' id='word_1_195' title='bbox 464 1936 654 1995; x_wconf 79' lang='lat' dir='ltr'><strong>Stz&#39;gma</strong></span> <span class='ocrx_word' id='word_1_196' title='bbox 686 1939 971 1988; x_wconf 88' lang='lat' dir='ltr'><strong>truncatum,</strong></span> <span class='ocrx_word' id='word_1_197' title='bbox 1007 1931 1258 1994; x_wconf 87' lang='lat' dir='ltr'><strong>capitatum</strong></span> <span class='ocrx_word' id='word_1_198' title='bbox 1291 1947 1332 1977; x_wconf 86' lang='lat' dir='ltr'><strong>v.</strong></span> <span class='ocrx_word' id='word_1_199' title='bbox 1368 1930 1581 1978; x_wconf 83' lang='lat' dir='ltr'><strong>obsolete</strong></span> <span class='ocrx_word' id='word_1_200' title='bbox 1612 1929 1849 1978; x_wconf 86' lang='lat' dir='ltr'><strong>trilohum.</strong></span> <span class='ocrx_word' id='word_1_201' title='bbox 1897 1932 2067 1993; x_wconf 79' lang='lat' dir='ltr'><strong>Drupa</strong></span> 
     </span>
     <span class='ocr_line' id='line_1_27' title="bbox 247 2001 2064 2070; baseline -0.003 -16"><span class='ocrx_word' id='word_1_202' title='bbox 247 2007 416 2070; x_wconf 85' lang='lat' dir='ltr'><strong>calyce</strong></span> <span class='ocrx_word' id='word_1_203' title='bbox 449 2005 637 2051; x_wconf 88' lang='lat' dir='ltr'><strong>minimo</strong></span> <span class='ocrx_word' id='word_1_204' title='bbox 669 2003 839 2066; x_wconf 88' lang='lat' dir='ltr'><strong>stipata</strong></span> <span class='ocrx_word' id='word_1_205' title='bbox 869 2018 916 2049; x_wconf 89' lang='lat' dir='ltr'><strong>v.</strong></span> <span class='ocrx_word' id='word_1_206' title='bbox 951 2002 1176 2065; x_wconf 87' lang='lat' dir='ltr'><strong>ampliato</strong></span> <span class='ocrx_word' id='word_1_207' title='bbox 1211 2002 1390 2058; x_wconf 88' lang='lat' dir='ltr'><strong>cincta,</strong></span> <span class='ocrx_word' id='word_1_208' title='bbox 1430 2001 1706 2048; x_wconf 90' lang='lat' dir='ltr'><strong>succulenta</strong></span> <span class='ocrx_word' id='word_1_209' title='bbox 1736 2009 1814 2046; x_wconf 90' lang='lat' dir='ltr'><strong>aut</strong></span> <span class='ocrx_word' id='word_1_210' title='bbox 1846 2004 2064 2058; x_wconf 83' lang='lat' dir='ltr'><strong>exsucca,</strong></span> 
     </span>
     <span class='ocr_line' id='line_1_28' title="bbox 244 2073 2067 2141; baseline -0.003 -18"><span class='ocrx_word' id='word_1_211' title='bbox 244 2077 480 2141; x_wconf 86' lang='lat' dir='ltr'><strong>putamine</strong></span> <span class='ocrx_word' id='word_1_212' title='bbox 528 2083 777 2121; x_wconf 86' lang='lat' dir='ltr'><strong>erustaceo</strong></span> <span class='ocrx_word' id='word_1_213' title='bbox 823 2089 869 2120; x_wconf 91' lang='lat' dir='ltr'><strong>v.</strong></span> <span class='ocrx_word' id='word_1_214' title='bbox 913 2088 1076 2130; x_wconf 89' lang='lat' dir='ltr'><strong>osseo,</strong></span> <span class='ocrx_word' id='word_1_215' title='bbox 1122 2073 1428 2129; x_wconf 90' lang='lat' dir='ltr'><strong>uniloculari,</strong></span> <span class='ocrx_word' id='word_1_216' title='bbox 1478 2088 1823 2134; x_wconf 88' lang='lat' dir='ltr'><strong>monospermo.</strong></span> <span class='ocrx_word' id='word_1_217' title='bbox 1898 2073 2067 2119; x_wconf 66' lang='lat' dir='ltr'><strong>Samen</strong></span> 
     </span>
     <span class='ocr_line' id='line_1_29' title="bbox 247 2141 2068 2207; baseline -0.005 -10"><span class='ocrx_word' id='word_1_218' title='bbox 247 2150 508 2203; x_wconf 87' lang='lat' dir='ltr'><strong>inversum,</strong></span> <span class='ocrx_word' id='word_1_219' title='bbox 555 2146 878 2207; x_wconf 85' lang='lat' dir='ltr'><strong>integumento</strong></span> <span class='ocrx_word' id='word_1_220' title='bbox 917 2142 1297 2190; x_wconf 75' lang='lat' dir='ltr'><strong>membranaceo.</strong></span> <span class='ocrx_word' id='word_1_221' title='bbox 1376 2142 1583 2204; x_wconf 78' lang='lat' dir='ltr'><strong>Embryo</strong></span> <span class='ocrx_word' id='word_1_222' title='bbox 1624 2143 1669 2188; x_wconf 92' lang='lat' dir='ltr'><strong>in</strong></span> <span class='ocrx_word' id='word_1_223' title='bbox 1709 2143 1786 2188; x_wconf 84' lang='lat' dir='ltr'><strong>axi</strong></span> <span class='ocrx_word' id='word_1_224' title='bbox 1825 2141 2068 2188; x_wconf 87' lang='lat' dir='ltr'><strong>albuminis</strong></span> 
     </span>
     <span class='ocr_line' id='line_1_30' title="bbox 248 2211 2066 2279; baseline -0.004 -14"><span class='ocrx_word' id='word_1_225' title='bbox 248 2218 436 2265; x_wconf 85' lang='lat' dir='ltr'><strong>carnosi</strong></span> <span class='ocrx_word' id='word_1_226' title='bbox 484 2216 810 2279; x_wconf 83' lang='lat' dir='ltr'><strong>orthotropuS,</strong></span> <span class='ocrx_word' id='word_1_227' title='bbox 873 2212 1082 2274; x_wconf 87' lang='lat' dir='ltr'><strong>ejusdem</strong></span> <span class='ocrx_word' id='word_1_228' title='bbox 1137 2211 1327 2259; x_wconf 89' lang='lat' dir='ltr'><strong>dimidio</strong></span> <span class='ocrx_word' id='word_1_229' title='bbox 1380 2213 1598 2270; x_wconf 84' lang='lat' dir='ltr'><strong>brevior,</strong></span> <span class='ocrx_word' id='word_1_230' title='bbox 1661 2212 1811 2259; x_wconf 88' lang='lat' dir='ltr'><strong>rarius</strong></span> <span class='ocrx_word' id='word_1_231' title='bbox 1864 2212 2066 2274; x_wconf 83' lang='lat' dir='ltr'><strong>longior,</strong></span> 
     </span>
     <span class='ocr_line' id='line_1_31' title="bbox 250 2283 2068 2353; baseline -0.002 -17"><span class='ocrx_word' id='word_1_232' title='bbox 250 2287 563 2353; x_wconf 80' lang='lat' dir='ltr'><strong>cylindricus3</strong></span> <span class='ocrx_word' id='word_1_233' title='bbox 610 2284 977 2350; x_wconf 76' lang='lat' dir='ltr'><strong>cotyledonz&#39;bus</strong></span> <span class='ocrx_word' id='word_1_234' title='bbox 1022 2283 1396 2342; x_wconf 83' lang='lat' dir='ltr'><strong>semiteretibuS,</strong></span> <span class='ocrx_word' id='word_1_235' title='bbox 1442 2284 1667 2332; x_wconf 77' lang='lat' dir='ltr'><strong>radicula</strong></span> <span class='ocrx_word' id='word_1_236' title='bbox 1705 2283 1801 2330; x_wconf 89' lang='lat' dir='ltr'><strong>hilo</strong></span> <span class='ocrx_word' id='word_1_237' title='bbox 1839 2284 2068 2348; x_wconf 79' lang='lat' dir='ltr'><strong>proxima,</strong></span> 
     </span>
     <span class='ocr_line' id='line_1_32' title="bbox 248 2375 435 2425; baseline 0.016 -18"><span class='ocrx_word' id='word_1_238' title='bbox 248 2375 435 2425; x_wconf 81' lang='lat' dir='ltr'><strong>supera.</strong></span> 
     </span>
    </p>
   </div>
   <div class='ocr_carea' id='block_1_3' title="bbox 1024 2473 1301 2510">
    <p class='ocr_par' dir='ltr' id='par_1_3' title="bbox 1024 2473 1301 2510">
     <span class='ocr_line' id='line_1_33' title="bbox 1024 2473 1301 2510; baseline -0.007 0"><span class='ocrx_word' id='word_1_239' title='bbox 1024 2473 1301 2510; x_wconf 64' lang='lat' dir='ltr'><strong>Gaurana.</strong></span> 
     </span>
    </p>
   </div>
   <div class='ocr_carea' id='block_1_4' title="bbox 364 2552 943 2596">
    <p class='ocr_par' dir='ltr' id='par_1_4' title="bbox 364 2552 943 2596">
     <span class='ocr_line' id='line_1_34' title="bbox 364 2552 943 2596; baseline -0.007 -1"><span class='ocrx_word' id='word_1_240' title='bbox 364 2561 490 2596; x_wconf 76' lang='lat'><strong>5488.</strong></span> <span class='ocrx_word' id='word_1_241' title='bbox 520 2557 688 2595; x_wconf 84' lang='lat' dir='ltr'><strong>Icacina</strong></span> <span class='ocrx_word' id='word_1_242' title='bbox 705 2552 805 2594; x_wconf 83' lang='lat' dir='ltr'><strong>Adr.</strong></span> <span class='ocrx_word' id='word_1_243' title='bbox 824 2553 943 2592; x_wconf 71' lang='lat' dir='ltr'><strong>Juss.</strong></span> 
     </span>
    </p>
   </div>
   <div class='ocr_carea' id='block_1_5' title="bbox 364 2613 1064 2697">
    <p class='ocr_par' dir='ltr' id='par_1_5' title="bbox 364 2613 1064 2697">
     <span class='ocr_line' id='line_1_35' title="bbox 364 2613 814 2659; baseline -0.007 -6"><span class='ocrx_word' id='word_1_244' title='bbox 364 2619 490 2653; x_wconf 77' lang='lat'><strong>5489.</strong></span> <span class='ocrx_word' id='word_1_245' title='bbox 521 2616 659 2659; x_wconf 84' lang='lat' dir='ltr'><strong>opilia</strong></span> <span class='ocrx_word' id='word_1_246' title='bbox 676 2613 814 2650; x_wconf 70' lang='lat' dir='ltr'><em>Roxb.</em></span> 
     </span>
     <span class='ocr_line' id='line_1_36' title="bbox 578 2659 1064 2697; baseline -0.006 0"><span class='ocrx_word' id='word_1_247' title='bbox 578 2664 740 2697; x_wconf 86' lang='lat' dir='ltr'><strong>Groutia</strong></span> <span class='ocrx_word' id='word_1_248' title='bbox 761 2661 880 2696; x_wconf 67' lang='lat' dir='ltr'><strong>Gaia.</strong></span> <span class='ocrx_word' id='word_1_249' title='bbox 901 2663 940 2695; x_wconf 87' lang='lat' dir='ltr'><strong>et</strong></span> <span class='ocrx_word' id='word_1_250' title='bbox 955 2659 1064 2695; x_wconf 83' lang='lat' dir='ltr'><strong>Perr.</strong></span> 
     </span>
    </p>
   </div>
   <div class='ocr_carea' id='block_1_6' title="bbox 1411 2578 1844 2632">
    <p class='ocr_par' dir='ltr' id='par_1_6' title="bbox 1411 2578 1844 2632">
     <span class='ocr_line' id='line_1_37' title="bbox 1411 2578 1844 2632; baseline -0.005 -10"><span class='ocrx_word' id='word_1_251' title='bbox 1411 2580 1632 2632; x_wconf 78' lang='lat' dir='ltr'><strong>Genera</strong></span> <span class='ocrx_word' id='word_1_252' title='bbox 1661 2578 1844 2627; x_wconf 79' lang='lat' dir='ltr'><strong>dubia.</strong></span> 
     </span>
    </p>
   </div>
   <div class='ocr_carea' id='block_1_7' title="bbox 1297 2679 2021 2834">
    <p class='ocr_par' dir='ltr' id='par_1_7' title="bbox 1297 2679 2021 2834">
     <span class='ocr_line' id='line_1_38' title="bbox 1298 2679 1937 2721; baseline -0.002 -2"><span class='ocrx_word' id='word_1_253' title='bbox 1298 2685 1423 2721; x_wconf 83' lang='lat'><strong>5493.</strong></span> <span class='ocrx_word' id='word_1_254' title='bbox 1453 2683 1703 2720; x_wconf 83' lang='lat' dir='ltr'><strong>Pseudaleia</strong></span> <span class='ocrx_word' id='word_1_255' title='bbox 1726 2679 1937 2718; x_wconf 62' lang='lat' dir='ltr'><strong>Thanar-s.</strong></span> 
     </span>
     <span class='ocr_line' id='line_1_39' title="bbox 1298 2736 2021 2791; baseline -0.008 -13"><span class='ocrx_word' id='word_1_256' title='bbox 1298 2742 1422 2778; x_wconf 82' lang='grc'><strong>5494.</strong></span> <span class='ocrx_word' id='word_1_257' title='bbox 1453 2739 1789 2784; x_wconf 73' lang='lat' dir='ltr'><strong>Pseudajeioides</strong></span> <span class='ocrx_word' id='word_1_258' title='bbox 1812 2736 2021 2791; x_wconf 68' lang='lat' dir='ltr'><strong>Thouars.</strong></span> 
     </span>
     <span class='ocr_line' id='line_1_40' title="bbox 1297 2793 1749 2834; baseline -0.009 -1"><span class='ocrx_word' id='word_1_259' title='bbox 1297 2799 1421 2834; x_wconf 82' lang='lat'><strong>5495.</strong></span> <span class='ocrx_word' id='word_1_260' title='bbox 1451 2798 1594 2832; x_wconf 82' lang='lat' dir='ltr'><strong>Platea</strong></span> <span class='ocrx_word' id='word_1_261' title='bbox 1611 2793 1749 2830; x_wconf 80' lang='lat' dir='ltr'><strong>Blum.</strong></span> 
     </span>
    </p>
   </div>
   <div class='ocr_carea' id='block_1_8' title="bbox 366 2709 966 2811">
    <p class='ocr_par' dir='ltr' id='par_1_8' title="bbox 366 2709 966 2811">
     <span class='ocr_line' id='line_1_41' title="bbox 412 2709 966 2759; baseline -0.009 -5"><span class='ocrx_word' id='word_1_262' title='bbox 412 2734 459 2741; x_wconf 91' lang='lat'>-</span> <span class='ocrx_word' id='word_1_263' title='bbox 520 2716 538 2752; x_wconf 71' lang='lat'><strong><em>2</em></strong></span> <span class='ocrx_word' id='word_1_264' title='bbox 551 2715 809 2759; x_wconf 81' lang='lat' dir='ltr'><strong>Lepionurus</strong></span> <span class='ocrx_word' id='word_1_265' title='bbox 826 2709 966 2749; x_wconf 75' lang='lat' dir='ltr'><strong>Blam-</strong></span> 
     </span>
     <span class='ocr_line' id='line_1_42' title="bbox 366 2768 864 2811; baseline -0.014 -1"><span class='ocrx_word' id='word_1_266' title='bbox 366 2773 492 2811; x_wconf 71' lang='lat'><strong>5490.</strong></span> <span class='ocrx_word' id='word_1_267' title='bbox 522 2771 714 2810; x_wconf 84' lang='lat' dir='ltr'><strong>Ximenia</strong></span> <span class='ocrx_word' id='word_1_268' title='bbox 730 2768 864 2805; x_wconf 77' lang='lat' dir='ltr'><strong>Plnm.</strong></span> 
     </span>
    </p>
   </div>
   <div class='ocr_carea' id='block_1_9' title="bbox 367 2817 1895 3185">
    <p class='ocr_par' dir='ltr' id='par_1_9' title="bbox 367 2817 1895 3185">
     <span class='ocr_line' id='line_1_43' title="bbox 574 2817 1873 2904; baseline -0.009 -8"><span class='ocrx_word' id='word_1_269' title='bbox 574 2817 950 2904; x_wconf 42' lang='grc' dir='ltr'><strong>Εεῖῖᾞέἒῗῧὲιέεᾭῗ.</strong></span> <span class='ocrx_word' id='word_1_270' title='bbox 968 2891 982 2901; x_wconf 75' lang='grc'><strong>,</strong></span> <span class='ocrx_word' id='word_1_271' title='bbox 1299 2854 1423 2890; x_wconf 82' lang='grc'><strong>5496.</strong></span> <span class='ocrx_word' id='word_1_272' title='bbox 1455 2854 1718 2887; x_wconf 81' lang='lat' dir='ltr'><strong>Stemonurus</strong></span> <span class='ocrx_word' id='word_1_273' title='bbox 1735 2849 1873 2888; x_wconf 78' lang='lat' dir='ltr'><strong>Blnm.</strong></span> 
     </span>
     <span class='ocr_line' id='line_1_44' title="bbox 579 2901 1865 2942; baseline 0.002 -5"><span class='ocrx_word' id='word_1_274' title='bbox 579 2904 792 2938; x_wconf 75' lang='lat' dir='ltr'><strong>&#39;Petanosia</strong></span> <span class='ocrx_word' id='word_1_275' title='bbox 808 2901 921 2937; x_wconf 68' lang='lat' dir='ltr'><strong>Rich.</strong></span> <span class='ocrx_word' id='word_1_276' title='bbox 1355 2919 1392 2942; x_wconf 80' lang='lat' dir='ltr'><strong>a.</strong></span> <span class='ocrx_word' id='word_1_277' title='bbox 1418 2907 1718 2941; x_wconf 74' lang='lat' dir='ltr'><strong>Eustemonurus</strong></span> <span class='ocrx_word' id='word_1_278' title='bbox 1736 2906 1865 2940; x_wconf 79' lang='lat' dir='ltr'><strong>Blum.</strong></span> 
     </span>
     <span class='ocr_line' id='line_1_45' title="bbox 367 2951 1776 2994; baseline -0.002 -1"><span class='ocrx_word' id='word_1_279' title='bbox 367 2957 494 2994; x_wconf 78' lang='lat'><strong>5491.</strong></span> <span class='ocrx_word' id='word_1_280' title='bbox 523 2955 728 2992; x_wconf 81' lang='lat' dir='ltr'><strong>Heisteria</strong></span> <span class='ocrx_word' id='word_1_281' title='bbox 743 2951 871 2989; x_wconf 66' lang='lat' dir='ltr'><strong>Lina.</strong></span> <span class='ocrx_word' id='word_1_282' title='bbox 1356 2957 1389 2991; x_wconf 81' lang='lat' dir='ltr'><strong>b.</strong></span> <span class='ocrx_word' id='word_1_283' title='bbox 1415 2956 1631 2990; x_wconf 82' lang='lat' dir='ltr'><strong>Anacalosa</strong></span> <span class='ocrx_word' id='word_1_284' title='bbox 1646 2956 1776 2990; x_wconf 82' lang='lat' dir='ltr'><strong>Blum.</strong></span> 
     </span>
     <span class='ocr_line' id='line_1_46' title="bbox 368 3007 1895 3094; baseline 0.001 -44"><span class='ocrx_word' id='word_1_285' title='bbox 368 3014 493 3050; x_wconf 76' lang='lat'><strong>5402.</strong></span> <span class='ocrx_word' id='word_1_286' title='bbox 525 3007 952 3094; x_wconf 43' lang='lat' dir='ltr'><strong>Olzffitsgaiffglbommen</strong></span> <span class='ocrx_word' id='word_1_287' title='bbox 1299 3015 1424 3050; x_wconf 72' lang='lat'><strong>5497.</strong></span> <span class='ocrx_word' id='word_1_288' title='bbox 1457 3015 1740 3057; x_wconf 81' lang='lat' dir='ltr'><strong>Gomphandra</strong></span> <span class='ocrx_word' id='word_1_289' title='bbox 1763 3010 1895 3051; x_wconf 59' lang='lat' dir='ltr'><strong>Wale,</strong></span> 
     </span>
     <span class='ocr_line' id='line_1_47' title="bbox 584 3073 1808 3145; baseline -0.006 -11"><span class='ocrx_word' id='word_1_290' title='bbox 584 3102 879 3145; x_wconf 83' lang='lat' dir='ltr'><strong>Spermaxyrum</strong></span> <span class='ocrx_word' id='word_1_291' title='bbox 897 3081 1037 3133; x_wconf 62' lang='lat' dir='ltr'><strong>La&#39;bill.</strong></span> <span class='ocrx_word' id='word_1_292' title='bbox 1299 3073 1424 3128; x_wconf 53' lang='lat'>5491·</span> <span class='ocrx_word' id='word_1_293' title='bbox 1455 3078 1638 3122; x_wconf 67' lang='lat' dir='ltr'><strong>QuneSia</strong></span> <span class='ocrx_word' id='word_1_294' title='bbox 1655 3075 1808 3114; x_wconf 67' lang='lat' dir='ltr'><em>Blane·</em></span> 
     </span>
     <span class='ocr_line' id='line_1_48' title="bbox 578 3143 945 3185; baseline -0.008 -7"><span class='ocrx_word' id='word_1_295' title='bbox 578 3143 826 3185; x_wconf 77' lang='lat' dir='ltr'><strong>Roxburghia</strong></span> <span class='ocrx_word' id='word_1_296' title='bbox 839 3143 945 3178; x_wconf 78' lang='grc' dir='ltr'><strong>Κόη.</strong></span> 
     </span>
    </p>
   </div>
   <div class='ocr_carea' id='block_1_10' title="bbox 243 3252 2076 3482">
    <p class='ocr_par' dir='ltr' id='par_1_10' title="bbox 243 3252 2076 3482">
     <span class='ocr_line' id='line_1_49' title="bbox 400 3252 2074 3309; baseline -0.008 -2"><span class='ocrx_word' id='word_1_297' title='bbox 400 3257 725 3307; x_wconf 65' lang='grc' dir='ltr'><strong>Αΐίὶιιίῒαβο</strong></span> <span class='ocrx_word' id='word_1_298' title='bbox 784 3260 1153 3300; x_wconf 77' lang='lat' dir='ltr'><strong>ordinis&#39;affinitas</strong></span> <span class='ocrx_word' id='word_1_299' title='bbox 1175 3260 1298 3298; x_wconf 74' lang='lat' dir='ltr'><strong>dubia</strong></span> <span class='ocrx_word' id='word_1_300' title='bbox 1313 3263 1392 3309; x_wconf 80' lang='lat' dir='ltr'><strong>est,</strong></span> <span class='ocrx_word' id='word_1_301' title='bbox 1422 3259 1542 3299; x_wconf 79' lang='lat' dir='ltr'><strong>nobis</strong></span> <span class='ocrx_word' id='word_1_302' title='bbox 1557 3252 1945 3307; x_wconf 66' lang='lat' dir='ltr'><strong>aa&#39;Aurantiaceas,</strong></span> <span class='ocrx_word' id='word_1_303' title='bbox 1977 3257 2074 3295; x_wconf 75' lang='lat' dir='ltr'><strong>aliis</strong></span> 
     </span>
     <span class='ocr_line' id='line_1_50' title="bbox 261 3315 2075 3369; baseline -0.007 -7"><span class='ocrx_word' id='word_1_304' title='bbox 261 3327 313 3362; x_wconf 87' lang='lat' dir='ltr'><strong>ad</strong></span> <span class='ocrx_word' id='word_1_305' title='bbox 337 3327 586 3369; x_wconf 77' lang='lat' dir='ltr'><strong>Sapotaeeas</strong></span> <span class='ocrx_word' id='word_1_306' title='bbox 608 3333 648 3359; x_wconf 89' lang='lat' dir='ltr'><strong>v.</strong></span> <span class='ocrx_word' id='word_1_307' title='bbox 675 3323 727 3359; x_wconf 85' lang='lat' dir='ltr'><strong>ad</strong></span> <span class='ocrx_word' id='word_1_308' title='bbox 743 3324 1013 3358; x_wconf 82' lang='lat' dir='ltr'><strong>Santalaceas</strong></span> <span class='ocrx_word' id='word_1_309' title='bbox 1037 3320 1230 3355; x_wconf 82' lang='lat' dir='ltr'><strong>accedere</strong></span> <span class='ocrx_word' id='word_1_310' title='bbox 1254 3319 1426 3355; x_wconf 79' lang='lat' dir='ltr'><strong>videtur.</strong></span> <span class='ocrx_word' id='word_1_311' title='bbox 1485 3321 1853 3363; x_wconf 83' lang='lat' dir='ltr'><strong>Integumentorum</strong></span> <span class='ocrx_word' id='word_1_312' title='bbox 1874 3315 2075 3353; x_wconf 86' lang='lat' dir='ltr'><strong>floralium</strong></span> 
     </span>
     <span class='ocr_line' id='line_1_51' title="bbox 261 3371 2076 3426; baseline -0.006 -9"><span class='ocrx_word' id='word_1_313' title='bbox 261 3384 410 3418; x_wconf 85' lang='lat' dir='ltr'><strong>natura</strong></span> <span class='ocrx_word' id='word_1_314' title='bbox 432 3382 475 3417; x_wconf 87' lang='lat' dir='ltr'><strong>in</strong></span> <span class='ocrx_word' id='word_1_315' title='bbox 499 3379 635 3424; x_wconf 80' lang='lat' dir='ltr'><strong>aprico</strong></span> <span class='ocrx_word' id='word_1_316' title='bbox 658 3389 738 3415; x_wconf 87' lang='lat' dir='ltr'><strong>non</strong></span> <span class='ocrx_word' id='word_1_317' title='bbox 762 3382 844 3426; x_wconf 84' lang='lat' dir='ltr'><strong>est,</strong></span> <span class='ocrx_word' id='word_1_318' title='bbox 876 3376 1070 3422; x_wconf 89' lang='lat' dir='ltr'><strong>germinis</strong></span> <span class='ocrx_word' id='word_1_319' title='bbox 1093 3379 1226 3412; x_wconf 82' lang='lat' dir='ltr'><strong>autem</strong></span> <span class='ocrx_word' id='word_1_320' title='bbox 1249 3375 1407 3411; x_wconf 84' lang='lat' dir='ltr'><strong>fabrica</strong></span> <span class='ocrx_word' id='word_1_321' title='bbox 1422 3378 1460 3411; x_wconf 88' lang='lat' dir='ltr'><strong>et</strong></span> <span class='ocrx_word' id='word_1_322' title='bbox 1477 3376 1606 3419; x_wconf 84' lang='lat' dir='ltr'><strong>drupa</strong></span> <span class='ocrx_word' id='word_1_323' title='bbox 1621 3381 1900 3417; x_wconf 80' lang='lat' dir='ltr'><strong>monosperma</strong></span> <span class='ocrx_word' id='word_1_324' title='bbox 1916 3371 2076 3417; x_wconf 79' lang='lat' dir='ltr'><strong>egregie</strong></span> 
     </span>
     <span class='ocr_line' id='line_1_52' title="bbox 243 3427 2075 3482; baseline -0.004 -8"><span class='ocrx_word' id='word_1_325' title='bbox 243 3439 398 3482; x_wconf 80' lang='lat' dir='ltr'><strong>utique</strong></span> <span class='ocrx_word' id='word_1_326' title='bbox 427 3439 698 3474; x_wconf 80' lang='lat' dir='ltr'><strong>Santalaceas</strong></span> <span class='ocrx_word' id='word_1_327' title='bbox 726 3436 771 3473; x_wconf 87' lang='lat' dir='ltr'><strong>in</strong></span> <span class='ocrx_word' id='word_1_328' title='bbox 798 3434 1034 3475; x_wconf 77' lang='lat' dir='ltr'><strong>memoriam</strong></span> <span class='ocrx_word' id='word_1_329' title='bbox 1062 3435 1246 3482; x_wconf 81' lang='lat' dir='ltr'><strong>revocat,</strong></span> <span class='ocrx_word' id='word_1_330' title='bbox 1277 3432 1426 3477; x_wconf 78' lang='lat' dir='ltr'><strong>quibus</strong></span> <span class='ocrx_word' id='word_1_331' title='bbox 1455 3431 1570 3482; x_wconf 88' lang='lat' dir='ltr'><strong>olim,</strong></span> <span class='ocrx_word' id='word_1_332' title='bbox 1601 3430 1818 3475; x_wconf 72' lang='lat' dir='ltr'><strong>generibus</strong></span> <span class='ocrx_word' id='word_1_333' title='bbox 1848 3428 1968 3466; x_wconf 84' lang='lat' dir='ltr'><strong>nimis</strong></span> <span class='ocrx_word' id='word_1_334' title='bbox 1999 3427 2075 3466; x_wconf 89' lang='lat' dir='ltr'><strong>im-</strong></span> 
     </span>
    </p>
   </div>
  </div>
 </body>
</html>
