2147 3756
921 166 1040 239 6⁷5

118 375 123 380 ,
183 342 308 381 6805.
339 342 521 381 Dialium
540 339 688 380 Bnrm.
1117 344 1239 380 6808.
1272 342 1543 379 Hardwickia
1564 341 1702 381 Rath.

393 392 556 477 18ἷὲξέζῖ
566 393 680 469 {¹222-
1120 407 1243 444 6809.
1277 407 1495 443 Ceratonia
1514 404 1635 442 Lime.

460 465 463 469 ·
677 461 685 469 ·
1330 461 1483 504 Siliqua
1505 462 1697 509 Touruef.

181 484 304 521 6806.
336 485 555 528 Copaifera
574 483 694 522 Lem.

394 534 563 578 Copaiva
579 534 692 580 Jncq.
1436 522 1460 546 *

394 578 590 621 coapoitm
606 577 785 621 Marcgr.
1120 585 1244 620 6810.
1274 585 1480 620 Brownea
1495 582 1622 629 ‚Im-q.

181 626 305 664 6807.
335 627 507 664 Riveria
523 626 581 664 H.
600 626 650 665 B.
671 626 727 663 K.
1328 633 1550 666 Her-mesias
1566 631 1678 676 Lhffl.

205 719 532 766 Affinitas.
604 727 904 771 Amplissimus
945 725 1332 770 Papilionacearum
1370 728 1486 772 ordo,
1531 726 1900 769 Leguminosarum

69 785 249 819 centrum
268 785 544 831 constituens,
577 793 625 820 ac
651 789 836 820 caeterae
861 793 963 820 suae
987 784 1138 818 classis
1164 783 1346 818 familiae
1370 783 1550 819 affinitas
1574 785 1716 828 habet,
1749 783 1898 819 discri-

66 841 196 885 mine,
228 841 312 876 nisi
345 844 498 876 corolla
529 841 816 884 papiliunacea
847 843 1124 876 characterem
1158 840 1282 876 facile
1312 840 1572 876 manifestum
1605 842 1815 887 praebeat,
1855 840 1900 876 in

66 896 224 932 fructus
242 898 397 941 indole,
431 902 466 932 et
494 899 562 933 ubi
587 898 663 933 iste
680 898 970 932 Rosiflorarum
997 898 1250 939 quarundam
1276 896 1318 931 in
1342 898 1502 932 modum
1527 899 1716 932 excultus
1739 897 1822 941 est‘,
1854 897 1898 933 in

66 954 226 997 calycis
259 955 482 997 pentameri
512 953 669 989 lacinia
699 954 847 995 impari
878 954 1018 988 antica
1051 955 1291 995 quaerendo.
1351 955 1430 989 Sed
1453 956 1555 989 haec
1580 955 1628 989 de
1651 953 1898 990 Swartzieis

64 1009 265 1053 imprimis
297 1012 407 1046 dicta
438 1014 554 1056 sunt,
594 1018 689 1045 nam
720 1010 1041 1052 Papilionaceas
1072 1010 1168 1045 flore
1197 1010 1434 1057 irregulari,
1480 1004 1700 1046 ¹staminum
1732 1020 1898 1046 numero

64 1071 103 1102 et
127 1067 370 1113 insertione,
403 1072 524 1109 atque
549 1067 680 1102 fructu
698 1067 952 1109 leguminoso
970 1066 1280 1114 distinguimus,
1314 1067 1435 1103 etiam
1452 1068 1756 1104 characteribus
1771 1077 1896 1112 vege-

63 1124 206 1159 tativis
232 1124 462 1168 diagnosim
487 1133 512 1159 a
528 1124 727 1159 Rosaceis
752 1124 1067 1160 facilit-antibus.
1127 1125 1286 1159 Genera
1311 1125 1511 1167 quaedam
1535 1127 1699 1168 apetala
1723 1133 1845 1168 aegre
1868 1132 1896 1161 a

61 1180 394 1217 Terebinthaceis
411 1180 731 1224 distinguuntur.

206 1246 636 1302 Geographia0
694 1251 1015 1294 Papilionaceae
1039 1261 1060 1286 e
1084 1253 1199 1287 nullo
1224 1251 1388 1287 climate
1412 1254 1578 1298 exules,
1610 1251 1789 1288 maximo
1805 1251 1895 1288 'nu-

61 1317 171 1345 mero
195 1308 236 1344 in
262 1309 498 1352 regionibus
531 1309 696 1351 tropicis
723 1308 1054 1351 subtropicisque
1085 1313 1351 1356 generantur,
1383 1308 1426 1343 in
1457 1309 1696 1345 universum
1727 1309 1768 1344 in
1799 1313 1896 1346 orbe

58 1365 188 1400 veteri
206 1365 458 1408 frequentius
475 1374 596 1408 quam
614 1365 654 1400 in
672 1365 866 1401 America
882 1369 1133 1411 crescentes,
1167 1370 1206 1401 et
1223 1365 1285 1400 cis
1301 1374 1494 1401 cancrum
1520 1365 1728 1408 copiosius
1755 1369 1893 1409 paullo

62 1430 184 1464 quam
216 1426 329 1458 trans
353 1423 640 1465 capricornum
671 1422 830 1458 obviae.
896 1422 1096 1466 Singulae
1119 1427 1254 1458 autem
1278 1422 1409 1458 tribus
1433 1424 1664 1467 naturales,
1697 1425 1894 1465 quomodo

58 1488 131 1522 per
161 1481 296 1514 orbem
325 1484 523 1515 terrarum
555 1479 798 1514 distributae
830 1478 914 1514 sint
945 1480 1274 1527 considerantes,
1305 1489 1382 1515 nec
1413 1479 1456 1515 in
1488 1489 1609 1515 unam
1640 1480 1893 1527 offendimus,

60 1544 164 1578 quae
181 1538 307 1581 leges,
329 1538 452 1578 juxta
469 1545 571 1579 quas
588 1536 720 1571 omnis
737 1537 833 1571 ordo
851 1546 922 1578 per
939 1537 1126 1573 diversas
1143 1536 1254 1572 orbis
1271 1539 1418 1580 plagas
1437 1537 1679 1579 dispunctus
1697 1541 1773 1581 est,
1798 1537 1895 1580 ipsa

55 1602 214 1635 quoque
237 1596 487 1636 sequeretur.
545 1595 647 1628 Nam
665 1590 972 1639 Podalyrieae,
1005 1594 1272 1637 paucissimis
1295 1593 1354 1629 cis
1379 1602 1571 1628 cancrum
1594 1594 1892 1640 habitantibus,

58 1657 98 1686 et
121 1659 204 1686 una
227 1660 266 1686 v.
284 1653 415 1686 altera
436 1650 477 1685 in
501 1650 608 1686 Asia
629 1650 787 1693 tropica
810 1650 1025 1698 indigena,
1058 1650 1407 1686 numerosissimis
1430 1650 1647 1694 speciebus
1671 1650 1712 1685 in
1737 1651 1892 1686 hemis-

55 1710 236 1751 phaerae
260 1706 458 1743 australis
482 1707 718 1751 regionibus
743 1707 1052 1753 extratropicis,
1084 1708 1277 1743 videlicet
1300 1707 1343 1742 in
1361 1707 1503 1750 Capite
1526 1709 1655 1743 bonae
1679 1708 1768 1751 spei
1794 1712 1831 1743 et
1848 1707 1893 1744 in

56 1765 174 1800 Nova
196 1765 419 1800 Hollandia
448 1767 694 1810 nascuntur,
729 1774 780 1799 ex
802 1764 995 1799 America
1027 1764 1184 1807 tropica
1214 1768 1253 1800 et
1283 1764 1512 1800 antarctica
1539 1764 1701 1800 omnino
1732 1767 1892 1802 exules,

55 1818 221 1855 Loteae
236 1821 419 1865 proxime
435 1822 484 1857 ad
502 1823 633 1865 legem
650 1821 844 1857 universo
868 1822 1000 1856 ordini
1025 1830 1049 1856 a
1072 1826 1220 1857 natura
1240 1825 1436 1857 statutam
1460 1822 1681 1868 accedunt,
1714 1822 1892 1865 tropica-

55 1887 144 1915 rum
170 1882 206 1914 et
230 1879 458 1914 borealium
481 1888 648 1914 numero
674 1878 758 1914 fere
782 1883 918 1914 tamen
942 1878 1052 1926 pari,
1086 1882 1134 1914 ob
1159 1878 1376 1914 immanem
1399 1887 1592 1922 generum
1618 1880 1888 1925 quarundum‚

52 1939 98 1972 ut
127 1935 344 1979 Astragali
376 1939 414 1971 et
445 1935 628 1982 Trifolii,
676 1936 737 1971 cis
768 1940 1029 1978 aequatorem
1067 1935 1396 1979 populositatem.
1468 1936 1552 1970 Nec
1589 1936 1891 1979 transtropicae

58 2001 178 2028 rarae
209 1998 324 2037 sunt,
357 1993 595 2036 capensium
621 1996 659 2028 et
683 1992 1053 2028 australasicarum
1077 1995 1183 2028 bono
1207 2002 1387 2029 numero.
1453 1988 1625 2026 Vt’cieae
1648 1993 1710 2028 cis
1736 2002 1891 2035 aequa—

54 2052 179 2084 torem
213 2049 547 2096 copiosissimae,
586 2050 693 2086 inter
724 2038 900 2093 tropicos
932 2053 971 2084 et
1000 2049 1043 2084 in
1075 2049 1390 2092 hemisphaerae
1421 2050 1619 2084 australis
1651 2050 1889 2092 temperatis

52 2107 268 2142 admodum
300 2115 431 2142 rarae.
492 2103 774 2152 Hedysareae
798 2110 837 2142 et
859 2102 1121 2140 Phaseoleae
1145 2106 1187 2142 in
1215 2106 1324 2141 orbis
1349 2109 1474 2149 plaga
1500 2106 1794 2148 aequinoctiali
1820 2115 1890 2142 co-

48 2163 286 2206 piosissime
309 2167 556 2210 nascuntur,
588 2163 851 2207 rapidissimo
875 2167 991 2199 extra
1010 2163 1207 2209 tropicos,
1239 2163 1439 2206 imprimis
1459 2166 1570 2198 trans
1587 2164 1888 2210 capricornum,

49 2230 126 2256 nec
143 2220 273 2256 ordini
291 2224 584 2267 consentaneo,
618 2222 884 2256 decremento.
941 2217 1228 2269 Dalbergieae
1243 2220 1316 2256 vix
1340 2230 1421 2256 non
1438 2229 1577 2256 omnes
1594 2220 1700 2256 inter
1718 2220 1891 2264 tropicos

50 2278 258 2323 habitant,
299 2278 343 2313 in
370 2278 569 2313 America
599 2277 876 2324 frequentius,
910 2286 1031 2320 quam
1064 2277 1109 2312 in
1138 2277 1267 2312 veteri
1297 2280 1392 2314 orbe
1423 2277 1580 2313 obviae.
1643 2274 1888 2322 Sophoreae

51 2335 199 2370 mirum
229 2334 273 2369 in
302 2336 461 2371 modum
491 2345 563 2378 per
594 2335 784 2378 regiones
816 2339 1062 2377 temperatas
1093 2338 1132 2370 et
1162 2334 1323 2370 calidas
1353 2335 1478 2370 totius
1510 2333 1619 2370 orbis
1659 2335 1886 2381 dispersae,

49 2395 191 2435 paullo
209 2391 462 2434 frequentius
486 2397 602 2428 extra
625 2391 801 2435 tropicos
824 2396 1065 2428 nascuntur.
1129 2389 1453 2436 Caesalpim‘eae
1474 2391 1518 2427 in
1544 2391 1778 2436 regionibus
1805 2396 1887 2426 tro-

49 2448 157 2491 picis
173 2449 552 2492 numerosissimae,
584 2449 627 2483 in
645 2449 771 2484 veteri
794 2451 888 2484 orbe
912 2457 1107 2485 cancrum
1130 2448 1204 2485 vix
1227 2449 1601 2495 transgrediuntur,
1633 2448 1677 2484 in
1692 2449 1887 2486 America

49 2506 208 2542 boreali
225 2509 262 2541 et
280 2506 557 2549 transtropica
570 2506 682 2541 haud
699 2505 824 2540 nimis
841 2504 1088 2548 frequentes.
1594 2499 1599 2501 ’

193 2570 558 2622 (ὶῑιειίἰῒαΐθς
590 2579 629 2612 et
658 2581 828 2614 usus.
885 2576 1016 2612 Varia
1038 2577 1254 2612 admodum
1275 2575 1662 2620 Papilionacearum
1687 2576 1882 2624 qualitas,

52 2642 156 2676 quae
180 2636 248 2668 vel
273 2644 294 2669 e
317 2634 552 2669 multivario
576 2633 749 2669 istarum
771 2634 814 2668 in
838 2644 881 2669 re
905 2634 1147 2681 domestica,
1180 2634 1286 2670 inter
1308 2634 1536 2669 medicinas
1562 2637 1600 2669 et
1630 2633 1673 2668 in
1706 2634 1884 2670 diversis

50 2690 224 2733 opificiis
242 2700 320 2726 usu
339 2690 462 2726 facile
480 2691 748 2737 dijudicatur,
781 2691 1025 2726 substantiis
1044 2700 1146 2733 quas
1163 2694 1307 2735 gerunt
1324 2685 1534 2737 plurimis,
1568 2695 1605 2726 et
1623 2699 1647 2726 a
1663 2691 1887 2733 multiplici

48 2747 215 2783 illarum
231 2748 400 2783 miscela
418 2749 576 2790 pendet.
635 2749 737 2782 Nam
759 2748 832 2783 vix
858 2757 937 2782 non
962 2747 1004 2782 in
1029 2749 1218 2784 omnibus
1241 2748 1502 2783 substantiae
1526 2748 1667 2783 dulces
1692 2749 1882 2783 diversae

48 2804 221 2850 indolis,
271 2807 474 2850 amylum,
521 2805 767 2847 saepissime
804 2814 894 2840 cum
934 2804 1135 2847 principio
1166 2805 1367 2847 peculiari
1395 2806 1580 2847 junctum
1611 2805 1882 2852 reperiuntur,

50 2862 199 2903 quibus
224 2861 267 2896 in
290 2862 435 2904 paucis
459 2863 591 2897 oleum
616 2861 786 2906 pingue,
819 2862 862 2896 in
883 2862 1081 2905 *pluribus
1113 2862 1371 2897 substantiae
1401 2862 1880 2907 balsameo—resinosae,

47 2918 91 2953 in
123 2919 220 2954 aliis
251 2921 481 2954 colorantes
514 2922 549 2954 et
582 2918 905 2963 adstringentes,
937 2919 979 2953 in
1012 2919 1200 2961 plurimis
1232 2918 1476 2961 principium
1509 2926 1783 2954 amaro-acre
1813 2918 1883 2954 sui

46 2975 232 3021 generis,
264 2979 303 3011 et
319 2975 363 3011 in
378 2976 591 3011 nonnullis
608 2976 730 3011 etiam
747 2976 896 3011 veneni
912 2975 1117 3011 narcotici
1127 2985 1257 3019 genus
1274 2977 1489 3011 accedunt.

189 3046 453 3082 Substantias
472 3048 611 3082 dulces
637 3047 741 3088 quod
767 3047 930 3091 attinet,
963 3048 1124 3088 praeter
1145 3049 1570 3092 muco-saccharum,
1603 3046 1757 3087 duplex
1781 3054 1880 3080 sac-

47 3098 177 3136 chari
190 3104 350 3146 species
367 3103 410 3138 in
425 3104 792 3148 Leguminosarum
808 3103 1075 3145 complurium
1092 3104 1280 3146 partibus
1297 3104 1514 3150 reperitur,
1546 3105 1796 3136 manuatum
1813 3103 1879 3138 vi-

48 3160 192 3196 delicet
218 3163 257 3195 et
277 3158 664 3206 glycyrrhizinam,
695 3161 878 3197 maxima
893 3160 1053 3202 quidem
1071 3161 1191 3204 copia
1206 3161 1249 3196 in
1270 3163 1488 3197 Lotearum
1505 3165 1543 3196 et
1558 3162 1879 3197 Phaseolearum

47 3216 317 3259 complurium
346 3217 576 3265 radicibuS,
608 3218 776 3261 parcius
804 3218 849 3254 in
876 3220 1170 3253 herbacearum
1201 3219 1390 3254 caulibus
1423 3222 1462 3253 et
1491 3218 1534 3252 in
1567 3217 1878 3254 frutescentium

46 3273 172 3320 libro,
205 3272 458 3316 frequentius
475 3274 518 3310 in
533 3274 701 3311 floribus
719 3275 815 3311 etin
830 3275 1109 3319 leguminibus
1128 3278 1223 3311 ante
1237 3275 1457 3318 perfectam
1473 3275 1760 3310 maturitatem.

191 3327 505 3376 Glycyrrlcizae
526 3331 678 3374 triplex
699 3332 743 3367 in
758 3333 925 3375 Europa
940 3332 1103 3374 species
1120 3336 1201 3378 est,
1232 3333 1373 3368 radice
1388 3331 1518 3377 dulci,
1551 3340 1654 3374 quae
1671 3333 1721 3367 ab
1739 3333 1876 3374 amylo

46 3388 85 3422 et
102 3389 285 3422 extracto
301 3387 368 3423 sui
383 3387 546 3431 generis
559 3384 937 3435 (Glyeyrrhizina)
950 3389 1140 3425 virtutem
1156 3388 1390 3433 lenientem,
1408 3388 1609 3431 imprimis
1626 3388 1876 3425 membranis

45 3443 225 3478 mucosis
252 3444 448 3491 amicam,
481 3445 639 3488 repetit.
702 3442 1018 3492 Glycyrrlcizae
1037 3443 1216 3492 glabrae
1237 3445 1357 3482 Linn.
1377 3444 1690 3489 (Liquiritiaej,
1723 3444 1766 3480 in
1789 3446 1876 3480 Eu-

44 3508 144 3543 ropa
165 3500 411 3536 australiore
440 3505 583 3544 sponte
613 3503 856 3550 crescentis,
890 3503 934 3539 in
962 3503 1098 3539 media
1129 3502 1252 3538 etiam
1282 3504 1440 3555 cultae,
1471 3502 1592 3537 radix
1620 3502 1664 3537 iu
1698 3501 1874 3538 officinis

45 3559 129 3604 est,
159 3556 204 3592 in
221 3557 368 3601 quibus
384 3556 506 3595 etiam
523 3567 689 3597 succum
706 3560 920 3598 densatum
936 3558 1297 3608 (Barenzucker),
1326 3568 1382 3597 ex
1397 3562 1581 3595 extracto
1604 3558 1806 3604 imprimis
1828 3559 1873 3597 in

1413 3622 1521 3676 43*
