2147 3756
953 114 1072 167 555

842 196 895 202 ...—
1019 198 1100 202 η...-
1122 195 1189 202 —-—

107 294 196 332 cisa
212 291 355 331 farctis
379 294 608 339 uterentur,
640 290 804 329 contriti
829 291 916 328 folii
941 294 1150 335 pulverem
1173 288 1344 327 naribus
1367 290 1574 326 traherent
1594 291 1662 326 vel
1685 289 1844 336 integra
1866 293 1927 331 ori

104 352 268 396 ingesta
282 350 470 386 continuo
494 350 747 395 manderent,
781 353 816 385 et
841 349 1065 386 sacrificuli
1090 349 1142 384 ad
1166 347 1346 383 animum
1369 344 1412 382 in
1437 346 1587 382 futuris
1611 349 1731 383 rebus
1757 358 1928 391 praesa-

109 407 269 453 giendis
286 407 564 449 inspirandum
584 406 661 441 isto
678 410 888 442 uterentur
911 409 1149 450 pharmaco,
1180 407 1347 447 plantae
1371 406 1505 439 autem
1531 405 1692 439 cultura
1714 406 1863 447 ubique
1885 405 1929 443 in

104 463 231 501 hortis
256 467 291 498 et
321 463 432 507 agris
458 467 730 498 exerceretur.
791 463 970 509 Hel-bae,
1003 461 1264 498 Americanis
1286 463 1334 496 ob
1364 460 1553 496 virtutem
1577 461 1786 496 sedantem
1807 462 1930 499 etiam

102 521 209 556 inter
239 520 492 556 diversarum
524 519 761 561 passionum
792 520 970 554 remedia
998 520 1213 568 laudatae,
1244 517 1391 553 notitia
1419 517 1591 561 primum
1616 518 1666 552 ad
1689 517 1928 566 Lusitanos,

103 576 239 614 serius
272 577 526 618 aliquantum
558 578 606 611 ad
631 576 788 621 Anglos
813 578 1037 621 translata,
1069 585 1163 610 mox
1185 585 1257 617 per
1279 583 1435 610 omnem
1458 575 1663 616 Europam
1690 579 1927 621 propagata,

104 633 218 670 brevi
241 643 312 676 per
329 633 563 668 universum
584 637 777 669 terrarum
795 636 928 668 orbem
946 632 1144 677 cucurrit,
1173 631 1230 665 ita
1247 635 1287 665 ut
1306 631 1532 666 inauditum
1550 639 1697 665 morem
1716 631 1930 667 hauriendi

103 689 258 726 fumum
277 694 312 725 et
331 690 521 725 sorbendi
544 689 712 725 naribus
737 692 965 735 pulverem,
1000 688 1127 731 primo
1152 688 1202 722 ad
1222 689 1428 723 sedandos
1451 687 1558 723 varii
1581 687 1744 731 generis
1768 690 1931 724 morbos

103 745 395 793 introductum,
427 756 521 782 mox
537 746 642 781 inter
665 746 775 782 vitae
798 745 972 781 delicias
996 747 1031 779 et
1057 743 1284 786 quotidiani
1307 752 1407 779 usus
1430 743 1700 780 necessitates
1723 743 1931 787 plerisque

102 803 306 848 habitum,
338 812 418 838 non
436 812 576 837 recens
593 802 801 838 inventum
818 806 854 837 et
872 812 922 837 ex
940 800 1072 835 alieno
1087 802 1182 835 orbe
1199 802 1460 846 translatum,
1494 801 1565 836 sed
1590 803 1766 836 humano
1790 800 1931 844 generi

102 860 361 903 congenitum
386 859 476 901 quis
500 859 692 894 crederet.
752 860 931 893 Joannes
955 857 1069 891 Nicot
1095 855 1331 898 Olisiponae
1356 857 1584 892 Galliarum
1612 857 1721 900 regis
1751 859 1928 903 legatus,

104 917 223 958 cujus
246 924 390 950 nomen
414 916 463 950 ad
489 917 671 957 plantam
694 916 937 949 translatum
965 917 1044 958 est,
1077 914 1244 947 herbam
1267 914 1490 948 salutarem
1513 922 1608 948 ann.
1629 915 1750 949 1560.
1774 913 1931 956 primus

101 971 145 1007 in
163 971 322 1007 Gallias
347 970 502 1016 attulit,
534 970 694 1014 magnis
712 971 927 1006 Panaceae
950 969 1145 1005 encomiis
1170 971 1416 1004 celebratam
1431 996 1440 1014 ‚
1473 971 1523 1005 ad
1540 971 1698 1013 Anglos
1714 972 1930 1007 XValterus

104 1027 280 1072 Raleigh
312 1028 480 1070 ejnsque
509 1026 613 1062 socii
644 1036 793 1062 morem
823 1037 844 1062 e
867 1026 1058 1071 Virginia
1081 1026 1355 1070 advexerunt,
1387 1035 1480 1061 mox
1502 1026 1561 1061 ita
1584 1027 1691 1069 apud
1714 1018 1930 1063 insulanos

103 1084 219 1129 illos,
250 1083 449 1126 imprimis
475 1083 747 1128 elegantiores
773 1086 809 1119 et
835 1083 992 1119 aulicos
1017 1082 1291 1127 divulgatum,
1326 1086 1366 1117 ut
1388 1083 1568 1118 Jacobus
1590 1085 1635 1128 1.‚
1668 1083 1931 1120 doctissimus

103 1140 178 1177 ille
194 1140 499 1176 Britanniarum
517 1132 611 1186 rex,
630 1141 715 1182 jam
734 1148 839 1175 anno
860 1141 979 1174 1619.
998 1143 1329 1181 conquereretur:
1362 1148 1407 1174 eo
1424 1149 1517 1174 esse
1533 1141 1766 1185 deventum,
1798 1145 1843 1176 ut
1858 1140 1932 1176 vix

102 1198 303 1240 hospitem
327 1197 416 1232 sine
440 1198 602 1233 Tabaco
628 1197 787 1239 dapsile
810 1200 1022 1239 exceptum
1045 1195 1136 1238 quis
1161 1200 1289 1242 putet3
1322 1196 1412 1231 sine
1436 1197 1598 1231 'Fabaco
1621 1206 1696 1232 nec
1726 1197 1932 1234 medicina

103 1257 190 1290 ulla
221 1254 275 1290 sit
304 1254 464 1300 valida,
502 1264 577 1289 nec
609 1253 845 1289 sodalitium
874 1262 1024 1299 suave,
1064 1253 1378 1287 tolerabiliorem
1409 1256 1543 1287 tamen
1576 1253 1661 1288 fore
1691 1263 1860 1299 morem,
1893 1253 1932 1289 si

102 1320 231 1354 penes
263 1319 396 1347 mares
427 1313 536 1346 solos
557 1302 787 1345 ‘mansisset
818 1310 1005 1356 insania,
1038 1318 1148 1344 nunc
1173 1313 1308 1344 autem
1332 1309 1454 1344 etiam
1478 1309 1675 1344 uxoribus
1697 1310 1933 1346 incumbere

101 1367 392 1403 necessitatem
423 1367 673 1410 depravandi
702 1367 929 1411 anhelitus,
976 1370 1019 1402 ut
1057 1368 1213 1401 olentes
1251 1366 1418 1402 maritos
1458 1366 1728 1402 similitudine
1764 1367 1931 1402 foetoris

103 1423 309 1461 sustinere
337 1426 517 1459 valeant.
576 1425 640 1460 Ad
665 1425 819 1459 'Furcas
843 1423 998 1458 'sabaei
1029 1432 1146 1458 usum
1177 1431 1203 1457 a
1225 1423 1471 1458 Christianis
1502 1422 1634 1458 fuisse
1662 1427 1932 1468 propagatum

105 1479 210 1517 satis
233 1484 412 1526 constat;
441 1480 547 1517 sitne
570 1481 676 1523 apud
694 1480 845 1515 Persas
872 1484 907 1514 et
926 1480 1047 1515 Sinas
1064 1488 1149 1514 mos
1166 1478 1386 1523 indigenus
1403 1489 1440 1515 v.
1459 1489 1480 1514 e
1495 1476 1715 1523 longinquo
1733 1481 1929 1516 advectus

103 1540 143 1573 et
174 1538 332 1572 demum
363 1539 413 1573 ad
444 1537 688 1573 domesticas
718 1538 826 1579 apud
857 1536 954 1572 illas
984 1540 1126 1580 gentes
1148 1536 1389 1571 Nicotianae
1419 1535 1582 1579 species
1608 1539 1853 1582 translatus,
1886 1536 1931 1574 in

104 1593 295 1637 ambiguo
327 1594 616 1639 relinquimus,
650 1603 732 1629 rem
763 1594 922 1628 altioris
947 1593 1169 1636 indaginis.
1229 1593 1389 1627 Herbae
1412 1595 1574 1633 cultura
1597 1603 1669 1635 per
1692 1593 1932 1629 universum

104 1649 189 1686 sere
207 1655 402 1686 terrarum
419 1653 573 1698 orbem,
604 1650 759 1695 ingenti
776 1649 1026 1694 reipublicae
1042 1651 1154 1684 lucro
1172 1652 1405 1695 exercetur,
1437 1650 1586 1685 mercis
1603 1650 1725 1692 juxta
1749 1649 1931 1687 climatis

101 1709 141 1742 et
172 1706 329 1750 speciei
352 1710 469 1742 satae
492 1707 770 1742 diversitatem
792 1707 911 1742 varia
933 1706 1181 1750 dignatione.
1238 1706 1480 1745 Nicotianae
1503 1706 1614 1742 foliis
1638 1707 1761 1742 etiam
1783 1706 1932 1743 medici

102 1767 290 1809 utuntur;
323 1765 423 1799 haec
448 1766 705 1799 membranas
731 1765 767 1798 et
792 1771 947 1808 organa
973 1765 1172 1797 cellulosa
1202 1762 1366 1797 stimulo
1398 1763 1574 1798 drastico
1605 1763 1789 1799 afficiunt
1820 1766 1857 1800 et
1887 1762 1932 1800 vi

101 1820 313 1856 narcotica
334 1820 376 1855 in
400 1829 546 1855 nervos
562 1824 708 1866 agunt,
738 1819 891 1855 virtute
907 1822 947 1854 ut
966 1819 1006 1854 in
1025 1819 1194 1861 reliquis
1210 1819 1452 1855 Solanaceis
1468 1828 1492 1855 a
1509 1820 1744 1856 substantia
1758 1820 1933 1856 alcaloi-

102 1871 420 1924 deaf'peculiaris
442 1877 592 1912 indolis
614 1877 827 1919 pendente.
887 1873 1088 1910 Ne'cocina
1111 1876 1342 1911 substantia
1365 1879 1426 1912 est
1450 1875 1594 1923 fluida,
1628 1879 1935 1922 aqueo—pellu-

101 1933 217 1980 cida,
249 1933 405 1969 modice
434 1933 612 1980 flavens,
645 1932 885 1968 difficillime
915 1933 958 1968 in
980 1935 1215 1968 lamellulas
1240 1932 1528 1979 crystallinas,
1562 1933 1761 1969 citissime
1785 1943 1931 1970 rursus

103 1990 429 2034 deliquescentes
460 1992 717 2037 coalescens,
764 1989 1124 2025 vehementissime
1154 1989 1382 2035 narcotica,
1423 1994 1545 2032 atque
1575 1998 1600 2025 a
1629 1991 1803 2026 venenis
1833 1990 1935 2027 reli-

103 2055 274 2090 quarum
296 2046 614 2082 Solanacearum
637 2047 679 2082 in
710 2055 755 2082 eo
788 2047 970 2095 diversa,
1004 2047 1107 2088 quod
1139 2045 1246 2081 oculi
1277 2046 1475 2090 pupillam
1506 2047 1805 2089 aliquantulum
1835 2056 1934 2083 con-

104 2105 258 2150 trahat,
289 2113 364 2140 nec
387 2106 429 2138 ut
451 2103 528 2139 illa
550 2103 768 2139 manifeste
792 2103 947 2139 dilatet.
1005 2103 1236 2139 Peculiaris
1253 2103 1408 2138 Tabaci
1431 2103 1590 2139 indoles
1614 2103 1748 2139 minus
1772 2107 1822 2140 ab
1855 2107 1933 2140 hac

103 2160 271 2197 materie
287 2160 518 2196 alcaloidea
534 2160 759 2196 derivanda
781 2160 964 2209 videtur,
995 2161 1068 2197 sed
1088 2159 1225 2205 potius
1249 2162 1298 2197 ab
1323 2159 1411 2197 alia
1433 2160 1665 2197 substantia
1687 2161 1935 2205 crystallina

103 2216 191 2253 acri
207 2221 243 2253 et
260 2217 422 2254 volatili
440 2214 762 2261 (Nicociamna)
782 2218 942 2261 penden

244 2287 434 2324 Alterum
464 2290 782 2324 Solanacearum
812 2297 942 2332 genus
977 2285 1201 2334 Capsae'cum
1232 2291 1316 2336 est,
1356 2288 1475 2332 cujus
1504 2297 1605 2325 usus
1634 2298 1708 2333 per
1735 2292 1935 2327 terrarum

103 2343 240 2395 orbem
264 2344 436 2393 obtinet,
468 2346 520 2381 ad
545 2354 619 2381 nos
645 2354 696 2380 ex
718 2345 913 2381 America
935 2346 1152 2392 advectus,
1184 2346 1292 2389 apud
1313 2345 1446 2382 Asiae
1477 2348 1647 2389 populos
1677 2346 1860 2391 indigeni
1889 2349 1935 2383 ut

104 2402 268 2442 videtur
295 2402 433 2438 moris.
491 2404 539 2438 In
569 2402 685 2437 arida
709 2402 974 2445 Capsicorum
1003 2405 1134 2439 bacca
1163 2403 1328 2438 resinae
1356 2401 1609 2439 balsamicae
1639 2403 1748 2439 acris
1771 2403 1934 2446 species

108 2456 377 2501 [Capsicina]
396 2452 585 2507 residet,''
597 2467 702 2502 quae
719 2462 944 2495 aromatum
960 2459 1115 2495 acrium
1131 2458 1173 2494 in
1188 2461 1349 2495 modum
1366 2458 1408 2494 in
1433 2463 1563 2496 tractu
1588 2459 1816 2495 intestinali
1838 2459 1933 2495 irri-

106 2514 298 2550 tationem
323 2519 535 2562 provocat,
567 2525 715 2551 nervos
738 2515 1020 2552 abdominales
1044 2515 1309 2563 excitantem,
1340 2506 1486 2559 majori
1511 2517 1598 2552 dosi
1622 2516 1836 2562 vomitum,
1869 2518 1935 2552 al-

106 2580 203 2608 vum
232 2573 392 2613 laxam,
426 2572 648 2608 ventriculi
676 2571 1035 2609 inflammationem
1065 2576 1230 2619 causat,
1268 2564 1408 2617 omnes
1440 2572 1613 2616 denique
1645 2572 1795 2608 veneni
1823 2573 1933 2609 acris

106 2629 274 2664 effectus
305 2627 478 2674 exserit,
517 2627 683 2664 virtutis
713 2629 947 2665 narcoticae
977 2639 1053 2664 nec
1081 2628 1249 2665 minimo
1279 2629 1529 2664 documento.
1588 2629 1698 2665 Usus
1728 2629 1934 2666 fructuum

112 2682 284 2729 Capsz'cz'
304 2686 413 2727 apud
434 2684 705 2720 Americanos
729 2689 767 2720 et
788 2686 911 2721 Indos
936 2685 1128 2728 frequens
1152 2678 1235 2731 est,
1268 2685 1516 2720 condimenti
1537 2686 1668 2731 acris,
1698 2686 1742 2721 in
1770 2687 1934 2722 modum

105 2741 286 2789 Piperis,
316 2743 427 2788 loco,
456 2741 587 2776 rarior
609 2741 653 2776 in
676 2742 842 2784 Europa
864 2741 1036 2786 obtinet,
1069 2742 1192 2776 etiam
1213 2743 1266 2777 ad
1287 2737 1469 2785 Nig‘ritas
1494 2751 1546 2777 ex
1567 2743 1760 2778 America
1781 2750 1932 2786 propa-

104 2801 240 2842 gatus.
301 2795 523 2843 Capsz'cnm
554 2804 738 2831 annuum
760 2799 882 2834 Linn.
906 2796 1089 2841 (Tchili)
1113 2807 1221 2833 nunc
1250 2807 1323 2841 per
1353 2800 1488 2833 orbem
1519 2801 1714 2834 terrarum
1743 2799 1934 2836 diffusum

107 2859 190 2901 est,
222 2853 264 2889 in
279 2854 468 2897 Europae
491 2854 749 2890 australioris
768 2855 894 2890 hortis
920 2853 1137 2890 culinariis
1153 2851 1321 2900 Piperis
1338 2850 1552 2900 hispanici
1573 2858 1611 2889 et
1637 2853 1792 2889 turc-ici
1813 2855 1931 2892 titulo

56 2941 68 2947 -
106 2909 254 2954 (vulgo
286 2909 492 2955 Paprika]
526 2914 673 2947 satum.
739 2914 872 2947 Multa
899 2911 1128 2954 specierum
1155 2911 1360 2958 varietas,
1405 2915 1444 2946 et
1473 2910 1654 2962 difficilis
1685 2911 1934 2948 varietatum

110 2966 421 3003 discriminatio.
452 2967 704 3010 Principium
720 2967 971 3004 narcoticum
986 2967 1028 3003 in
1044 2968 1260 3011 speciebus
1276 2967 1518 3011 quibusdam
1533 2967 1933 3007 americanisevolvi

106 3024 332 3067 perhibent.
403 3025 614 3061 Peruanos
646 3023 846 3061 fructibus
876 3023 1043 3068 Capsici
1073 3025 1288 3068 cujusdam
1320 3020 1512 3068 (Capsiei
1544 3023 1734 3061 toxicarii
1761 3024 1930 3073 Pomm),

105 3089 197 3116 cum
214 3079 624 3125 aliis-vegetabilibus
639 3081 854 3126 permixtis
876 3082 928 3118 ad
949 3081 1188 3119 imbuendos
1209 3081 1454 3127 sagittarum
1466 3091 1689 3120 »mucrones
1713 3081 1795 3131 utiq
1823 3083 1934 3119 rela-

104 3139 189 3174 tum
205 3139 282 3173 est.
775 3157 777 3159 -

246 3203 522 3253 chopersv'et'
548 3206 746 3252 [Tomate
773 3210 973 3256 Pernam,
1003 3208 1129 3255 vngo
1158 3209 1494 3257 Paradiesapfel,
1523 3211 1688 3246 Pomme
1719 3207 1930 3254 d'amour]

107 3265 261 3301 baccae
285 3264 422 3311 acido,
452 3274 568 3301 muco
592 3269 632 3301 et
653 3268 849 3303 saccharo
871 3267 1004 3304 foetae
1025 3264 1134 3303 int'er
1156 3267 1315 3303 cibaria
1336 3267 1594 3313 notissimae3
1625 3269 1752 3302 herba
1781 3266 1932 3303 ameri-

106 3328 212 3357 cana
235 3325 318 3368 est,
349 3330 458 3357 nunc
479 3331 550 3365 per
564 3323 770 3367 Europam
792 3326 832 3359 et
845 3323 993 3360 Asiam
1013 3328 1252 3368 propagata.
1294 3325 1440 3360 ‘Vetus
1466 3327 1525 3359 est
1551 3325 1766 3359 baccarum
1783 3316 1935 3358 Solam·

108 3375 358 3424 Melongena
373 3377 492 3414 Linn.
512 3376 576 3421 [S.
593 3379 794 3416 esculenti
809 3380 943 3425 Duri.)
961 3384 999 3417 et
1016 3378 1168 3415 Solam'
1180 3380 1480 3428 o‘cv’gerv'Dun„
1513 3379 1741 3422 specierum
1763 3379 1807 3416 in
1822 3380 1931 3417 Asia

108 3434 262 3478 tropica
284 3433 586 3483 indigenarum,
619 3445 744 3483 usuS,
776 3445 880 3479 quae
901 3437 944 3473 in
958 3438 1125 3481 Europa
1146 3437 1443 3473 mediterranea
1465 3435 1622 3479 passim
1644 3440 1784 3483 satae,
1816 3440 1854 3472 et
1875 3437 1930 3473 ad

107 3490 375 3530 Americanos
391 3488 668 3544 transve'ctae,
699 3493 744 3531 in
758 3494 869 3532 Novo
885 3496 981 3534 orbe
1003 3494 1121 3531 hodie
1144 3495 1333 3531 efferatae
1355 3497 1557 3539 vegetant.
1615 3493 1796 3532 Peruani
1819 3498 1929 3532 com-
