<?xml version="1.0" encoding="UTF-8"?>
<!DOCTYPE html PUBLIC "-//W3C//DTD XHTML 1.0 Transitional//EN"
    "http://www.w3.org/TR/xhtml1/DTD/xhtml1-transitional.dtd">
<html xmlns="http://www.w3.org/1999/xhtml" xml:lang="en" lang="en">
 <head>
  <title>
</title>
<meta http-equiv="Content-Type" content="text/html;charset=utf-8" />
  <meta name='ocr-system' content='tesseract 3.04.00' />
  <meta name='ocr-capabilities' content='ocr_page ocr_carea ocr_par ocr_line ocrx_word'/>
</head>
<body>
  <div class='ocr_page' id='page_1' title='image "./enchiridionbotan00endl/enchiridionbotan00endl_0123.png"; bbox 0 0 2147 3756; ppageno 0'>
   <div class='ocr_carea' id='block_1_1' title="bbox 963 83 1073 133">
    <p class='ocr_par' dir='ltr' id='par_1_1' title="bbox 963 83 1073 133">
     <span class='ocr_line' id='line_1_1' title="bbox 963 83 1073 133; baseline 0.009 -1"><span class='ocrx_word' id='word_1_1' title='bbox 963 83 1073 133; x_wconf 73' lang='lat'>105</span> 
     </span>
    </p>
   </div>
   <div class='ocr_carea' id='block_1_2' title="bbox 98 246 1930 359">
    <p class='ocr_par' dir='ltr' id='par_1_2' title="bbox 98 246 1930 359">
     <span class='ocr_line' id='line_1_2' title="bbox 98 246 1930 303; baseline 0 -7"><span class='ocrx_word' id='word_1_2' title='bbox 98 261 319 296; x_wconf 82' lang='lat' dir='ltr'>diversum.</span> <span class='ocrx_word' id='word_1_3' title='bbox 370 246 539 293; x_wconf 52' lang='lat' dir='ltr'>‘rubera</span> <span class='ocrx_word' id='word_1_4' title='bbox 563 259 699 301; x_wconf 72' lang='lat' dir='ltr'>amylo</span> <span class='ocrx_word' id='word_1_5' title='bbox 726 256 876 293; x_wconf 84' lang='lat' dir='ltr'>referta</span> <span class='ocrx_word' id='word_1_6' title='bbox 899 256 1060 293; x_wconf 85' lang='lat' dir='ltr'>farinae</span> <span class='ocrx_word' id='word_1_7' title='bbox 1083 257 1264 300; x_wconf 85' lang='lat' dir='ltr'>speciem</span> <span class='ocrx_word' id='word_1_8' title='bbox 1282 256 1467 294; x_wconf 74' lang='lat' dir='ltr'>Chilonis</span> <span class='ocrx_word' id='word_1_9' title='bbox 1491 262 1699 303; x_wconf 79' lang='lat' dir='ltr'>praebent.</span> <span class='ocrx_word' id='word_1_10' title='bbox 1761 257 1930 296; x_wconf 74' lang='lat' dir='ltr'>Alstrii-</span> 
     </span>
     <span class='ocr_line' id='line_1_3' title="bbox 99 313 1010 359; baseline 0.003 -12"><span class='ocrx_word' id='word_1_11' title='bbox 99 318 234 351; x_wconf 68' lang='lat' dir='ltr'>meria</span> <span class='ocrx_word' id='word_1_12' title='bbox 251 313 429 349; x_wconf 70' lang='lat' dir='ltr'>Salsum</span> <span class='ocrx_word' id='word_1_13' title='bbox 444 316 491 350; x_wconf 89' lang='lat' dir='ltr'>L.</span> <span class='ocrx_word' id='word_1_14' title='bbox 510 315 813 359; x_wconf 85' lang='lat' dir='ltr'>Salsapariilae</span> <span class='ocrx_word' id='word_1_15' title='bbox 827 317 918 350; x_wconf 86' lang='lat' dir='ltr'>loco</span> <span class='ocrx_word' id='word_1_16' title='bbox 936 317 1010 350; x_wconf 87' lang='lat' dir='ltr'>est.</span> 
     </span>
    </p>
   </div>
   <div class='ocr_carea' id='block_1_3' title="bbox 93 406 1931 691">
    <p class='ocr_par' dir='ltr' id='par_1_3' title="bbox 93 406 1931 691">
     <span class='ocr_line' id='line_1_4' title="bbox 234 406 1928 463; baseline 0.001 -12"><span class='ocrx_word' id='word_1_17' title='bbox 234 406 265 437; x_wconf 71' lang='lat'>&#39;²²‘</span> <span class='ocrx_word' id='word_1_18' title='bbox 284 408 600 463; x_wconf 75' lang='lat' dir='ltr'>Agaveae.</span> <span class='ocrx_word' id='word_1_19' title='bbox 660 409 951 462; x_wconf 81' lang='lat' dir='ltr'>Agavearum</span> <span class='ocrx_word' id='word_1_20' title='bbox 981 411 1167 462; x_wconf 81' lang='lat' dir='ltr'>gentem</span> <span class='ocrx_word' id='word_1_21' title='bbox 1198 408 1485 463; x_wconf 79' lang='lat' dir='ltr'>giganteam,</span> <span class='ocrx_word' id='word_1_22' title='bbox 1516 408 1773 462; x_wconf 82' lang='lat' dir='ltr'>longaevae</span> <span class='ocrx_word' id='word_1_23' title='bbox 1805 411 1928 452; x_wconf 82' lang='lat' dir='ltr'>vitae</span> 
     </span>
     <span class='ocr_line' id='line_1_5' title="bbox 95 464 1930 508; baseline -0.001 -1"><span class='ocrx_word' id='word_1_24' title='bbox 95 467 279 508; x_wconf 87' lang='lat' dir='ltr'>inanem</span> <span class='ocrx_word' id='word_1_25' title='bbox 303 464 702 506; x_wconf 85' lang='lat' dir='ltr'>frondescentiam</span> <span class='ocrx_word' id='word_1_26' title='bbox 727 466 889 505; x_wconf 85' lang='lat' dir='ltr'>unicae</span> <span class='ocrx_word' id='word_1_27' title='bbox 916 464 1239 506; x_wconf 74' lang='lat' dir='ltr'>florescentiae</span> <span class='ocrx_word' id='word_1_28' title='bbox 1264 466 1435 507; x_wconf 85' lang='lat' dir='ltr'>decore</span> <span class='ocrx_word' id='word_1_29' title='bbox 1460 466 1776 508; x_wconf 81' lang='lat' dir='ltr'>absolventem</span> <span class='ocrx_word' id='word_1_30' title='bbox 1799 467 1930 507; x_wconf 86' lang='lat' dir='ltr'>Ama.-</span> 
     </span>
     <span class='ocr_line' id='line_1_6' title="bbox 97 521 1931 577; baseline -0.002 -12"><span class='ocrx_word' id='word_1_31' title='bbox 97 523 314 577; x_wconf 82' lang='lat' dir='ltr'>ryllideis</span> <span class='ocrx_word' id='word_1_32' title='bbox 346 521 495 562; x_wconf 87' lang='lat' dir='ltr'>adhuc</span> <span class='ocrx_word' id='word_1_33' title='bbox 528 523 634 563; x_wconf 87' lang='lat' dir='ltr'>dum</span> <span class='ocrx_word' id='word_1_34' title='bbox 668 522 1029 572; x_wconf 74' lang='lat' dir='ltr'>subscribimus,</span> <span class='ocrx_word' id='word_1_35' title='bbox 1077 522 1166 562; x_wconf 88' lang='lat' dir='ltr'>etsi</span> <span class='ocrx_word' id='word_1_36' title='bbox 1198 522 1318 563; x_wconf 84' lang='lat' dir='ltr'>facie</span> <span class='ocrx_word' id='word_1_37' title='bbox 1358 522 1414 562; x_wconf 87' lang='lat' dir='ltr'>ab</span> <span class='ocrx_word' id='word_1_38' title='bbox 1454 523 1560 563; x_wconf 84' lang='lat' dir='ltr'>aliis</span> <span class='ocrx_word' id='word_1_39' title='bbox 1603 523 1931 573; x_wconf 82' lang='lat' dir='ltr'>diversissima,</span> 
     </span>
     <span class='ocr_line' id='line_1_7' title="bbox 95 578 1929 634; baseline 0.001 -15"><span class='ocrx_word' id='word_1_40' title='bbox 95 581 324 634; x_wconf 86' lang='lat' dir='ltr'>quandam</span> <span class='ocrx_word' id='word_1_41' title='bbox 344 592 444 618; x_wconf 82' lang='lat' dir='ltr'>cum</span> <span class='ocrx_word' id='word_1_42' title='bbox 465 579 799 620; x_wconf 82' lang='lat' dir='ltr'>Bromeliaeeis</span> <span class='ocrx_word' id='word_1_43' title='bbox 818 578 1091 618; x_wconf 81' lang='lat' dir='ltr'>affinitatem</span> <span class='ocrx_word' id='word_1_44' title='bbox 1114 592 1221 632; x_wconf 85' lang='lat' dir='ltr'>prae</span> <span class='ocrx_word' id='word_1_45' title='bbox 1248 592 1296 620; x_wconf 87' lang='lat' dir='ltr'>se</span> <span class='ocrx_word' id='word_1_46' title='bbox 1322 578 1466 630; x_wconf 85' lang='lat' dir='ltr'>ferat,</span> <span class='ocrx_word' id='word_1_47' title='bbox 1499 579 1604 620; x_wconf 86' lang='lat' dir='ltr'>aliis</span> <span class='ocrx_word' id='word_1_48' title='bbox 1632 581 1753 621; x_wconf 87' lang='lat' dir='ltr'>notis</span> <span class='ocrx_word' id='word_1_49' title='bbox 1779 580 1837 620; x_wconf 82' lang='lat' dir='ltr'>ad</span> <span class='ocrx_word' id='word_1_50' title='bbox 1855 579 1929 620; x_wconf 81' lang='lat' dir='ltr'>Li-</span> 
     </span>
     <span class='ocr_line' id='line_1_8' title="bbox 93 635 1570 691; baseline 0 -14"><span class='ocrx_word' id='word_1_51' title='bbox 93 636 266 678; x_wconf 83' lang='lat' dir='ltr'>liaceas</span> <span class='ocrx_word' id='word_1_52' title='bbox 287 636 506 678; x_wconf 80' lang='lat' dir='ltr'>accedere</span> <span class='ocrx_word' id='word_1_53' title='bbox 524 642 568 678; x_wconf 87' lang='lat' dir='ltr'>et</span> <span class='ocrx_word' id='word_1_54' title='bbox 586 637 765 691; x_wconf 82' lang='lat' dir='ltr'>proprii</span> <span class='ocrx_word' id='word_1_55' title='bbox 784 635 962 676; x_wconf 86' lang='lat' dir='ltr'>ordinis</span> <span class='ocrx_word' id='word_1_56' title='bbox 976 636 1051 689; x_wconf 86' lang='lat' dir='ltr'>jus</span> <span class='ocrx_word' id='word_1_57' title='bbox 1071 648 1324 690; x_wconf 77' lang='lat' dir='ltr'>exposcere</span> <span class='ocrx_word' id='word_1_58' title='bbox 1342 637 1570 678; x_wconf 82' lang='lat' dir='ltr'>videatur.</span> 
     </span>
    </p>
   </div>
   <div class='ocr_carea' id='block_1_4' title="bbox 869 753 1158 789">
    <p class='ocr_par' dir='ltr' id='par_1_4' title="bbox 869 753 1158 789">
     <span class='ocr_line' id='line_1_9' title="bbox 869 753 1158 789; baseline 0.003 -1"><span class='ocrx_word' id='word_1_59' title='bbox 869 753 1158 789; x_wconf 74' lang='lat' dir='ltr'>GENERA.</span> 
     </span>
    </p>
   </div>
   <div class='ocr_carea' id='block_1_5' title="bbox 179 829 1765 929">
    <p class='ocr_par' dir='ltr' id='par_1_5' title="bbox 179 829 1765 929">
     <span class='ocr_line' id='line_1_10' title="bbox 179 829 1605 879; baseline 0.001 -4"><span class='ocrx_word' id='word_1_60' title='bbox 179 839 302 875; x_wconf 78' lang='lat'>¹297.</span> <span class='ocrx_word' id='word_1_61' title='bbox 333 839 480 879; x_wconf 66' lang='lat' dir='ltr'>Agave</span> <span class='ocrx_word' id='word_1_62' title='bbox 494 835 620 873; x_wconf 77' lang='lat' dir='ltr'>Lz‘me.</span> <span class='ocrx_word' id='word_1_63' title='bbox 1190 829 1224 864; x_wconf 69' lang='grc' dir='ltr'>ὁ·</span> <span class='ocrx_word' id='word_1_64' title='bbox 1250 829 1406 864; x_wconf 51' lang='lat' dir='ltr'>Lista&amp;</span> <span class='ocrx_word' id='word_1_65' title='bbox 1426 831 1605 876; x_wconf 59' lang='lat' dir='ltr'>T&#39;lgh‘s‘b·</span> 
     </span>
     <span class='ocr_line' id='line_1_11' title="bbox 241 875 1765 929; baseline -0.007 -8"><span class='ocrx_word' id='word_1_66' title='bbox 241 899 279 921; x_wconf 81' lang='grc' dir='ltr'>ιι.</span> <span class='ocrx_word' id='word_1_67' title='bbox 305 880 448 929; x_wconf 68' lang='lat' dir='ltr'>Agave.</span> <span class='ocrx_word' id='word_1_68' title='bbox 1370 875 1609 918; x_wconf 80' lang='lat' dir='ltr'>Bonapartea</span> <span class='ocrx_word' id='word_1_69' title='bbox 1631 875 1765 911; x_wconf 78' lang='lat' dir='ltr'>Willd.</span> 
     </span>
    </p>
   </div>
   <div class='ocr_carea' id='block_1_6' title="bbox 1130 924 1669 970">
    <p class='ocr_par' dir='ltr' id='par_1_6' title="bbox 1130 924 1669 970">
     <span class='ocr_line' id='line_1_12' title="bbox 1130 924 1669 970; baseline 0.007 -11"><span class='ocrx_word' id='word_1_70' title='bbox 1130 924 1252 959; x_wconf 78' lang='lat'>1298.</span> <span class='ocrx_word' id='word_1_71' title='bbox 1283 925 1523 970; x_wconf 77' lang='lat' dir='ltr'>Fourcroya</span> <span class='ocrx_word' id='word_1_72' title='bbox 1546 925 1669 963; x_wconf 72' lang='lat' dir='ltr'>Venc.</span> 
     </span>
    </p>
   </div>
   <div class='ocr_carea' id='block_1_7' title="bbox 88 1007 1931 1684">
    <p class='ocr_par' dir='ltr' id='par_1_7' title="bbox 88 1007 1931 1684">
     <span class='ocr_line' id='line_1_13' title="bbox 231 1007 1931 1056; baseline 0.002 -11"><span class='ocrx_word' id='word_1_73' title='bbox 231 1011 429 1055; x_wconf 82' lang='lat' dir='ltr'>Agaveae</span> <span class='ocrx_word' id='word_1_74' title='bbox 445 1009 488 1045; x_wconf 86' lang='lat' dir='ltr'>in</span> <span class='ocrx_word' id='word_1_75' title='bbox 505 1007 755 1051; x_wconf 70' lang='lat' dir='ltr'>reipublicae</span> <span class='ocrx_word' id='word_1_76' title='bbox 771 1007 1015 1044; x_wconf 78' lang='lat' dir='ltr'>mexicanae</span> <span class='ocrx_word' id='word_1_77' title='bbox 1031 1008 1236 1044; x_wconf 82' lang='lat' dir='ltr'>montibus</span> <span class='ocrx_word' id='word_1_78' title='bbox 1254 1013 1292 1045; x_wconf 84' lang='lat' dir='ltr'>et</span> <span class='ocrx_word' id='word_1_79' title='bbox 1315 1009 1358 1045; x_wconf 90' lang='lat' dir='ltr'>in</span> <span class='ocrx_word' id='word_1_80' title='bbox 1381 1010 1534 1048; x_wconf 86' lang='lat' dir='ltr'>insulis</span> <span class='ocrx_word' id='word_1_81' title='bbox 1551 1012 1780 1049; x_wconf 83' lang='lat' dir='ltr'>Antillanis</span> <span class='ocrx_word' id='word_1_82' title='bbox 1803 1022 1931 1056; x_wconf 85' lang='lat' dir='ltr'>spon·</span> 
     </span>
     <span class='ocr_line' id='line_1_14' title="bbox 92 1066 1930 1116; baseline 0.002 -14"><span class='ocrx_word' id='word_1_83' title='bbox 92 1070 254 1112; x_wconf 87' lang='lat' dir='ltr'>taneae,</span> <span class='ocrx_word' id='word_1_84' title='bbox 297 1076 404 1101; x_wconf 89' lang='lat' dir='ltr'>nunc</span> <span class='ocrx_word' id='word_1_85' title='bbox 436 1076 506 1109; x_wconf 87' lang='lat' dir='ltr'>per</span> <span class='ocrx_word' id='word_1_86' title='bbox 539 1075 696 1101; x_wconf 87' lang='lat' dir='ltr'>omnem</span> <span class='ocrx_word' id='word_1_87' title='bbox 726 1066 961 1101; x_wconf 86' lang='lat' dir='ltr'>Americam</span> <span class='ocrx_word' id='word_1_88' title='bbox 993 1066 1230 1101; x_wconf 81' lang='lat' dir='ltr'>calidiorem</span> <span class='ocrx_word' id='word_1_89' title='bbox 1261 1067 1495 1116; x_wconf 80' lang='lat' dir='ltr'>dispersae,</span> <span class='ocrx_word' id='word_1_90' title='bbox 1539 1069 1661 1105; x_wconf 86' lang='lat' dir='ltr'>etiam</span> <span class='ocrx_word' id='word_1_91' title='bbox 1692 1070 1734 1105; x_wconf 90' lang='lat' dir='ltr'>in</span> <span class='ocrx_word' id='word_1_92' title='bbox 1765 1072 1930 1112; x_wconf 78' lang='lat' dir='ltr'>Europa</span> 
     </span>
     <span class='ocr_line' id='line_1_15' title="bbox 90 1117 1931 1169; baseline 0.001 -8"><span class='ocrx_word' id='word_1_93' title='bbox 90 1124 391 1161; x_wconf 81' lang='lat' dir='ltr'>mediterranea</span> <span class='ocrx_word' id='word_1_94' title='bbox 407 1125 597 1159; x_wconf 82' lang='lat' dir='ltr'>effetatae</span> <span class='ocrx_word' id='word_1_95' title='bbox 617 1117 820 1165; x_wconf 77' lang='lat' dir='ltr'>vegetant.</span> <span class='ocrx_word' id='word_1_96' title='bbox 879 1124 1026 1159; x_wconf 83' lang='lat' dir='ltr'>Plures</span> <span class='ocrx_word' id='word_1_97' title='bbox 1045 1123 1087 1157; x_wconf 89' lang='lat' dir='ltr'>in</span> <span class='ocrx_word' id='word_1_98' title='bbox 1105 1123 1233 1158; x_wconf 88' lang='lat' dir='ltr'>hortis</span> <span class='ocrx_word' id='word_1_99' title='bbox 1251 1125 1402 1160; x_wconf 82' lang='lat' dir='ltr'>nostris</span> <span class='ocrx_word' id='word_1_100' title='bbox 1426 1136 1497 1168; x_wconf 91' lang='lat' dir='ltr'>per</span> <span class='ocrx_word' id='word_1_101' title='bbox 1520 1129 1692 1162; x_wconf 87' lang='lat' dir='ltr'>saecula</span> <span class='ocrx_word' id='word_1_102' title='bbox 1715 1127 1931 1169; x_wconf 82' lang='lat' dir='ltr'>hospitan-</span> 
     </span>
     <span class='ocr_line' id='line_1_16' title="bbox 91 1175 1931 1227; baseline 0.001 -11"><span class='ocrx_word' id='word_1_103' title='bbox 91 1184 174 1227; x_wconf 81' lang='lat' dir='ltr'>tur,</span> <span class='ocrx_word' id='word_1_104' title='bbox 209 1181 396 1216; x_wconf 81' lang='lat' dir='ltr'>florentes</span> <span class='ocrx_word' id='word_1_105' title='bbox 419 1180 617 1215; x_wconf 85' lang='lat' dir='ltr'>miraculo</span> <span class='ocrx_word' id='word_1_106' title='bbox 641 1183 750 1215; x_wconf 86' lang='lat' dir='ltr'>sunt.</span> <span class='ocrx_word' id='word_1_107' title='bbox 810 1175 975 1225; x_wconf 56' lang='lat' dir='ltr'>Agat-es</span> <span class='ocrx_word' id='word_1_108' title='bbox 1001 1178 1276 1213; x_wconf 60' lang='lat' dir='ltr'>“neeric-anae</span> <span class='ocrx_word' id='word_1_109' title='bbox 1298 1182 1367 1227; x_wconf 89' lang='lat' dir='ltr'>L.,</span> <span class='ocrx_word' id='word_1_110' title='bbox 1400 1191 1521 1224; x_wconf 85' lang='lat' dir='ltr'>quam</span> <span class='ocrx_word' id='word_1_111' title='bbox 1544 1183 1587 1218; x_wconf 90' lang='lat' dir='ltr'>in</span> <span class='ocrx_word' id='word_1_112' title='bbox 1618 1183 1744 1222; x_wconf 67' lang='lat' dir='ltr'>hortis</span> <span class='ocrx_word' id='word_1_113' title='bbox 1777 1184 1931 1218; x_wconf 85' lang='lat' dir='ltr'>nostris</span> 
     </span>
     <span class='ocr_line' id='line_1_17' title="bbox 90 1236 1931 1284; baseline 0.001 -11"><span class='ocrx_word' id='word_1_114' title='bbox 90 1241 262 1284; x_wconf 87' lang='lat' dir='ltr'>cultam,</span> <span class='ocrx_word' id='word_1_115' title='bbox 294 1239 424 1272; x_wconf 73' lang='lat' dir='ltr'>Aloen</span> <span class='ocrx_word' id='word_1_116' title='bbox 442 1240 591 1272; x_wconf 83' lang='lat' dir='ltr'>vocant.</span> <span class='ocrx_word' id='word_1_117' title='bbox 608 1236 768 1280; x_wconf 81' lang='lat' dir='ltr'>vulgari</span> <span class='ocrx_word' id='word_1_118' title='bbox 787 1246 941 1281; x_wconf 89' lang='lat' dir='ltr'>errore,</span> <span class='ocrx_word' id='word_1_119' title='bbox 974 1237 1232 1279; x_wconf 83' lang='lat' dir='ltr'>aliarumque</span> <span class='ocrx_word' id='word_1_120' title='bbox 1248 1238 1478 1280; x_wconf 81' lang='lat' dir='ltr'>specierum</span> <span class='ocrx_word' id='word_1_121' title='bbox 1495 1240 1614 1275; x_wconf 83' lang='lat' dir='ltr'>radix</span> <span class='ocrx_word' id='word_1_122' title='bbox 1639 1238 1798 1282; x_wconf 80' lang='lat' dir='ltr'>(Radix</span> <span class='ocrx_word' id='word_1_123' title='bbox 1815 1241 1931 1284; x_wconf 75' lang='lat' dir='ltr'>Aga-</span> 
     </span>
     <span class='ocr_line' id='line_1_18' title="bbox 89 1293 1926 1341; baseline 0.002 -11"><span class='ocrx_word' id='word_1_124' title='bbox 89 1304 182 1341; x_wconf 82' lang='lat' dir='ltr'>ves,</span> <span class='ocrx_word' id='word_1_125' title='bbox 215 1297 338 1337; x_wconf 83' lang='lat' dir='ltr'>vulgo</span> <span class='ocrx_word' id='word_1_126' title='bbox 362 1296 482 1340; x_wconf 85' lang='lat' dir='ltr'>Meti,</span> <span class='ocrx_word' id='word_1_127' title='bbox 516 1296 717 1339; x_wconf 80' lang='lat' dir='ltr'>Magney,</span> <span class='ocrx_word' id='word_1_128' title='bbox 750 1293 866 1340; x_wconf 89' lang='lat' dir='ltr'>Pita,</span> <span class='ocrx_word' id='word_1_129' title='bbox 899 1295 1020 1338; x_wconf 75' lang='lat' dir='ltr'>Ozal,</span> <span class='ocrx_word' id='word_1_130' title='bbox 1054 1294 1393 1338; x_wconf 79' lang='lat' dir='ltr'>champaghara)</span> <span class='ocrx_word' id='word_1_131' title='bbox 1426 1306 1570 1332; x_wconf 85' lang='lat' dir='ltr'>recens</span> <span class='ocrx_word' id='word_1_132' title='bbox 1603 1307 1726 1332; x_wconf 86' lang='lat' dir='ltr'>succo</span> <span class='ocrx_word' id='word_1_133' title='bbox 1750 1297 1926 1340; x_wconf 80' lang='lat' dir='ltr'>viscoso,</span> 
     </span>
     <span class='ocr_line' id='line_1_19' title="bbox 88 1350 1927 1400; baseline 0.001 -13"><span class='ocrx_word' id='word_1_134' title='bbox 88 1351 259 1395; x_wconf 79' lang='lat' dir='ltr'>limpido</span> <span class='ocrx_word' id='word_1_135' title='bbox 276 1355 464 1396; x_wconf 81' lang='lat' dir='ltr'>scatens,</span> <span class='ocrx_word' id='word_1_136' title='bbox 490 1353 538 1385; x_wconf 84' lang='lat' dir='ltr'>ob</span> <span class='ocrx_word' id='word_1_137' title='bbox 558 1351 666 1386; x_wconf 84' lang='lat' dir='ltr'>vires</span> <span class='ocrx_word' id='word_1_138' title='bbox 685 1351 929 1397; x_wconf 80' lang='lat' dir='ltr'>diureticas,</span> <span class='ocrx_word' id='word_1_139' title='bbox 955 1350 1309 1393; x_wconf 84' lang='lat' dir='ltr'>antisyphiliticas</span> <span class='ocrx_word' id='word_1_140' title='bbox 1326 1354 1432 1395; x_wconf 85' lang='lat' dir='ltr'>apud</span> <span class='ocrx_word' id='word_1_141' title='bbox 1451 1354 1720 1389; x_wconf 83' lang='lat' dir='ltr'>Americanos</span> <span class='ocrx_word' id='word_1_142' title='bbox 1740 1355 1927 1400; x_wconf 82' lang='lat' dir='ltr'>celebris,</span> 
     </span>
     <span class='ocr_line' id='line_1_20' title="bbox 89 1407 1925 1454; baseline 0.002 -11"><span class='ocrx_word' id='word_1_143' title='bbox 89 1409 211 1444; x_wconf 86' lang='lat' dir='ltr'>etiam</span> <span class='ocrx_word' id='word_1_144' title='bbox 228 1409 270 1443; x_wconf 92' lang='lat' dir='ltr'>in</span> <span class='ocrx_word' id='word_1_145' title='bbox 288 1410 492 1450; x_wconf 80' lang='lat' dir='ltr'>Europam</span> <span class='ocrx_word' id='word_1_146' title='bbox 510 1409 668 1453; x_wconf 79' lang='lat' dir='ltr'>adlata,</span> <span class='ocrx_word' id='word_1_147' title='bbox 701 1407 903 1443; x_wconf 78' lang='lat' dir='ltr'>interdum</span> <span class='ocrx_word' id='word_1_148' title='bbox 920 1408 1221 1450; x_wconf 81' lang='lat' dir='ltr'>Salsaparillae</span> <span class='ocrx_word' id='word_1_149' title='bbox 1238 1408 1379 1444; x_wconf 84' lang='lat' dir='ltr'>mixta.</span> <span class='ocrx_word' id='word_1_150' title='bbox 1429 1410 1531 1445; x_wconf 86' lang='lat' dir='ltr'>Caro</span> <span class='ocrx_word' id='word_1_151' title='bbox 1551 1410 1738 1446; x_wconf 87' lang='lat' dir='ltr'>foliorum</span> <span class='ocrx_word' id='word_1_152' title='bbox 1757 1415 1793 1446; x_wconf 88' lang='lat' dir='ltr'>et</span> <span class='ocrx_word' id='word_1_153' title='bbox 1812 1413 1925 1454; x_wconf 86' lang='lat' dir='ltr'>scapi</span> 
     </span>
     <span class='ocr_line' id='line_1_21' title="bbox 89 1459 1931 1510; baseline 0.001 -9"><span class='ocrx_word' id='word_1_154' title='bbox 89 1469 204 1509; x_wconf 82' lang='lat' dir='ltr'>grate</span> <span class='ocrx_word' id='word_1_155' title='bbox 220 1465 406 1510; x_wconf 84' lang='lat' dir='ltr'>acidula,</span> <span class='ocrx_word' id='word_1_156' title='bbox 439 1465 586 1500; x_wconf 79' lang='lat' dir='ltr'>edulis.</span> <span class='ocrx_word' id='word_1_157' title='bbox 647 1459 812 1510; x_wconf 69' lang='lat' dir='ltr'>Agaues</span> <span class='ocrx_word' id='word_1_158' title='bbox 830 1463 1082 1499; x_wconf 61' lang='lat' dir='ltr'>mexicanae</span> <span class='ocrx_word' id='word_1_159' title='bbox 1098 1466 1143 1500; x_wconf 91' lang='lat' dir='ltr'>L.</span> <span class='ocrx_word' id='word_1_160' title='bbox 1163 1475 1331 1500; x_wconf 90' lang='lat' dir='ltr'>succum</span> <span class='ocrx_word' id='word_1_161' title='bbox 1357 1477 1378 1502; x_wconf 90' lang='lat' dir='ltr'>e</span> <span class='ocrx_word' id='word_1_162' title='bbox 1401 1476 1559 1510; x_wconf 82' lang='lat' dir='ltr'>gemma</span> <span class='ocrx_word' id='word_1_163' title='bbox 1583 1469 1755 1503; x_wconf 84' lang='lat' dir='ltr'>centrali</span> <span class='ocrx_word' id='word_1_164' title='bbox 1780 1471 1931 1503; x_wconf 78' lang='lat' dir='ltr'>avulsa</span> 
     </span>
     <span class='ocr_line' id='line_1_22' title="bbox 89 1521 1929 1570; baseline 0.001 -12"><span class='ocrx_word' id='word_1_165' title='bbox 89 1522 254 1558; x_wconf 82' lang='lat' dir='ltr'>effluum</span> <span class='ocrx_word' id='word_1_166' title='bbox 271 1522 488 1566; x_wconf 78' lang='lat' dir='ltr'>coliigunt,</span> <span class='ocrx_word' id='word_1_167' title='bbox 521 1525 561 1556; x_wconf 85' lang='lat' dir='ltr'>ut</span> <span class='ocrx_word' id='word_1_168' title='bbox 587 1525 724 1563; x_wconf 88' lang='lat' dir='ltr'>potum</span> <span class='ocrx_word' id='word_1_169' title='bbox 753 1521 847 1557; x_wconf 82' lang='lat' dir='ltr'>inde</span> <span class='ocrx_word' id='word_1_170' title='bbox 871 1526 1015 1564; x_wconf 85' lang='lat' dir='ltr'>parent</span> <span class='ocrx_word' id='word_1_171' title='bbox 1040 1522 1308 1557; x_wconf 82' lang='lat' dir='ltr'>inebriantem</span> <span class='ocrx_word' id='word_1_172' title='bbox 1326 1523 1473 1567; x_wconf 64' lang='lat' dir='ltr'>(vulgo</span> <span class='ocrx_word' id='word_1_173' title='bbox 1492 1523 1695 1570; x_wconf 63' lang='lat' dir='ltr'>pinique),</span> <span class='ocrx_word' id='word_1_174' title='bbox 1728 1525 1834 1560; x_wconf 90' lang='lat' dir='ltr'>inter</span> <span class='ocrx_word' id='word_1_175' title='bbox 1857 1535 1929 1568; x_wconf 83' lang='lat' dir='ltr'>po-</span> 
     </span>
     <span class='ocr_line' id='line_1_23' title="bbox 89 1578 1929 1629; baseline 0.002 -15"><span class='ocrx_word' id='word_1_176' title='bbox 89 1582 256 1622; x_wconf 83' lang='lat' dir='ltr'>pulares</span> <span class='ocrx_word' id='word_1_177' title='bbox 280 1578 590 1614; x_wconf 75' lang='lat' dir='ltr'>mexicanorum</span> <span class='ocrx_word' id='word_1_178' title='bbox 615 1578 789 1614; x_wconf 79' lang='lat' dir='ltr'>delicias</span> <span class='ocrx_word' id='word_1_179' title='bbox 814 1578 1084 1616; x_wconf 78' lang='lat' dir='ltr'>notissimum.</span> <span class='ocrx_word' id='word_1_180' title='bbox 1144 1580 1275 1615; x_wconf 80' lang='lat' dir='ltr'>Foliis</span> <span class='ocrx_word' id='word_1_181' title='bbox 1300 1581 1482 1624; x_wconf 79' lang='lat' dir='ltr'>mapalia</span> <span class='ocrx_word' id='word_1_182' title='bbox 1499 1585 1655 1629; x_wconf 79' lang='lat' dir='ltr'>tegunt,</span> <span class='ocrx_word' id='word_1_183' title='bbox 1688 1582 1822 1626; x_wconf 86' lang='lat' dir='ltr'>spinis</span> <span class='ocrx_word' id='word_1_184' title='bbox 1848 1585 1929 1618; x_wconf 78' lang='lat' dir='ltr'>teia.</span> 
     </span>
     <span class='ocr_line' id='line_1_24' title="bbox 90 1634 799 1684; baseline 0 -12"><span class='ocrx_word' id='word_1_185' title='bbox 90 1640 270 1684; x_wconf 80' lang='lat' dir='ltr'>armant,</span> <span class='ocrx_word' id='word_1_186' title='bbox 304 1646 326 1671; x_wconf 91' lang='lat' dir='ltr'>e</span> <span class='ocrx_word' id='word_1_187' title='bbox 342 1634 453 1672; x_wconf 72' lang='lat' dir='ltr'>fibris</span> <span class='ocrx_word' id='word_1_188' title='bbox 472 1640 610 1672; x_wconf 77' lang='lat' dir='ltr'>vestes</span> <span class='ocrx_word' id='word_1_189' title='bbox 627 1635 799 1672; x_wconf 83' lang='lat' dir='ltr'>faciunt.</span> 
     </span>
    </p>
   </div>
   <div class='ocr_carea' id='block_1_8' title="bbox 528 1786 1489 1836">
    <p class='ocr_par' dir='ltr' id='par_1_8' title="bbox 528 1786 1489 1836">
     <span class='ocr_line' id='line_1_25' title="bbox 528 1786 1489 1836; baseline 0.004 -5"><span class='ocrx_word' id='word_1_190' title='bbox 528 1787 702 1832; x_wconf 79' lang='lat' dir='ltr'>ordo</span> <span class='ocrx_word' id='word_1_191' title='bbox 732 1786 914 1832; x_wconf 73' lang='lat' dir='ltr'>LXV.</span> <span class='ocrx_word' id='word_1_192' title='bbox 981 1786 1489 1836; x_wconf 81' lang='lat' dir='ltr'>Bromeliaceae.</span> 
     </span>
    </p>
   </div>
   <div class='ocr_carea' id='block_1_9' title="bbox 70 1889 1929 3524">
    <p class='ocr_par' dir='ltr' id='par_1_9' title="bbox 70 1889 1929 3524">
     <span class='ocr_line' id='line_1_26' title="bbox 228 1889 1928 1956; baseline 0.002 -19"><span class='ocrx_word' id='word_1_193' title='bbox 228 1889 425 1937; x_wconf 75' lang='lat' dir='ltr'>Herbae</span> <span class='ocrx_word' id='word_1_194' title='bbox 450 1906 779 1954; x_wconf 81' lang='lat' dir='ltr'>nonnunquam</span> <span class='ocrx_word' id='word_1_195' title='bbox 806 1890 1221 1949; x_wconf 70' lang='lat' dir='ltr'>suffr-utescentes,</span> <span class='ocrx_word' id='word_1_196' title='bbox 1255 1892 1531 1956; x_wconf 82' lang='lat' dir='ltr'>saepissime</span> <span class='ocrx_word' id='word_1_197' title='bbox 1564 1891 1781 1950; x_wconf 84' lang='lat' dir='ltr'>acauleS‚</span> <span class='ocrx_word' id='word_1_198' title='bbox 1816 1908 1928 1941; x_wconf 90' lang='lat' dir='ltr'>cau-</span> 
     </span>
     <span class='ocr_line' id='line_1_27' title="bbox 89 1959 1928 2026; baseline 0.002 -18"><span class='ocrx_word' id='word_1_199' title='bbox 89 1959 198 2009; x_wconf 86' lang='lat' dir='ltr'>dice</span> <span class='ocrx_word' id='word_1_200' title='bbox 229 1962 453 2025; x_wconf 85' lang='lat' dir='ltr'>perenni‚</span> <span class='ocrx_word' id='word_1_201' title='bbox 494 1961 734 2008; x_wconf 76' lang='lat' dir='ltr'>radicibus</span> <span class='ocrx_word' id='word_1_202' title='bbox 774 1962 987 2020; x_wconf 85' lang='lat' dir='ltr'>fibrosis,</span> <span class='ocrx_word' id='word_1_203' title='bbox 1027 1971 1078 2009; x_wconf 91' lang='lat' dir='ltr'>ut</span> <span class='ocrx_word' id='word_1_204' title='bbox 1115 1963 1363 2026; x_wconf 90' lang='lat' dir='ltr'>plurimum</span> <span class='ocrx_word' id='word_1_205' title='bbox 1401 1965 1448 2010; x_wconf 92' lang='lat' dir='ltr'>in</span> <span class='ocrx_word' id='word_1_206' title='bbox 1488 1963 1707 2012; x_wconf 87' lang='lat' dir='ltr'>arborum</span> <span class='ocrx_word' id='word_1_207' title='bbox 1746 1965 1928 2012; x_wconf 89' lang='lat' dir='ltr'>truncis</span> 
     </span>
     <span class='ocr_line' id='line_1_28' title="bbox 88 2033 1929 2099; baseline 0.002 -20"><span class='ocrx_word' id='word_1_208' title='bbox 88 2033 390 2097; x_wconf 78' lang='lat' dir='ltr'>parasiticae.</span> <span class='ocrx_word' id='word_1_209' title='bbox 457 2034 599 2080; x_wconf 68' lang='lat' dir='ltr'>Folia</span> <span class='ocrx_word' id='word_1_210' title='bbox 630 2033 905 2097; x_wconf 87' lang='lat' dir='ltr'>plerumque</span> <span class='ocrx_word' id='word_1_211' title='bbox 939 2035 1094 2081; x_wconf 90' lang='lat' dir='ltr'>omnia</span> <span class='ocrx_word' id='word_1_212' title='bbox 1125 2034 1181 2081; x_wconf 90' lang='lat' dir='ltr'>ad</span> <span class='ocrx_word' id='word_1_213' title='bbox 1214 2034 1362 2082; x_wconf 87' lang='lat' dir='ltr'>basim</span> <span class='ocrx_word' id='word_1_214' title='bbox 1395 2035 1543 2083; x_wconf 89' lang='lat' dir='ltr'>caulis</span> <span class='ocrx_word' id='word_1_215' title='bbox 1573 2052 1617 2083; x_wconf 91' lang='lat' dir='ltr'>v.</span> <span class='ocrx_word' id='word_1_216' title='bbox 1650 2036 1780 2099; x_wconf 87' lang='lat' dir='ltr'>scapi</span> <span class='ocrx_word' id='word_1_217' title='bbox 1814 2052 1929 2083; x_wconf 89' lang='lat' dir='ltr'>con-</span> 
     </span>
     <span class='ocr_line' id='line_1_29' title="bbox 88 2104 1925 2172; baseline 0.002 -21"><span class='ocrx_word' id='word_1_218' title='bbox 88 2113 248 2169; x_wconf 84' lang='lat' dir='ltr'>gesta,</span> <span class='ocrx_word' id='word_1_219' title='bbox 293 2104 398 2150; x_wconf 88' lang='lat' dir='ltr'>basi</span> <span class='ocrx_word' id='word_1_220' title='bbox 440 2105 732 2168; x_wconf 86' lang='lat' dir='ltr'>vaginantia,</span> <span class='ocrx_word' id='word_1_221' title='bbox 780 2104 956 2168; x_wconf 87' lang='lat' dir='ltr'>rigida,</span> <span class='ocrx_word' id='word_1_222' title='bbox 1005 2106 1341 2165; x_wconf 86' lang='lat' dir='ltr'>canaliculata,</span> <span class='ocrx_word' id='word_1_223' title='bbox 1391 2108 1602 2170; x_wconf 80' lang='lat' dir='ltr'>margine</span> <span class='ocrx_word' id='word_1_224' title='bbox 1648 2108 1925 2172; x_wconf 85' lang='lat' dir='ltr'>plerumque</span> 
     </span>
     <span class='ocr_line' id='line_1_30' title="bbox 87 2174 1929 2242; baseline 0.002 -19"><span class='ocrx_word' id='word_1_225' title='bbox 87 2174 536 2240; x_wconf 86' lang='lat' dir='ltr'>spinoso-dentata,</span> <span class='ocrx_word' id='word_1_226' title='bbox 571 2175 865 2240; x_wconf 88' lang='lat' dir='ltr'>epidermide</span> <span class='ocrx_word' id='word_1_227' title='bbox 898 2178 1088 2240; x_wconf 85' lang='lat' dir='ltr'>saepius</span> <span class='ocrx_word' id='word_1_228' title='bbox 1119 2194 1391 2242; x_wconf 87' lang='lat' dir='ltr'>squamosa,</span> <span class='ocrx_word' id='word_1_229' title='bbox 1425 2178 1701 2226; x_wconf 88' lang='lat' dir='ltr'>secedente.</span> <span class='ocrx_word' id='word_1_230' title='bbox 1755 2180 1929 2226; x_wconf 52' lang='lat' dir='ltr'>Flore&amp;</span> 
     </span>
     <span class='ocr_line' id='line_1_31' title="bbox 86 2247 1925 2314; baseline 0.002 -20"><span class='ocrx_word' id='word_1_231' title='bbox 86 2247 308 2311; x_wconf 86' lang='lat' dir='ltr'>perfecti,</span> <span class='ocrx_word' id='word_1_232' title='bbox 341 2247 590 2310; x_wconf 81' lang='lat' dir='ltr'>regulares</span> <span class='ocrx_word' id='word_1_233' title='bbox 613 2265 656 2296; x_wconf 88' lang='lat' dir='ltr'>v.</span> <span class='ocrx_word' id='word_1_234' title='bbox 677 2248 1070 2311; x_wconf 83' lang='lat' dir='ltr'>subirrcgulares,</span> <span class='ocrx_word' id='word_1_235' title='bbox 1105 2250 1293 2312; x_wconf 87' lang='lat' dir='ltr'>spicati,</span> <span class='ocrx_word' id='word_1_236' title='bbox 1327 2252 1563 2297; x_wconf 85' lang='lat' dir='ltr'>racemosi</span> <span class='ocrx_word' id='word_1_237' title='bbox 1588 2250 1925 2314; x_wconf 82' lang='lat' dir='ltr'>v.paniculati,</span> 
     </span>
     <span class='ocr_line' id='line_1_32' title="bbox 87 2318 1927 2384; baseline 0.002 -19"><span class='ocrx_word' id='word_1_238' title='bbox 87 2318 259 2381; x_wconf 85' lang='lat' dir='ltr'>singuli</span> <span class='ocrx_word' id='word_1_239' title='bbox 297 2318 495 2366; x_wconf 85' lang='lat' dir='ltr'>bractea</span> <span class='ocrx_word' id='word_1_240' title='bbox 534 2320 748 2367; x_wconf 90' lang='lat' dir='ltr'>scariosa</span> <span class='ocrx_word' id='word_1_241' title='bbox 788 2320 981 2367; x_wconf 84' lang='lat' dir='ltr'>suffulti.</span> <span class='ocrx_word' id='word_1_242' title='bbox 1054 2322 1370 2384; x_wconf 58' lang='lat' dir='ltr'>Pelagoniam</span> <span class='ocrx_word' id='word_1_243' title='bbox 1409 2338 1531 2369; x_wconf 88' lang='lat' dir='ltr'>nunc</span> <span class='ocrx_word' id='word_1_244' title='bbox 1572 2323 1760 2369; x_wconf 89' lang='lat' dir='ltr'>omnino</span> <span class='ocrx_word' id='word_1_245' title='bbox 1807 2322 1927 2368; x_wconf 85' lang='lat' dir='ltr'>libe-</span> 
     </span>
     <span class='ocr_line' id='line_1_33' title="bbox 87 2392 1925 2456; baseline 0.002 -19"><span class='ocrx_word' id='word_1_246' title='bbox 87 2406 210 2447; x_wconf 89' lang='lat' dir='ltr'>rum,</span> <span class='ocrx_word' id='word_1_247' title='bbox 265 2406 388 2436; x_wconf 87' lang='lat' dir='ltr'>nunc</span> <span class='ocrx_word' id='word_1_248' title='bbox 429 2406 534 2437; x_wconf 88' lang='lat' dir='ltr'>cum</span> <span class='ocrx_word' id='word_1_249' title='bbox 573 2392 786 2453; x_wconf 87' lang='lat' dir='ltr'>germine</span> <span class='ocrx_word' id='word_1_250' title='bbox 831 2392 934 2455; x_wconf 90' lang='lat' dir='ltr'>plus</span> <span class='ocrx_word' id='word_1_251' title='bbox 978 2408 1021 2439; x_wconf 92' lang='lat' dir='ltr'>v.</span> <span class='ocrx_word' id='word_1_252' title='bbox 1063 2392 1212 2439; x_wconf 89' lang='lat' dir='ltr'>minus</span> <span class='ocrx_word' id='word_1_253' title='bbox 1260 2402 1532 2451; x_wconf 88' lang='lat' dir='ltr'>connatum,</span> <span class='ocrx_word' id='word_1_254' title='bbox 1587 2394 1925 2456; x_wconf 88' lang='lat' dir='ltr'>semisuperum</span> 
     </span>
     <span class='ocr_line' id='line_1_34' title="bbox 88 2461 1923 2529; baseline 0.001 -20"><span class='ocrx_word' id='word_1_255' title='bbox 88 2478 132 2509; x_wconf 83' lang='lat' dir='ltr'>v.</span> <span class='ocrx_word' id='word_1_256' title='bbox 173 2461 359 2507; x_wconf 90' lang='lat' dir='ltr'>omnino</span> <span class='ocrx_word' id='word_1_257' title='bbox 398 2478 639 2525; x_wconf 88' lang='lat' dir='ltr'>superum,</span> <span class='ocrx_word' id='word_1_258' title='bbox 680 2463 1010 2526; x_wconf 79' lang='lat' dir='ltr'>sexpartitum,</span> <span class='ocrx_word' id='word_1_259' title='bbox 1051 2462 1351 2522; x_wconf 65' lang='lat' dir='ltr'>biset-iatum,</span> <span class='ocrx_word' id='word_1_260' title='bbox 1392 2466 1602 2512; x_wconf 87' lang='lat' dir='ltr'>exterius</span> <span class='ocrx_word' id='word_1_261' title='bbox 1643 2465 1923 2529; x_wconf 86' lang='lat' dir='ltr'>calycinum,</span> 
     </span>
     <span class='ocr_line' id='line_1_35' title="bbox 89 2530 1926 2597; baseline 0.002 -18"><span class='ocrx_word' id='word_1_262' title='bbox 89 2532 273 2579; x_wconf 86' lang='lat' dir='ltr'>laciniis</span> <span class='ocrx_word' id='word_1_263' title='bbox 312 2530 491 2579; x_wconf 85' lang='lat' dir='ltr'>duabus</span> <span class='ocrx_word' id='word_1_264' title='bbox 531 2534 732 2596; x_wconf 90' lang='lat' dir='ltr'>posticis</span> <span class='ocrx_word' id='word_1_265' title='bbox 777 2535 966 2597; x_wconf 87' lang='lat' dir='ltr'>saepius</span> <span class='ocrx_word' id='word_1_266' title='bbox 1011 2535 1137 2581; x_wconf 88' lang='lat' dir='ltr'>inter</span> <span class='ocrx_word' id='word_1_267' title='bbox 1181 2551 1232 2582; x_wconf 89' lang='lat' dir='ltr'>se</span> <span class='ocrx_word' id='word_1_268' title='bbox 1280 2537 1524 2593; x_wconf 90' lang='lat' dir='ltr'>connatis,</span> <span class='ocrx_word' id='word_1_269' title='bbox 1583 2536 1724 2584; x_wconf 86' lang='lat' dir='ltr'>tertia</span> <span class='ocrx_word' id='word_1_270' title='bbox 1769 2536 1926 2582; x_wconf 88' lang='lat' dir='ltr'>antica</span> 
     </span>
     <span class='ocr_line' id='line_1_36' title="bbox 87 2603 1925 2669; baseline 0.002 -19"><span class='ocrx_word' id='word_1_271' title='bbox 87 2619 419 2666; x_wconf 89' lang='lat' dir='ltr'>nonnunquam</span> <span class='ocrx_word' id='word_1_272' title='bbox 457 2603 703 2663; x_wconf 87' lang='lat' dir='ltr'>breviore,</span> <span class='ocrx_word' id='word_1_273' title='bbox 745 2605 957 2652; x_wconf 90' lang='lat' dir='ltr'>omnibus</span> <span class='ocrx_word' id='word_1_274' title='bbox 995 2621 1082 2669; x_wconf 88' lang='lat' dir='ltr'>per</span> <span class='ocrx_word' id='word_1_275' title='bbox 1119 2607 1482 2654; x_wconf 87' lang='lat' dir='ltr'>aestivationem</span> <span class='ocrx_word' id='word_1_276' title='bbox 1525 2607 1724 2664; x_wconf 86' lang='lat' dir='ltr'>erectis,</span> <span class='ocrx_word' id='word_1_277' title='bbox 1765 2608 1925 2654; x_wconf 86' lang='lat' dir='ltr'>valva-</span> 
     </span>
     <span class='ocr_line' id='line_1_37' title="bbox 88 2675 1922 2737; baseline 0.002 -16"><span class='ocrx_word' id='word_1_278' title='bbox 88 2676 148 2721; x_wconf 87' lang='lat' dir='ltr'>tis</span> <span class='ocrx_word' id='word_1_279' title='bbox 179 2691 222 2722; x_wconf 81' lang='lat' dir='ltr'>v.</span> <span class='ocrx_word' id='word_1_280' title='bbox 256 2675 409 2721; x_wconf 75' lang='lat' dir='ltr'>rarIus</span> <span class='ocrx_word' id='word_1_281' title='bbox 444 2676 659 2737; x_wconf 65' lang='lat' dir='ltr'>,spiratim</span> <span class='ocrx_word' id='word_1_282' title='bbox 698 2675 979 2734; x_wconf 82' lang='lat' dir='ltr'>imbricatis,</span> <span class='ocrx_word' id='word_1_283' title='bbox 1019 2677 1218 2725; x_wconf 89' lang='lat' dir='ltr'>interius</span> <span class='ocrx_word' id='word_1_284' title='bbox 1257 2678 1560 2737; x_wconf 91' lang='lat' dir='ltr'>corollinum,</span> <span class='ocrx_word' id='word_1_285' title='bbox 1600 2678 1782 2725; x_wconf 87' lang='lat' dir='ltr'>laciniis</span> <span class='ocrx_word' id='word_1_286' title='bbox 1820 2678 1922 2724; x_wconf 89' lang='lat' dir='ltr'>basi</span> 
     </span>
     <span class='ocr_line' id='line_1_38' title="bbox 88 2746 1923 2813; baseline 0.003 -22"><span class='ocrx_word' id='word_1_287' title='bbox 88 2746 190 2810; x_wconf 84' lang='lat' dir='ltr'>plus</span> <span class='ocrx_word' id='word_1_288' title='bbox 229 2747 378 2792; x_wconf 87' lang='lat' dir='ltr'>minus</span> <span class='ocrx_word' id='word_1_289' title='bbox 419 2747 787 2794; x_wconf 82' lang='lat' dir='ltr'>cohaerentibus</span> <span class='ocrx_word' id='word_1_290' title='bbox 826 2763 871 2794; x_wconf 85' lang='lat' dir='ltr'>v.</span> <span class='ocrx_word' id='word_1_291' title='bbox 912 2748 1152 2805; x_wconf 80' lang='lat' dir='ltr'>connatiS,</span> <span class='ocrx_word' id='word_1_292' title='bbox 1206 2747 1308 2795; x_wconf 84' lang='lat' dir='ltr'>basi</span> <span class='ocrx_word' id='word_1_293' title='bbox 1347 2750 1470 2795; x_wconf 90' lang='lat' dir='ltr'>intus</span> <span class='ocrx_word' id='word_1_294' title='bbox 1508 2750 1694 2813; x_wconf 86' lang='lat' dir='ltr'>saepius</span> <span class='ocrx_word' id='word_1_295' title='bbox 1733 2765 1923 2812; x_wconf 86' lang='lat' dir='ltr'>squama</span> 
     </span>
     <span class='ocr_line' id='line_1_39' title="bbox 87 2818 1923 2883; baseline 0.002 -20"><span class='ocrx_word' id='word_1_296' title='bbox 87 2826 167 2864; x_wconf 88' lang='lat' dir='ltr'>aut</span> <span class='ocrx_word' id='word_1_297' title='bbox 199 2819 343 2864; x_wconf 88' lang='lat' dir='ltr'>crista</span> <span class='ocrx_word' id='word_1_298' title='bbox 373 2818 663 2865; x_wconf 86' lang='lat' dir='ltr'>nectarifera</span> <span class='ocrx_word' id='word_1_299' title='bbox 696 2819 870 2876; x_wconf 85' lang='lat' dir='ltr'>auctis,</span> <span class='ocrx_word' id='word_1_300' title='bbox 910 2833 996 2881; x_wconf 88' lang='lat' dir='ltr'>per</span> <span class='ocrx_word' id='word_1_301' title='bbox 1027 2819 1385 2867; x_wconf 86' lang='lat' dir='ltr'>aestivationem</span> <span class='ocrx_word' id='word_1_302' title='bbox 1419 2820 1658 2883; x_wconf 86' lang='lat' dir='ltr'>spiraliter</span> <span class='ocrx_word' id='word_1_303' title='bbox 1690 2821 1923 2867; x_wconf 87' lang='lat' dir='ltr'>contortis</span> 
     </span>
     <span class='ocr_line' id='line_1_40' title="bbox 87 2889 1923 2956; baseline 0.001 -20"><span class='ocrx_word' id='word_1_304' title='bbox 87 2897 169 2936; x_wconf 87' lang='lat' dir='ltr'>aut</span> <span class='ocrx_word' id='word_1_305' title='bbox 197 2889 438 2936; x_wconf 83' lang='lat' dir='ltr'>rarissime</span> <span class='ocrx_word' id='word_1_306' title='bbox 468 2889 688 2949; x_wconf 88' lang='lat' dir='ltr'>valvatis‚</span> <span class='ocrx_word' id='word_1_307' title='bbox 729 2889 1149 2936; x_wconf 85' lang='lat' dir='ltr'>marcescentibus.</span> <span class='ocrx_word' id='word_1_308' title='bbox 1224 2891 1446 2938; x_wconf 75' lang='lat' dir='ltr'>Stamina</span> <span class='ocrx_word' id='word_1_309' title='bbox 1479 2895 1532 2948; x_wconf 90' lang='lat'>6,</span> <span class='ocrx_word' id='word_1_310' title='bbox 1574 2892 1800 2956; x_wconf 83' lang='lat' dir='ltr'>epigyna,</span> <span class='ocrx_word' id='word_1_311' title='bbox 1840 2907 1923 2954; x_wconf 92' lang='lat' dir='ltr'>pe-</span> 
     </span>
     <span class='ocr_line' id='line_1_41' title="bbox 88 2959 1920 3026; baseline 0.002 -20"><span class='ocrx_word' id='word_1_312' title='bbox 88 2960 258 3024; x_wconf 85' lang='lat' dir='ltr'>rigyna</span> <span class='ocrx_word' id='word_1_313' title='bbox 295 2975 339 3006; x_wconf 88' lang='lat' dir='ltr'>v.</span> <span class='ocrx_word' id='word_1_314' title='bbox 380 2959 653 3024; x_wconf 79' lang='lat' dir='ltr'>hypogyna.</span> <span class='ocrx_word' id='word_1_315' title='bbox 734 2962 1008 3009; x_wconf 78' lang='lat' dir='ltr'>Fz&#39;lamenta</span> <span class='ocrx_word' id='word_1_316' title='bbox 1054 2960 1293 3020; x_wconf 75' lang='lat' dir='ltr'>subillata,</span> <span class='ocrx_word' id='word_1_317' title='bbox 1342 2961 1443 3009; x_wconf 88' lang='lat' dir='ltr'>basi</span> <span class='ocrx_word' id='word_1_318' title='bbox 1483 2963 1670 3026; x_wconf 88' lang='lat' dir='ltr'>saepius</span> <span class='ocrx_word' id='word_1_319' title='bbox 1710 2961 1920 3021; x_wconf 85' lang='lat' dir='ltr'>dilatata,</span> 
     </span>
     <span class='ocr_line' id='line_1_42' title="bbox 70 3031 1919 3097; baseline 0.001 -19"><span class='ocrx_word' id='word_1_320' title='bbox 70 3031 240 3078; x_wconf 79' lang='lat' dir='ltr'>libera</span> <span class='ocrx_word' id='word_1_321' title='bbox 269 3047 314 3077; x_wconf 85' lang='lat' dir='ltr'>v.</span> <span class='ocrx_word' id='word_1_322' title='bbox 346 3031 472 3078; x_wconf 85' lang='lat' dir='ltr'>inter</span> <span class='ocrx_word' id='word_1_323' title='bbox 501 3047 553 3078; x_wconf 91' lang='lat' dir='ltr'>se</span> <span class='ocrx_word' id='word_1_324' title='bbox 587 3041 636 3078; x_wconf 90' lang='lat' dir='ltr'>et</span> <span class='ocrx_word' id='word_1_325' title='bbox 668 3048 771 3080; x_wconf 91' lang='lat' dir='ltr'>cum</span> <span class='ocrx_word' id='word_1_326' title='bbox 802 3033 1042 3095; x_wconf 84' lang='lat' dir='ltr'>perigonii</span> <span class='ocrx_word' id='word_1_327' title='bbox 1071 3033 1247 3079; x_wconf 89' lang='lat' dir='ltr'>foliolis</span> <span class='ocrx_word' id='word_1_328' title='bbox 1280 3033 1589 3080; x_wconf 87' lang='lat' dir='ltr'>interioribus</span> <span class='ocrx_word' id='word_1_329' title='bbox 1630 3034 1730 3097; x_wconf 85' lang='lat' dir='ltr'>plus</span> <span class='ocrx_word' id='word_1_330' title='bbox 1771 3035 1919 3081; x_wconf 87' lang='lat' dir='ltr'>minus</span> 
     </span>
     <span class='ocr_line' id='line_1_43' title="bbox 90 3102 1924 3166; baseline 0.003 -18"><span class='ocrx_word' id='word_1_331' title='bbox 90 3102 423 3159; x_wconf 84' lang='lat' dir='ltr'>cohaerentia,</span> <span class='ocrx_word' id='word_1_332' title='bbox 462 3119 585 3150; x_wconf 88' lang='lat' dir='ltr'>nunc</span> <span class='ocrx_word' id='word_1_333' title='bbox 616 3119 820 3166; x_wconf 91' lang='lat' dir='ltr'>superne</span> <span class='ocrx_word' id='word_1_334' title='bbox 853 3103 1045 3160; x_wconf 87' lang='lat' dir='ltr'>latiora,</span> <span class='ocrx_word' id='word_1_335' title='bbox 1085 3106 1132 3150; x_wconf 90' lang='lat' dir='ltr'>in</span> <span class='ocrx_word' id='word_1_336' title='bbox 1164 3104 1382 3152; x_wconf 89' lang='lat' dir='ltr'>annulum</span> <span class='ocrx_word' id='word_1_337' title='bbox 1415 3105 1740 3153; x_wconf 86' lang='lat' dir='ltr'>cohaerentia.</span> <span class='ocrx_word' id='word_1_338' title='bbox 1812 3108 1924 3153; x_wconf 81' lang='lat' dir='ltr'>An-</span> 
     </span>
     <span class='ocr_line' id='line_1_44' title="bbox 90 3173 1918 3234; baseline 0.002 -14"><span class='ocrx_word' id='word_1_339' title='bbox 90 3174 260 3220; x_wconf 80' lang='lat' dir='ltr'>tlzerae</span> <span class='ocrx_word' id='word_1_340' title='bbox 291 3173 549 3232; x_wconf 69' lang='lat' dir='ltr'>introi-sae,</span> <span class='ocrx_word' id='word_1_341' title='bbox 606 3173 916 3233; x_wconf 87' lang='lat' dir='ltr'>biloculareS,</span> <span class='ocrx_word' id='word_1_342' title='bbox 969 3174 1077 3223; x_wconf 88' lang='lat' dir='ltr'>basi</span> <span class='ocrx_word' id='word_1_343' title='bbox 1108 3191 1152 3222; x_wconf 89' lang='lat' dir='ltr'>v.</span> <span class='ocrx_word' id='word_1_344' title='bbox 1187 3174 1329 3223; x_wconf 88' lang='lat' dir='ltr'>dorso</span> <span class='ocrx_word' id='word_1_345' title='bbox 1362 3177 1594 3234; x_wconf 85' lang='lat' dir='ltr'>insertae,</span> <span class='ocrx_word' id='word_1_346' title='bbox 1650 3185 1843 3224; x_wconf 85' lang='lat' dir='ltr'>erectae</span> <span class='ocrx_word' id='word_1_347' title='bbox 1874 3193 1918 3224; x_wconf 86' lang='lat' dir='ltr'>v.</span> 
     </span>
     <span class='ocr_line' id='line_1_45' title="bbox 89 3242 1916 3307; baseline 0.002 -17"><span class='ocrx_word' id='word_1_348' title='bbox 89 3242 435 3302; x_wconf 84' lang='lat' dir='ltr'>incumbentes,</span> <span class='ocrx_word' id='word_1_349' title='bbox 482 3244 889 3307; x_wconf 84' lang='lat' dir='ltr'>longitudinaliter</span> <span class='ocrx_word' id='word_1_350' title='bbox 928 3244 1245 3295; x_wconf 83' lang='lat' dir='ltr'>dehiscentes.</span> <span class='ocrx_word' id='word_1_351' title='bbox 1325 3249 1527 3295; x_wconf 67' lang='lat' dir='ltr'>German</span> <span class='ocrx_word' id='word_1_352' title='bbox 1566 3264 1688 3294; x_wconf 89' lang='lat' dir='ltr'>nunc</span> <span class='ocrx_word' id='word_1_353' title='bbox 1728 3249 1916 3294; x_wconf 89' lang='lat' dir='ltr'>omnino</span> 
     </span>
     <span class='ocr_line' id='line_1_46' title="bbox 89 3314 1920 3382; baseline 0.002 -21"><span class='ocrx_word' id='word_1_354' title='bbox 89 3314 311 3370; x_wconf 88' lang='lat' dir='ltr'>liberum,</span> <span class='ocrx_word' id='word_1_355' title='bbox 344 3331 465 3362; x_wconf 89' lang='lat' dir='ltr'>nunc</span> <span class='ocrx_word' id='word_1_356' title='bbox 498 3316 818 3363; x_wconf 87' lang='lat' dir='ltr'>semiinferum</span> <span class='ocrx_word' id='word_1_357' title='bbox 850 3334 892 3363; x_wconf 90' lang='lat' dir='ltr'>v.</span> <span class='ocrx_word' id='word_1_358' title='bbox 927 3317 1150 3376; x_wconf 87' lang='lat' dir='ltr'>inferum,</span> <span class='ocrx_word' id='word_1_359' title='bbox 1185 3318 1599 3382; x_wconf 87' lang='lat' dir='ltr'>carpophyllorum</span> <span class='ocrx_word' id='word_1_360' title='bbox 1633 3319 1920 3381; x_wconf 83' lang='lat' dir='ltr'>marginibus</span> 
     </span>
     <span class='ocr_line' id='line_1_47' title="bbox 89 3383 1918 3452; baseline 0.002 -20"><span class='ocrx_word' id='word_1_361' title='bbox 89 3385 135 3432; x_wconf 89' lang='lat' dir='ltr'>in</span> <span class='ocrx_word' id='word_1_362' title='bbox 167 3383 502 3448; x_wconf 86' lang='lat' dir='ltr'>dissepimenta</span> <span class='ocrx_word' id='word_1_363' title='bbox 532 3388 796 3435; x_wconf 83' lang='lat' dir='ltr'>introflexis</span> <span class='ocrx_word' id='word_1_364' title='bbox 828 3388 1120 3436; x_wconf 86' lang='lat' dir='ltr'>triloculare.</span> <span class='ocrx_word' id='word_1_365' title='bbox 1200 3388 1473 3437; x_wconf 79' lang='lat' dir='ltr'>Gemmulae</span> <span class='ocrx_word' id='word_1_366' title='bbox 1512 3405 1634 3437; x_wconf 88' lang='lat' dir='ltr'>nunc</span> <span class='ocrx_word' id='word_1_367' title='bbox 1674 3390 1918 3452; x_wconf 81' lang='lat' dir='ltr'>plurimae,</span> 
     </span>
     <span class='ocr_line' id='line_1_48' title="bbox 90 3457 1919 3524; baseline 0.002 -21"><span class='ocrx_word' id='word_1_368' title='bbox 90 3457 136 3503; x_wconf 92' lang='lat' dir='ltr'>in</span> <span class='ocrx_word' id='word_1_369' title='bbox 177 3457 565 3522; x_wconf 86' lang='lat' dir='ltr'>trophospermiis</span> <span class='ocrx_word' id='word_1_370' title='bbox 605 3459 650 3505; x_wconf 88' lang='lat' dir='ltr'>iu</span> <span class='ocrx_word' id='word_1_371' title='bbox 690 3459 951 3508; x_wconf 87' lang='lat' dir='ltr'>loculorum</span> <span class='ocrx_word' id='word_1_372' title='bbox 979 3458 1164 3524; x_wconf 82' lang='lat' dir='ltr'>&#39;angulo</span> <span class='ocrx_word' id='word_1_373' title='bbox 1211 3460 1411 3508; x_wconf 86' lang='lat' dir='ltr'>centrali</span> <span class='ocrx_word' id='word_1_374' title='bbox 1455 3459 1736 3520; x_wconf 73' lang='lat' dir='ltr'>biseriatae,</span> <span class='ocrx_word' id='word_1_375' title='bbox 1792 3461 1919 3508; x_wconf 88' lang='lat' dir='ltr'>hori-</span> 
     </span>
    </p>
   </div>
  </div>
 </body>
</html>
