2147 3756
1071 63 1140 112 18

343 242 437 278 356.
469 240 655 283 Lysurus
677 234 747 274 Fr.
1336 237 1365 260 e.
1394 223 1717 270 Hymenophallus
1734 224 1841 259 Nees.

523 286 705 320 Mokusin
724 285 854 320 cumn
1465 267 1729 311 Dictyophora
1747 267 1855 300 Desii.

1468 309 1747 360 Dictyopeplos
1764 307 1933 343 Hassele.

1468 352 1685 395 Sophronia
1699 351 1806 386 Pers.

343 340 438 375 357.
469 340 623 376 Ascroe·
639 335 794 372 Labill.

345 398 441 431 358.
472 395 646 430 Phallus
666 390 832 428 michel.
1467 394 1675 436 Retigerus
1693 394 1820 428 led.

394 456 431 477 a.
458 441 720 485 Cynophallus
735 442 803 477 Fr.
1263 443 1356 480 359.
1388 445 1585 481 Baiarrea
1601 442 1721 479 Pers.

394 494 428 527 b.
456 490 637 542 Simblum
653 493 721 526 Kl.
751 534 760 543 Ἰ
1466 493 1751 535 Dendromyces
1768 490 1999 526 Liboscliilz.

397 546 428 569 c.
452 533 707 576 Leiophallns
726 534 790 567 1‹r.
1466 535 1659 576 ‘iOedycia
1675 533 1810 578 Rufin-

528 576 688 619 Satyrus
706 577 816 610 Rosc.
1465 576 1717 619 ‘ivolvycium
1732 573 1869 626 Rafin.

396 634 430 667 d·
456 627 672 676 nyphaflus
689 625 756 660 FT,
1468 619 1686 663 fflrupasia
1700 619 1837 665 Rafin.

348 714 780 765 observanda.
840 716 1189 758 Gasteromycetes
1212 711 1359 757 peridii
1382 712 1615 756 praesentia
1639 715 1688 748 ab
1712 710 2032 755 Hyphomycetis

207 783 358 819 diversi
383 786 421 817 et
445 777 753 824 perfectioribus
776 773 932 816 Fungis
963 770 1228 816 accensendi,
1266 768 1380 805 miris
1410 768 1549 805 formis
1579 770 1746 814 ludunt,
1779 767 1958 811 plerique
1988 767 2032 802 in

207 839 443 882 corporibus
476 835 686 880 putredine
714 829 914 872 corruptis
937 828 1026 863 orti.
1085 828 1286 869 Maj01·um
1309 826 1495 861 nonnulli
1519 827 1643 861 denso
1667 825 1878 860 floccorum
1902 823 2033 866 capil-

205 896 316 941 litio,
349 894 525 937 styptica
543 890 811 934 sporidiorum
834 888 1000 929 pulvere
1022 883 1200 925 inspersi
1223 883 1519 918 haemostatici.
1577 882 1739 918 Exotici
1762 882 1804 916 in
1827 880 2033 916 ulceribus

207 952 418 988 cancrosis
437 947 628 986 curandis
645 943 818 982 laudati.
883 943 1031 977 Plures
1048 939 1302 976 subterranei
1320 940 1480 987 edules,
1512 938 1813 985 aphrodisiaci,
1845 935 2034 974 nonnulli

207 1008 414 1045 venenati.
1612 1042 1615 1043 ⁷

349 1064 589 1115 Lycoperdz‘
611 1069 648 1101 et
673 1061 878 1098 Bovistae
895 1059 1090 1104 (Bovista
1106 1068 1139 1095 s.
1158 1057 1346 1101 Crepitus
1361 1057 1466 1100 Lupi
1483 1067 1516 1093 s.
1533 1058 1702 1101 Fungus
1720 1054 2034 1100 chirurgorum)

210 1127 410 1170 capillitio
434 1124 566 1169 molli,
599 1123 824 1166 compacto,
856 1117 1019 1159 copioso
1042 1115 1314 1158 sporidiorum
1337 1116 1507 1157 pulvere
1531 1123 1770 1159 consperso,
1811 1115 1958 1149 dudum
1983 1121 2036 1148 ex

207 1183 384 1220 officinis
411 1179 626 1217 eliminati.
688 1174 872 1210 Geaster
896 1169 1163 1219 quadrifidus
1186 1173 1299 1207 Pers.
1324 1170 1550 1207 inAntillis
1574 1170 1725 1207 insulis
1746 1169 1959 1206 hodiedum
1984 1169 2036 1205 ad

212 1240 439 1277 sistendum
456 1247 477 1273 e
493 1235 732 1272 vulneribus
750 1230 963 1276 sanguinis
980 1228 1223 1273 profluvium
1240 1227 1466 1263 adhibetur.

348 1299 557 1335 Podamn
581 1292 866 1332 carcinomate
896 1294 962 1328 Fr.
995 1294 1047 1328 ad
1071 1292 1202 1336 Caput
1231 1294 1361 1328 bonae
1391 1290 1481 1334 spei
1511 1289 1553 1325 in
1584 1280 1844 1326 formicarum
1874 1286 2037 1324 acervis

206 1367 397 1395 crescens
409 1384 419 1404 ,
454 1359 505 1392 ad
521 1358 661 1390 ulcera
678 1353 864 1389 sananda
881 1349 1107 1385 adhibetur.
1166 1345 1360 1393 Lysurus
1379 1345 1573 1382 Mokusz'a
1589 1347 1655 1382 Fr.
1670 1373 1680 1392 ,
1713 1345 1863 1389 fungus
1882 1343 2036 1388 phalli-

208 1415 370 1461 formis,
403 1414 447 1448 in
462 1411 593 1448 variis
609 1408 767 1453 imperii
791 1406 972 1444 sinensis
998 1404 1220 1448 provinciis
1243 1413 1369 1447 supra
1385 1407 1588 1439 Mororum
1610 1403 1770 1438 radices
1796 1404 2037 1445 tempestate

207 1475 298 1515 post
316 1470 481 1514 pluvias
499 1468 637 1504 calida
658 1465 864 1509 nascitur,
897 1462 1036 1504 rapido
1060 1462 1306 1496 incremento
1330 1463 1602 1503 portentosus.
1660 1458 1813 1495 Adusti
1835 1457 1952 1501 fungi
1977 1456 2038 1492 ci-

207 1537 326 1564 neres
345 1528 562 1570 praestans
579 1524 621 1559 in
638 1521 847 1558 ulceribus
865 1518 1074 1555 cancrosis
1091 1518 1311 1553 remedium
1328 1516 1577 1560 praedicant.

348 1587 546 1623 Phallnm
562 1583 812 1632 impudicum
828 1586 875 1620 L.
893 1580 1278 1627 [Gicirtsclm-amm,
1313 1576 1681 1621 Gliedschwamm)
1698 1578 1800 1613 Jove
1816 1578 1979 1612 tonante
1995 1575 2039 1611 in

208 1646 344 1690 sylvis
362 1644 531 1681 caeduis
548 1645 806 1686 nascentem,
839 1650 860 1675 e
875 1638 1093 1682 longinquo
1113 1637 1263 1672 foetore
1281 1636 1525 1672 cadaverino
1544 1634 1832 1679 dignoscimus.
1868 1634 2042 1676 Fungus

209 1712 236 1740 a
257 1702 466 1739 veteribus
492 1700 598 1736 inter
621 1701 842 1742 pharmaca
860 1694 1143 1737 aphrodisiaca
1160 1697 1197 1728 et
1214 1694 1255 1728 in
1272 1693 1496 1736 mitigando
1514 1695 1674 1727 artuum
1691 1693 1826 1726 dolore
1843 1689 2038 1735 usitatus,

209 1768 236 1797 a
252 1758 514 1796 venatoribus
533 1756 574 1791 in
592 1754 855 1792 sollicitanda
873 1752 1090 1787 cervorum
1106 1759 1253 1785 venere
1278 1749 1502 1784 adhibetur.
1561 1747 1713 1783 Vaccis
1738 1749 1920 1782 abortum
1945 1754 2040 1787 pro-

211 1818 340 1852 curat,
401 1808 765 1859 Hymenoplcallus
791 1806 1052 1842 haemonam
1076 1808 1181 1841 Nees
1201 1805 1512 1849 (Buto-seytan
1529 1804 1671 1839 Malai.
1697 1803 1817 1845 quasi
1842 1812 1863 1837 e
1887 1801 2042 1837 diaboli

211 1873 331 1908 urina
363 1875 494 1908 ortum
523 1867 705 1912 diceres)
738 1865 846 1910 apud
874 1865 998 1900 Indos
1028 1866 1265 1909 generatur,
1313 1861 1357 1897 in
1387 1860 1498 1896 duris
1530 1860 1755 1896 tumoribus
1785 1856 2040 1895 maturandis

213 1929 343 1966 utilis.

352 1985 654 2035 Elaphomycv‘s
679 1988 817 2030 plures
844 1982 1026 2028 species,
1056 1981 1098 2017 in
1123 1980 1255 2025 sylvis
1280 1980 1468 2026 abiegnis
1491 1978 1715 2027 hypogaei,
1747 1976 2040 2024 aphrodisiaci‚

213 2045 410 2082 Boletum
430 2044 642 2080 cervinum
659 2042 910 2078 officinarum
929 2038 1351 2085 (llirschschwamm,
1383 2036 1702 2081 Hirschbrunst]
1736 2035 1907 2083 sistunt,
1939 2043 2043 2070 non-

211 2104 369 2141 nullius
386 2103 495 2146 apud
510 2098 784 2136 veterinarios
802 2107 918 2133 usus.

351 2167 385 2202 E
411 2165 785 2206 Gasteromycetum
809 2159 948 2196 ordine
974 2161 1070 2195 sunt
1099 2155 1267 2192 Tuberte
1292 2155 1513 2202 (TrtiffeD,
1545 2155 1663 2200 fungi
1687 2154 1730 2191 in
1745 2155 1935 2198 Europae
1958 2162 2042 2189 me-

136 2215 145 2217 *
212 2223 305 2259 diae
329 2225 368 2258 et
392 2220 592 2258 australis
617 2218 749 2261 sylvis
781 2215 1005 2262 hypogaei,
1038 2215 1106 2257 qui
1138 2222 1164 2250 a
1193 2214 1364 2249 canibus
1395 2213 1579 2258 indagati
1609 2215 1647 2248 et
1679 2221 1704 2248 a
1733 2215 1862 2247 subus
1893 2210 2042 2256 effossi,

212 2278 501 2323 aphrodisiaca
524 2277 758 2320 gulosorum
782 2272 975 2309 condiunt
999 2270 1169 2307 fercula.
1228 2271 1327 2306 Cum
1345 2269 1571 2305 'ruberibus
1595 2269 1637 2303 in
1653 2268 1777 2304 ltalia
1801 2267 2044 2303 effodiuntur

217 2332 491 2380 Balsamiae,
523 2341 627 2376 quae
642 2339 732 2366 cum
748 2330 895 2373 sagina
911 2327 1115 2373 ingestae,
1149 2327 1322 2362 tormina
1346 2329 1384 2361 et
1407 2326 1562 2362 ventris
1587 2324 1825 2368 profluvium
1853 2325 2041 2367 causant,

215 2391 378 2428 cautius
411 2389 735 2433 distinguendae.
802 2383 938 2419 Tuber
968 2383 1131 2417 niveum
1154 2382 1268 2420 Desf.
1294 2379 1482 2427 (Terfez]
1513 2381 1559 2417 in
1591 2388 1718 2416 arena
1741 2380 1878 2416 calida
1900 2377 2043 2415 Numi-

214 2449 306 2484 diae
323 2447 537 2484 abundans
549 2471 559 2491 ‚
590 2443 799 2480 Arabibus
817 2442 859 2477 in
877 2440 1036 2476 deliciis
1054 2443 1127 2476 est.

361 2507 499 2544 Tuber
524 2506 681 2554 regium
699 2503 934 2549 (Pachyma
948 2504 1016 2539 Fr.
1032 2504 1123 2538 Uba
1139 2501 1257 2538 radia
1273 2511 1305 2538 s.
1324 2500 1443 2538 Culat
1454 2503 1581 2537 --batu
1597 2499 1740 2536 Malai.
1759 2500 1927 2542 Djamor
1941 2499 2044 2534 bon-

214 2570 327 2611 kang
349 2563 523 2607 Javam]
550 2564 594 2599 in
617 2565 899 2598 Moluccarum
923 2559 1076 2595 insulis
1100 2562 1175 2595 sub
1202 2562 1309 2594 terra
1331 2557 1571 2602 monticola,
1603 2559 1743 2592 contra
1773 2556 2041 2598 diarrhoeam‚

215 2624 398 2660 faucium
429 2623 590 2657 dolores
621 2622 660 2655 et
691 2618 822 2655 febres
852 2618 1056 2652 laudatur.
1114 2617 1147 2651 E
1171 2614 1437 2658 Pachymatis
1468 2613 1668 2649 affinitate
1692 2613 1854 2648 videtur
1877 2607 2042 2644 Hoie'len

215 2681 426 2725 Sinarum‚
459 2680 534 2714 sub
553 2684 680 2712 arena
695 2683 895 2720 nascens,
925 2672 1284 2719 medicamentum,
1316 2672 1452 2707 Theae
1475 2669 1628 2718 instar,
1660 2671 1712 2705 ad
1734 2668 1845 2705 vires
1868 2666 2043 2710 phthisi-

214 2745 350 2773 corum
367 2734 616 2770 roborandas
634 2733 741 2775 apud
757 2731 872 2767 illam
890 2732 1048 2773 gentem
1066 2729 1299 2771 pretiosum.
1418 2770 1434 2776 N

356 2794 666 2833 Rhizoctoniae
691 2791 835 2839 (vulgo
852 2795 957 2828 Mort
981 2793 1035 2827 du
1052 2790 1235 2834 Saffran]
1264 2791 1307 2825 in
1331 2790 1540 2826 radicibus
1560 2788 1672 2825 vivis
1696 2789 1929 2831 plantarum
1952 2795 2044 2828 per-

216 2855 429 2892 fectiorum
459 2853 665 2899 oriuntur,
698 2851 914 2886 Crocorum
943 2852 981 2885 et
1005 2847 1275 2899 Medicaginis
1300 2847 1428 2890 segeti
1452 2845 1730 2889 perniciosae,
1763 2842 1886 2879 etiam
1909 2842 2044 2879 Allio-

217 2913 480 2953 tumbulbos
509 2912 547 2945 et
574 2910 788 2952 Ipomoeae
816 2907 988 2953 Batatas
1018 2906 1180 2951 tubera,
1213 2902 1369 2947 ingenti
1399 2904 1600 2939 cultorum
1630 2902 1796 2948 damac,
1827 2898 1942 2936 brevi
1973 2899 2041 2933 de-

220 2972 447 3005 vastantes.

665 3097 837 3144 01·ᾱο
867 3095 994 3140 XV.
1053 3092 1595 3152 Pyreno'myeetes.

361 3196 526 3258 Fangz'
563 3193 834 3257 pierumque
881 3192 1235 3253 nigrescentes,
1288 3185 1513 3244 indurati,
1568 3194 1791 3234 contextu
1844 3183 2044 3232 obscure

226 3265 479 3322 celluloso,
534 3263 733 3311 solitarii
785 3263 886 3310 sive
931 3258 1180 3323 aggregati
1225 3267 1306 3306 aut
1354 3257 1570 3316 connati,
1627 3273 1769 3321 saepe
1812 3261 2045 3304 stromate

230 3336 349 3395 (basi
383 3335 631 3394 communi)
658 3334 836 3397 juncti,
877 3331 1085 3379 coriacei
1117 3347 1163 3378 v.
1198 3327 1655 3392 lignoso-indurati,
1697 3327 1847 3391 primo
1881 3324 2044 3381 clausi,

231 3405 338 3454 dein
370 3406 504 3470 apice
537 3421 655 3470 poro
687 3403 866 3470 pertusi
896 3418 940 3450 v.
974 3401 1089 3448 rima
1123 3401 1298 3466 aperti,
1332 3399 1501 3448 nucleo
1535 3397 1780 3457 distincto,
1815 3396 2043 3452 molliore,
