2147 3756
948 133 1054 180 187

92 308 259 346 sili-anis
282 310 474 345 panacea
500 305 763 352 (Paratudo)
789 309 872 349 est,
904 306 948 342 in
977 304 1199 341 ventriculi
1230 308 1265 340 et
1290 303 1574 340 intestinorum
1597 305 1915 340 amtominaliuui

93 367 322 412 debilitate,
356 366 589 410 diarrhoea,
625 364 803 399 fehribus
821 362 1204 408 intermittentibus,
1237 362 1434 407 spasmis,
1467 362 1669 396 adversus
1685 365 1913 403 serpentum

94 426 316 459 venenatos
339 431 521 464 morsus
552 424 675 456 verbo
699 421 844 456 iisdem
869 419 953 456 fere
975 420 1018 456 in
1040 418 1212 465 morbis,
1243 418 1286 453 in
1311 418 1459 460 quibus
1481 417 1524 453 in
1547 417 1741 453 America
1765 418 1914 452 boreali

94 478 380 521 Serpentaiiae
398 478 573 514 radicem
590 477 802 522 adhibent,
837 481 1046 519 usulpala.
1108 471 1242 509 Amm-
1244 477 1375 509 antus
1386 472 1718 523 frumentaceus
1734 475 1819 508 Bu«-
1824 476 1915 508 han.

92 533 267 578 [mem]
294 535 335 570 in
361 537 431 577 Μ)
435 544 524 569 sore
547 538 585 569 et
610 534 772 574 regione
796 533 1119 581 mannaim-ica,
1150 528 1417 566 Amarantus
1441 527 1710 566 ΛητιιιίΙιαηα
1732 531 1851 573 R031.
1877 529 1919 564 in

92 592 286 635 Himalay
289 600 314 627 a
330 594 377 659 ol)
395 590 554 627 semina
569 593 783 627 esculenta
800 593 1001 626 coluntui,

574 712 745 756 (blein
781 710 955 757 osu.
1015 711 1440 768 Polygoneae.

231 800 427 847 Hephae
465 815 645 846 annuae
689 808 737 846 et
766 814 1024 862 perennes,
1072 799 1323 845 nonnullae
1355 797 1613 863 paludosae
1646 798 1745 845 sive
1776 813 1919 860 aqua-

94 873 242 928 ticae,
296 887 338 918 v.
371 867 611 932 Ji‘ntc‘ces,
665 869 897 916 interdum
943 869 1331 927 arboresccntes,
1388 871 1539 917 erecti
1583 886 1630 917 v.
1671 868 1919 923 volubiles,

94 942 227 989 caule
260 942 494 1004 ramisque
527 939 1022 998 nodoso-articulatis,
1056 940 1264 997 foliosis,
1297 941 1449 987 rarius
1474 940 1673 1004 aphyllis
1698 957 1741 988 v.
1768 940 1919 1002 scapi-

93 1012 333 1060 formibus.
415 1012 560 1059 Folia
605 1012 810 1070 alterna,
859 1011 920 1058 ad
963 1011 1111 1059 basim
1157 1011 1305 1058 caulis
1353 1012 1626 1074 saepissime
1674 1019 1917 1073 congesta,

92 1084 329 1130 rarissime
377 1083 620 1145 opposita,
671 1083 925 1146 simplicia,
975 1083 1285 1145 integerrima
1329 1099 1373 1129 v.
1421 1081 1654 1129 interdum
1700 1080 1918 1135 undulata

92 1163 173 1201 aut
203 1155 343 1200 etiam
373 1154 546 1211 incisa,
579 1154 854 1217 plerumque
886 1154 1214 1216 penninervia,
1243 1153 1436 1215 juniora
1468 1152 1757 1216 marginibus
1783 1168 1921 1199 revo-

91 1227 208 1282 luta,
256 1224 439 1271 sessilia
478 1241 521 1271 v.
553 1226 740 1288 saepius
778 1225 1030 1287 petiolata,
1079 1224 1258 1287 petiole
1299 1224 1399 1270 basi
1439 1226 1716 1287 vaginante,
1766 1240 1805 1269 v.
1840 1224 1921 1268 sti-

89 1297 227 1360 pulae
265 1295 615 1358 intrapetiolari
649 1296 910 1358 vaginanti,
959 1296 1145 1342 clausae
1179 1295 1458 1357 (ochreae),
1498 1295 1741 1341 rarissime
1783 1293 1924 1358 obso-x

93 1369 216 1414 letae
255 1367 453 1414 inserto,
531 1368 703 1414 Flores
739 1367 945 1430 perfecti
983 1383 1026 1412 v.
1068 1366 1236 1413 abortu
1277 1365 1501 1423 diclincs,
1552 1382 1578 1414 e
1617 1365 1837 1412 foliorum
1880 1382 1920 1409 v.

89 1439 412 1495 bractearum,
459 1437 693 1484 interdum
736 1437 1163 1484 ochreaeformium
1195 1437 1348 1483 axillis
1381 1437 1581 1483 solitarii
1613 1453 1660 1484 v.
1698 1436 1918 1489 conferti,

90 1509 390 1566 verticillati,
450 1510 686 1556 racemosi
739 1526 785 1556 v.
829 1509 1026 1572 spicati,
1088 1508 1137 1554 in
1183 1508 1287 1554 aliis
1331 1507 1587 1571 paniculati
1635 1524 1675 1554 v.
1725 1507 1919 1570 cymosi,

90 1579 325 1627 interdum
369 1580 417 1625 in
457 1580 664 1643 capitula
704 1581 960 1638 contracti,
1008 1578 1119 1625 nudi
1155 1596 1200 1626 v.
1233 1580 1280 1625 in
1313 1577 1587 1642 quibusdam
1619 1578 1790 1641 singuli
1823 1578 1920 1624 sive

89 1651 250 1715 plures
296 1650 540 1698 involucro
587 1650 807 1698 tubuloso
854 1659 934 1697 aut
980 1650 1282 1714 cyathiformi
1333 1650 1520 1698 inclusi.
1609 1650 1922 1712 Perigom‘zzm

92 1722 355 1785 calycinum
407 1738 451 1768 v.
501 1722 806 1786 corollinum,
868 1719 1682 1784 tri-tetra-penta-hexaphyllum,
1744 1719 1922 1766 foliolis

91 1792 326 1839 distinctis
357 1809 400 1839 v.
434 1791 535 1838 basi
576 1791 967 1848 cohaerentibus,
1017 1792 1169 1838 rarius
1207 1792 1252 1837 in
1290 1791 1451 1837 tubum
1490 1792 1728 1848 connatis,
1776 1791 1923 1837 aesti-

90 1864 279 1911 vationc
305 1862 588 1921 imbricatis,
622 1863 929 1910 interioribus
960 1878 1106 1925 saepe
1138 1861 1418 1924 majoribus,
1454 1878 1597 1926 saepe
1631 1878 1735 1908 cum
1767 1861 1923 1908 fructu

93 1933 276 1981 demum
321 1934 725 1991 increscentibus,
773 1950 894 1981 nunc
943 1933 1154 1980 omnihus
1200 1931 1921 1997 marcescenti-persistentibus

89 2023 134 2053 v.
181 2005 334 2052 rarius
381 2003 612 2052 deciduis.
701 2006 925 2053 Stamina
971 2005 1263 2068 receptaculi
1309 2005 1509 2067 margini
1556 2013 1780 2068 angusto,
1828 2004 1921 2050 imo

89 2077 350 2140 perigonio
389 2075 588 2158 adflato,
637 2076 790 2122 rarius
836 2077 882 2122 in
930 2076 1148 2127 annulum
1187 2075 1511 2138 glandulosum
1549 2075 1811 2122 incrassato
1851 2075 1921 2120 in-

93 2156 244 2204 serta,
304 2148 545 2229 perigenii
590 2147 768 2194 foliolis
816 2148 1036 2211 opposita
1080 2156 1161 2194 aut
1204 2147 1356 2193 rarius
1409 2147 1614 2204 alterna,
1676 2155 1784 2193 ante
1839 2161 1921 2191 ex-

91 2219 270 2266 teriora
330 2219 602 2300 saepissime
664 2219 851 2282 gemina
908 2236 952 2266 v
1013 2227 1172 2276 terna,
1233 2226 1341 2265 ante
1403 2218 1633 2264 interiora
1691 2217 1919 2274 solitalia,

91 2305 287 2337 numero
334 2288 443 2337 ideo
489 2290 645 2348 varia,
693 2305 938 2353 numquam
984 2298 1140 2336 tamen
1182 2288 1442 2336 indefinita.
1516 2290 1792 2336 Felamenta
1833 2287 1941 2334 fili-¹

89 2361 261 2408 formia
299 2377 344 2407 v.
385 2360 624 2419 subulata,
672 2360 896 2407 distincta
933 2378 978 2408 v.
1018 2360 1120 2407 basi
1161 2360 1357 2418 coalita,
1407 2369 1598 2407 exserta
1635 2377 1679 2415 v,
1722 2359 1919 2415 inclusa,

94 2432 331 2479 anthe-rae
381 2432 640 2489 introrsae,
701 2432 1011 2490 biloculares,
1074 2440 1267 2478 erectae
1314 2448 1359 2478 v.
1407 2430 1757 2488 incumbentes,
1819 2430 1922 2475 lon-

92 2501 419 2566 gitudinaliter
457 2502 776 2551 dehiscentes.
858 2505 1061 2550 German
1102 2504 1311 2560 unicum,
1362 2500 1543 2548 (li-tri-
1581 2503 1734 2549 rarius
1776 2509 1920 2548 tetra-

90 2573 322 2637 phyllum,
369 2574 689 2638 carpophyllis
734 2574 951 2621 valvatim
999 2574 1214 2620 connatis
1262 2573 1579 2631 uniloculare,
1627 2572 1922 2620 lenticulari-

93 2659 413 2706 compressum
445 2661 488 2691 v.
520 2646 946 2708 tri-tetragonum,
981 2645 1179 2691 liberum
1213 2661 1257 2692 v.
1293 2643 1527 2699 interdum
1558 2645 1649 2690 ima
1681 2643 1783 2689 basi
1816 2659 1919 2689 cum

90 2709 324 2779 perigonii
358 2715 471 2761 tubo
506 2716 771 2762 cohaerens
802 2732 845 2762 v.
878 2715 1064 2762 tandem
1097 2731 1431 2763 concrescens
1490 2716 1733 2761 Gemmzcla
1764 2715 1918 2770 unica,

93 2786 397 2849 orthotropa,
444 2785 685 2845 basilariS,
734 2787 937 2842 sessilis,
985 2783 1219 2832 interdum
1258 2802 1406 2849 prope
1445 2785 1740 2849 micropylen
1781 2800 1921 2847 supe-

91 2872 190 2904 ram
223 2854 448 2918 germinis
480 2859 652 2920 parieti
686 2874 775 2920 ope
815 2858 939 2904 telae
981 2855 1302 2903 conductricis
1342 2855 1631 2914 adhaerens,
1678 2857 1918 2903 rarissime

93 2943 154 2975 ex
193 2928 328 2991 apice
367 2929 564 2993 funiculi
601 2929 816 2976 basilaris
857 2928 994 2975 liberi
1040 2929 1250 2991 inveisa,
1296 2926 1484 2974 tandem
1530 2936 1713 2975 erecta.
1792 2927 1925 2988 Scyle

92 3006 165 3044 tot
195 3007 309 3062 quot
339 2999 564 3061 germinis
597 3001 779 3068 anguli,
828 2998 1038 3046 distincti
1068 3016 1111 3046 v.
1144 2999 1244 3046 basi
1277 3000 1490 3057 connati,
1538 2997 1772 3045 interdum
1811 2996 1919 3043 sub-

93 3068 229 3126 nulli,
273 3071 583 3132 stigmatibus
628 3071 938 3134 simplicibus,
989 3071 1207 3133 capitatis
1251 3087 1297 3118 v.
1350 3068 1629 3127 discoideis,
1684 3066 1917 3116 interdum

93 3139 400 3204 penicillato—
408 3141 649 3204 plumosis.
727 3143 934 3189 chtecs
972 3157 1348 3205 monospermus,
1397 3143 1649 3204 caryopsz‘s
1685 3156 1733 3187 v.
1777 3140 1921 3186 acke-

92 3213 246 3267 m‘um,
299 3211 929 3276 lenticulari-compressus,
975 3229 1018 3260 v.
1058 3213 1150 3259 tri·
1190 3222 1270 3259 aut
1319 3213 1557 3259 rarissime
1603 3219 1917 3274 tetraqueter,

94 3281 277 3344 angulis
318 3283 713 3330 costaeformibus
757 3299 800 3330 v.
841 3283 1235 3330 membranaceo·
1214 3284 1544 3346 -marginatiS,
1594 3281 1826 3329 inoerdum
1872 3281 1918 3326 in

95 3352 242 3409 alam,
314 3369 639 3426 nonnunquam
694 3353 925 3418 duplicem
980 3353 1248 3436 productis,
1310 3353 1460 3401 nudus
1512 3354 1611 3401 sive
1665 3353 1916 3416 perigonio

76 3421 338 3471 —emancido
376 3440 418 3470 v.
452 3419 753 3472 increscente
795 3433 970 3482 tectus,
1019 3426 1294 3489 saepissime
1333 3422 1545 3488 ejusdem
1580 3423 1758 3471 foliolis
1797 3424 1918 3470 inte-

97 3493 302 3542 rioribus
351 3492 707 3544 conniventibus
754 3496 961 3545 inclusus
1007 3514 1049 3543 v.
1090 3497 1230 3544 etiam
1273 3512 1374 3543 cum
1413 3495 1525 3543 tubo
1563 3494 1762 3544 baccato
1805 3509 1917 3541 con-
