2147 3756
1057 132 1164 181 166

207 306 372 349 juniora
389 304 493 340 inter
512 306 624 340 olera
640 305 913 340 comeduntur.
973 301 1120 339 Morus
1138 302 1271 338 rubra
1287 302 1421 349 Linn.,
1446 303 1553 346 apud
1570 303 2024 340 Boreali-americanos

212 372 410 406 nascens,
443 364 591 397 baccas
609 364 809 396 Mororum
828 360 999 395 officinis
1015 361 1200 401 largitur.
1260 360 1493 402 specierum
1511 363 1649 394 austro
1662 361 2025 405 -americanarum,

212 416 329 454 More·
350 415 627 465 celle'de'fole'ae
644 419 787 451 llumb.
806 420 839 450 et
860 418 1001 458 Bonpl.
1026 415 1164 459 [Mora
1187 415 1392 459 Quirens.)
1411 419 1447 451 et
1467 414 1582 451 filori
1595 415 1865 464 corquy‘ble'ae
1882 418 2027 452 llumb.

214 478 253 510 et.
274 476 417 516 Bonpl.
437 474 576 517 (Mora
599 474 787 508 colorada
810 471 1014 514 (mitens.)
1042 471 1196 508 fructus
1223 472 1336 507 crudi
1360 475 1398 507 et
1421 475 1617 508 saccharo
1642 473 1791 508 conditi
1815 473 1919 507 inter
1941 474 2029 508 bel-

213 531 322 567 laria
346 533 498 566 edules.
555 531 664 565 Idem
689 530 736 564 de
759 526 880 562 Maro
908 527 1101 561 tatariea
1116 528 1258 574 Linn.,
1291 527 1427 571 specie
1448 529 1595 563 Asiam
1617 530 1789 564 mediam
1812 528 2025 573 incolente,

214 590 337 623 valet.
396 584 620 621 Mac-lurae
646 582 874 618 tinem-iae
897 586 1003 620 Nutt.
1024 584 1362 627 (Broussonetiae
1380 584 1590 620 tinctoriae
1608 586 1772 630 Kuntli.,
1792 585 2030 627 Charagna-

212 653 322 686 naye
339 646 476 679 embra
493 640 762 684 Cumanens.)
778 643 929 676 baccae
946 641 1128 687 sapidae,
1152 649 1178 675 a
1192 641 1362 676 medicis
1378 641 1420 676 in
1435 641 1627 676 America
1644 642 1795 683 tropica
1809 643 2030 676 salutarem

215 704 342 736 artem
366 699 648 735 exercentibus
666 701 871 732 Mororum
886 699 972 732 loco
989 700 1200 732 habentur.
1259 697 1430 733 Arboris
1447 700 1639 732 excelsae
1654 697 1809 740 lignum
1825 697 1930 732 flavo
1950 696 2028 730 tin-

214 766 314 799 gens
332 755 477 799 (vulgo
494 753 683 798 Fustik),
716 753 953 789 substantia
968 756 1172 789 colorante
1187 753 1348 796 propria
1366 753 1575 796 (Mor-ina]
1595 753 1762 799 foetum,
1794 752 2030 788 commercio

211 813 255 848 in
271 814 473 853 Europam
490 810 718 845 advehitur.
778 806 1001 843 Mac-lurae
1018 809 1303 843 clm-anciacae
1320 812 1428 844 Nutt.
1448 808 1775 856 (Bow-woodJ,
1808 809 1848 844 in
1868 809 2033 844 interio-

211 868 325 904 ribus
343 867 557 903 Americae
575 866 752 902 borealis
770 867 1012 912 crescentis,
1036 866 1259 909 syncarpia
1274 868 1459 910 globosa,
1485 866 1611 910 pugni
1628 868 1750 911 mole,
1776 865 2031 910 aurantiaca,

212 927 336 961 stulte
354 933 422 966 pro
439 922 560 958 malis
579 922 717 958 aureis
734 925 784 957 ab
802 922 926 957 avida
941 926 1058 966 gente
1075 922 1233 969 habita,
1266 931 1388 958 succo
1407 922 1578 969 foetido,
1610 922 1714 957 flavo
1732 922 1929 968 tingente,
1955 930 2032 963 quo

214 979 401 1024 belligeri
432 981 693 1014 autoclrtones
722 978 925 1014 horridam
955 979 1125 1022 pingunt
1156 978 1324 1025 faciem,
1358 979 1530 1023 turgida.
1587 973 1923 1012 Broussonecmf.»
1948 986 2034 1021 pa-

208 1035 436 1084 pyriferae
465 1036 584 1071 Vent.
616 1033 746 1078 [Aute
771 1033 975 1078 Taitens.)
1000 1034 1200 1070 latissime
1224 1045 1295 1078 per
1312 1035 1531 1070 Oceaniam
1557 1035 1748 1080 diffusae,
1781 1035 1888 1077 apud
1911 1033 2034 1068 Sinas
2065 1055 2067 1057 ·
2089 1042 2096 1055 ⁴-

215 1097 252 1128 et
270 1094 448 1135 Japones
472 1091 591 1126 etiam
618 1094 772 1135 cultae,
801 1091 906 1126 liber
923 1091 1099 1136 textilis,
1131 1091 1336 1126 maximus
1353 1091 1394 1125 in
1412 1092 1595 1134 paranda
1612 1093 1754 1126 charta
1770 1091 1877 1132 apud
1893 1089 2035 1124 litera-

215 1149 400 1185 tissimas
438 1151 642 1184 extremae
677 1146 808 1184 Asiae
846 1150 988 1191 gentes
1020 1156 1139 1183 usus.
1205 1148 1429 1185 Fructuum
1459 1146 1636 1190 stipituli
1666 1146 1829 1183 carnosi
1858 1144 2035 1189 insipide

216 1207 371 1241 dulces.

354 1284 529 1321 Fir-num
559 1286 713 1333 speeies
742 1287 997 1334 innumerae,
1028 1290 1172 1324 harum
1192 1288 1310 1325 'aliae
1334 1287 1376 1323 in
1400 1287 1606 1332 regionum
1632 1286 1877 1330 tropicarum
1899 1285 2035 1330 sylvis

214 1344 393 1382 aeternis
425 1344 615 1380 caulibus
646 1344 867 1379 immensae
897 1345 1167 1388 longitudinis
1192 1346 1419 1381 vicinarum
1443 1348 1629 1380 arborum
1654 1348 1816 1380 truncos
1840 1346 1878 1379 et
1901 1351 2035 1378 ramos

211 1403 455 1447 perrepunt,
476 1400 710 1435 innumeras
728 1401 874 1442 stirpes
892 1402 1149 1443 amplexibus
1167 1402 1254 1437 suis
1273 1402 1531 1444 maritantes,
1559 1400 1668 1436 aliae
1686 1400 1727 1436 in
1745 1400 1871 1436 veteri
1890 1402 2037 1436 tellure

213 1460 290 1496 sub
321 1459 434 1493 coelo
464 1456 618 1492 fervido
642 1460 880 1502 nascentes,
914 1467 1038 1499 super
1059 1457 1293 1500 giganteum
1319 1461 1502 1492 truncum
1527 1458 1729 1500 ingentem
1753 1466 1908 1492 comam
1932 1464 2038 1499 pan-

214 1516 334 1560 dunt,
366 1511 575 1548 radicibus
606 1513 738 1548 aereis
771 1523 792 1547 e
822 1512 977 1547 frondis
1008 1516 1114 1548 elato
1145 1514 1298 1549 vertice
1321 1513 1663 1556 propendentibus
1687 1523 1761 1549 ceu
1785 1513 1946 1548 totidem
1970 1521 2038 1547 co-

211 1569 364 1608 lumnis
392 1570 610 1616 firmatam,
642 1569 700 1604 ita
730 1573 774 1604 ut.
801 1567 845 1602 in
875 1571 1038 1611 sylvam
1068 1571 1305 1605 adolescant
1334 1570 1525 1613 singulae
1556 1571 1741 1616 arbores,
1773 1569 2038 1605 admirandae

213 1631 387 1664 naturae
419 1629 458 1661 et
480 1625 779 1668 antiquissimis
801 1628 1039 1668 populorum
1063 1627 1423 1668 superstitionibus
1451 1628 1701 1673 celebratae,
1732 1625 1912 1668 integros
1934 1634 2040 1661 mor-

217 1684 361 1720 talium
382 1691 509 1726 pagos
531 1682 655 1718 viridi
673 1686 773 1717 tecto
791 1684 1089 1718 obumbrantes.
1149 1683 1358 1718 Plurimae
1376 1685 1423 1718 ob
1442 1686 1701 1725 receptacula
1717 1681 1928 1718 fructifera
1944 1690 2041 1718 sac-

216 1743 338 1781 charo
372 1742 410 1774 et
440 1747 556 1775 muco
589 1738 751 1781 copioso
782 1738 1007 1785 scatentia,
1039 1738 1150 1774 aliae
1181 1742 1229 1775 ob
1262 1739 1375 1775 succi
1399 1739 1521 1775 lactei
1545 1739 1764 1781 qualitates
1787 1738 1910 1774 utiles
1934 1741 2041 1773 sunt.

216 1795 445 1833 Notissima
467 1798 562 1831 sunt
579 1792 706 1829 Ficus
727 1792 907 1828 Can-icae
925 1794 1064 1842 Linn.,
1096 1805 1206 1830 nunc
1224 1796 1375 1838 passim
1395 1804 1465 1837 per
1483 1795 1686 1839 regionem
1703 1795 2040 1831 mediterraneam

217 1856 373 1898 cultae,
405 1851 521 1887 nobis
546 1850 746 1887 adversus
771 1851 934 1894 frigoris
957 1852 1251 1894 impatientiam
1269 1852 1431 1888 cautius
1449 1851 1746 1898 defendendae,
1779 1853 2040 1894 receptacula

215 1910 420 1946 fructuum
452 1907 689 1951 pyrisormia
718 1905 914 1949 [caric-ae
945 1918 977 1944 s.
1001 1908 1134 1954 Fici),
1166 1917 1269 1951 quae
1300 1909 1482 1944 recentia
1504 1908 1768 1951 sapidissime
1793 1917 1910 1943 muco
1934 1908 2040 1943 inter

215 1965 393 2002 lautiora
423 1961 599 2001 bellaria
627 1965 928 2011 commendata,
959 1965 1074 2001 sicca
1096 1958 1200 2000 inter
1222 1967 1511 2000 nonnullarum
1535 1964 1714 2008 gentium
1739 1972 1940 2000 annonam
1965 1967 2042 2000 ha-

219 2025 383 2068 bentur,
414 2020 587 2064 plurimo
613 2020 886 2055 circumvecta
909 2021 1165 2068 commercio,
1197 2024 1244 2057 ob
1270 2022 1459 2057 virtutem
1483 2021 1643 2066 egregie
1659 2020 1900 2056 nutrientem
1918 2020 2041 2056 etiam

218 2088 244 2115 a
266 2077 436 2114 medicis
457 2076 732 2122 praescripta,
766 2080 870 2112 tosta
895 2087 932 2113 v.
956 2080 1061 2113 lacte
1086 2078 1250 2113 emolita
1273 2079 1323 2113 ad
1347 2079 1608 2113 maturandos
1635 2080 1856 2113 abscessus
1873 2080 2040 2112 externe

218 2135 340 2171 etiam
363 2143 455 2169 cum
469 2133 591 2169 laude
608 2133 869 2175 applicanda.
934 2135 1088 2169 Eadem
1105 2134 1370 2176 plurimarum
1386 2134 1429 2169 in
1447 2134 1554 2169 Asia
1570 2134 1764 2169 calidiore
1781 2133 2038 2169 nascentium

217 2194 312 2228 laus
329 2193 404 2236 est„
428 2190 534 2225 inter
550 2188 771 2234 frugiferas
788 2186 915 2224 Ficus
933 2189 1135 2235 religiosa
1151 2189 1211 2236 L.,
1244 2187 1291 2225 F.
1308 2185 1567 2234 'Benjame‘na
1584 2189 1643 2237 L.,
1670 2187 1718 2226 F.
1732 2188 1893 2235 pumila
1907 2192 1969 2235 L.,
1993 2185 2041 2224 F.

219 2244 471 2283 auriculam
492 2248 634 2292 Lour.,
665 2243 714 2281 F.
740 2243 941 2290 Rumphiz'
967 2248 1120 2293 Blum.,
1152 2243 1203 2280 F.
1229 2244 1519 2293 henglealensv‘s
1540 2248 1607 2292 L.,
1642 2243 1686 2283 F.
1713 2254 1871 2291 aspera
1894 2247 2041 2294 Forst.,

220 2308 259 2341 et
274 2301 323 2340 F.
344 2301 586 2337 Granatum
602 2303 733 2338 Forst.
756 2302 955 2345 imprimis
978 2303 1250 2338 nominandae
1274 2306 1389 2351 sunt,
1421 2312 1494 2338 nec
1511 2304 1805 2346 praetereunda
1821 2306 1882 2338 est
1898 2304 2040 2347 Aegy-

221 2361 394 2409 ptiorum
411 2356 683 2407 Syr-omerus,
715 2359 916 2395 fructibus
939 2368 1066 2402 aeque
1084 2361 1381 2406 commendata,
1415 2367 1534 2402 (liram
1550 2359 1653 2403 ligni
1668 2359 1902 2402 incorrupta
1919 2360 2042 2394 dura-

222 2418 350 2463 tione,
375 2418 599 2452 loculorum
612 2442 622 2461 ,
646 2415 793 2458 quibus
810 2416 1105 2460 Aegyptiorum
1122 2419 1302 2452 veterum
1320 2424 1489 2458 corpora
1506 2419 1741 2460 servantur,
1768 2415 2042 2458 experimento

223 2474 478 2519 confirmata,
509 2472 672 2508 nobilis.
729 2472 871 2508 Laetis
900 2472 1063 2508 ficulnei
1092 2472 1211 2508 varia
1242 2475 1302 2507 est
1324 2476 1491 2519 natura,
1527 2469 1652 2506 Fae'cus
1676 2469 1840 2506 indicae
1863 2473 1909 2508 L.
1934 2471 2040 2515 (Ba-

221 2530 393 2576 mana),
425 2526 473 2562 F.
497 2537 676 2563 venosae
697 2528 805 2575 Ait.,
838 2526 886 2562 F.
909 2525 1190 2573 Benjmm'tme
1205 2531 1237 2565 L
1263 2555 1272 2575 ,
1305 2525 1353 2562 F.
1366 2527 1632 2575 glomeratae
1648 2531 1776 2564 Roxb.
1800 2531 1913 2563 latex
1928 2527 2038 2564 mitiS

222 2590 304 2633 est,
336 2587 441 2621 inter
470 2585 648 2621 remedia
676 2586 823 2621 leniter
853 2586 1056 2621 solventia
1085 2586 1128 2621 in
1158 2585 1344 2629 populari
1363 2586 1552 2621 Indorum
1573 2585 1778 2621 medIcina
1801 2588 2039 2631 usurpatus,

224 2640 351 2677 Ficus
383 2641 628 2676 toa-icariae
656 2644 703 2677 L.
735 2646 773 2677 et
805 2639 851 2677 F.
883 2641 1069 2686 septime
1092 2644 1138 2678 L.
1170 2651 1319 2678 succus
1344 2641 1529 2686 spissus,
1561 2642 1755 2687 flavidus,
1786 2644 2043 2677 veliementer

224 2699 452 2745 causticus,
477 2698 801 2734 americanarum
818 2699 1102 2744 complurium⁷
1129 2699 1327 2741 Imprimis
1350 2695 1472 2732 Frons
1491 2696 1838 2734 Radnlaewilld.
1859 2701 1897 2733 et
1914 2694 2041 2731 Ficus

224 2751 604 2789 ‹cathelma'mhz'cae
622 2757 740 2790 Mart.
760 2755 981 2801 drasticus,
1008 2765 1182 2799 magnae
1198 2756 1305 2798 apud
1323 2755 1537 2791 Americae
1555 2755 1753 2790 australis
1777 2757 2039 2789 autochtones

223 2813 266 2848 in
284 2811 505 2847 enecandis
521 2811 806 2848 intestinorum
823 2811 1030 2847 vermibus
1046 2812 1197 2847 laudis.
1228 2812 1382 2847 Resina
1397 2813 1571 2847 elastica
1588 2810 1894 2855 [canulcnoch
1912 2820 1933 2846 e
1950 2813 2042 2853 plu-

224 2869 328 2904 rium
351 2871 519 2911 lympha
540 2868 761 2913 obtinetur,
792 2868 932 2903 indica
955 2878 977 2903 e
1001 2865 1105 2902 Fz'cu
1129 2866 1313 2901 elasam
1334 2869 1485 2914 Roxb.,
1520 2864 1566 2903 F.
1590 2864 1734 2901 indica
1756 2868 1824 2912 L.,
1858 2862 1904 2900 F.
1924 2866 2041 2901 tom·-

225 2924 350 2958 caria
359 2926 453 2959 L.et
466 2920 513 2959 F.
528 2922 730 2969 religiosa
739 2926 786 2959 L.
803 2924 1057 2966 potissimum
1077 2927 1256 2970 paratur,
1276 2924 1549 2959 americanam
1568 2934 1588 2959 e
1601 2919 1702 2957 Fica
1715 2920 1884 2956 Radnla
1894 2923 2040 2958 XVin.

225 2979 515 3027 (lligueroteJ,
550 2976 597 3016 F.
615 2977 803 3024 ellv’ptica
820 2972 868 3014 H.
886 2983 923 3014 et
939 2981 983 3014 Β.
1003 2983 1041 3014 et
1058 2977 1311 3023 Eprinm'cle
1328 2980 1376 3015 H.
1393 2980 1438 3015 B.
1457 2977 1738 3021 [Caoutchouc
1757 2981 1804 3015 de
1822 2978 2039 3022 Guaduas]

225 3037 418 3072 obtinent.
476 3035 632 3072 Resina
654 3034 811 3071 Laecae
842 3045 863 3070 e
882 3035 1070 3071 diversis
1095 3036 1265 3071 Ficuum
1295 3035 1522 3070 indicarum
1551 3036 1722 3071 ramulis
1751 3045 1887 3071 morsu
1920 3035 2040 3071 Cocci

226 3094 440 3136 cujusdam
463 3090 649 3138 effluens,
681 3092 724 3127 in
747 3088 794 3126 F.
813 3089 955 3126 indica
977 3093 1128 3135 Roxb.,
1164 3088 1211 3128 F.
1230 3088 1502 3137 benghalensz·
1516 3090 1560 3128 L.
1585 3095 1623 3127 et
1640 3089 1687 3127 F.
1711 3089 1856 3136 Tsjelct
1873 3092 2039 3128 Hamilt.
2064 3125 2073 3133 Ι

226 3149 424 3192 imprimis
448 3148 674 3194 colligitur,
706 3157 727 3183 e
750 3148 948 3183 resinosis
965 3148 1078 3183 succi
1094 3148 1255 3183 ficulnei
1272 3152 1306 3183 et
1327 3158 1348 3183 e
1365 3149 1639 3184 colorantibus
1656 3148 1777 3184 Cocci
1795 3148 2038 3184 substantiis

228 3205 463 3248 composita.
521 3206 658 3240 Lacca
688 3204 839 3248 optima
868 3214 919 3239 ex
951 3200 1184 3238 Alemitv'de
1216 3206 1409 3250 quadam,
1456 3205 1856 3247 Euphorbiacearum
1888 3204 2039 3240 ordinis

226 3262 371 3307 stirpe,
404 3260 563 3304 petitur.
621 3261 740 3296 Folia
770 3261 939 3296 Ficuum
965 3260 1130 3302 juniora
1153 3263 1202 3296 ab
1224 3261 1336 3296 Indis
1361 3260 1466 3296 inter
1488 3264 1600 3297 olera
1624 3263 1904 3307 comeduntur,
1936 3270 2030 3296 non·

228 3319 430 3352 nullarum
447 3317 666 3361 unguentis
684 3317 931 3352 vulnerariis
948 3316 1164 3352 admisceri
1181 3318 1333 3363 solent,
1356 3317 1536 3353 aliarum
1555 3317 1660 3354 inter
1675 3318 1854 3353 remedia
1870 3316 2041 3353 emetica

228 3376 264 3408 et
296 3373 630 3408 antlrelmintliica
658 3376 932 3409 numerantur.
991 3373 1265 3408 Plurimarum
1296 3373 1434 3409 cortici
1463 3373 1634 3410 virtutes
1661 3374 1819 3410 tonicas
1844 3373 2039 3417 tribuunt,
2085 3376 2099 3382 “

226 3430 431 3464 decoctum
462 3429 623 3465 corticis
654 3426 780 3464 Ficus
811 3427 1035 3476 religiosae
1059 3430 1109 3465 L.
1144 3429 1540 3472 praestantissimum
1570 3430 1614 3465 in
1638 3431 1797 3466 diabete
1822 3429 2038 3465 remedium

224 3485 471 3527 praedicant.
