<?xml version="1.0" encoding="UTF-8"?>
<!DOCTYPE html PUBLIC "-//W3C//DTD XHTML 1.0 Transitional//EN"
    "http://www.w3.org/TR/xhtml1/DTD/xhtml1-transitional.dtd">
<html xmlns="http://www.w3.org/1999/xhtml" xml:lang="en" lang="en">
 <head>
  <title>
</title>
<meta http-equiv="Content-Type" content="text/html;charset=utf-8" />
  <meta name='ocr-system' content='tesseract 3.04.00' />
  <meta name='ocr-capabilities' content='ocr_page ocr_carea ocr_par ocr_line ocrx_word'/>
</head>
<body>
  <div class='ocr_page' id='page_1' title='image "./enchiridionbotan00endl/enchiridionbotan00endl_0195.png"; bbox 0 0 2147 3756; ppageno 0'>
   <div class='ocr_carea' id='block_1_1' title="bbox 848 217 1196 227">
    <p class='ocr_par' dir='ltr' id='par_1_1' title="bbox 848 217 1196 227">
     <span class='ocr_line' id='line_1_1' title="bbox 848 217 1196 227; baseline 0.009 -3"><span class='ocrx_word' id='word_1_1' title='bbox 848 218 1113 227; x_wconf 44' lang='grc' dir='ltr'><strong>»σ-σ-..ν--ῌ</strong></span> <span class='ocrx_word' id='word_1_2' title='bbox 1124 217 1196 227; x_wconf 43' lang='lat' dir='ltr'><strong>-n--ae</strong></span> 
     </span>
    </p>
   </div>
   <div class='ocr_carea' id='block_1_2' title="bbox 111 306 1943 1144">
    <p class='ocr_par' dir='ltr' id='par_1_2' title="bbox 111 306 1943 1144">
     <span class='ocr_line' id='line_1_2' title="bbox 255 306 1935 361; baseline 0 -7"><span class='ocrx_word' id='word_1_3' title='bbox 255 306 620 361; x_wconf 54' lang='lat' dir='ltr'><strong>finalitates</strong></span> <span class='ocrx_word' id='word_1_4' title='bbox 650 314 691 352; x_wconf 82' lang='lat' dir='ltr'><strong>et</strong></span> <span class='ocrx_word' id='word_1_5' title='bbox 711 319 880 355; x_wconf 76' lang='lat' dir='ltr'><strong>usus.</strong></span> <span class='ocrx_word' id='word_1_6' title='bbox 939 315 972 350; x_wconf 85' lang='lat' dir='ltr'>E</span> <span class='ocrx_word' id='word_1_7' title='bbox 989 313 1347 351; x_wconf 79' lang='lat' dir='ltr'><strong>Balsamifluarum</strong></span> <span class='ocrx_word' id='word_1_8' title='bbox 1369 318 1509 350; x_wconf 82' lang='lat' dir='ltr'><strong>trunco</strong></span> <span class='ocrx_word' id='word_1_9' title='bbox 1533 318 1568 351; x_wconf 86' lang='lat' dir='ltr'><strong>et</strong></span> <span class='ocrx_word' id='word_1_10' title='bbox 1595 315 1765 353; x_wconf 83' lang='lat' dir='ltr'><strong>ramulis</strong></span> <span class='ocrx_word' id='word_1_11' title='bbox 1788 315 1935 355; x_wconf 81' lang='lat' dir='ltr'><strong>incisis</strong></span> 
     </span>
     <span class='ocr_line' id='line_1_3' title="bbox 113 367 1935 419; baseline 0 -10"><span class='ocrx_word' id='word_1_12' title='bbox 113 381 267 410; x_wconf 83' lang='lat' dir='ltr'><strong>succus</strong></span> <span class='ocrx_word' id='word_1_13' title='bbox 296 373 426 408; x_wconf 84' lang='lat' dir='ltr'><strong>effluit</strong></span> <span class='ocrx_word' id='word_1_14' title='bbox 454 375 712 419; x_wconf 84' lang='lat' dir='ltr'><strong>balsameus,</strong></span> <span class='ocrx_word' id='word_1_15' title='bbox 746 370 1042 408; x_wconf 67' lang='lat' dir='ltr'>terebinthinae</span> <span class='ocrx_word' id='word_1_16' title='bbox 1072 374 1246 407; x_wconf 82' lang='lat' dir='ltr'><strong>venetae</strong></span> <span class='ocrx_word' id='word_1_17' title='bbox 1274 371 1446 418; x_wconf 86' lang='lat' dir='ltr'><strong>similis,</strong></span> <span class='ocrx_word' id='word_1_18' title='bbox 1481 367 1661 405; x_wconf 79' lang='lat' dir='ltr'><em>Ambrae</em></span> <span class='ocrx_word' id='word_1_19' title='bbox 1690 371 1877 419; x_wconf 65' lang='lat' dir='ltr'><strong>liquidae</strong></span> <span class='ocrx_word' id='word_1_20' title='bbox 1899 384 1935 411; x_wconf 79' lang='lat' dir='ltr'><strong>s.</strong></span> 
     </span>
     <span class='ocr_line' id='line_1_4' title="bbox 114 426 1936 478; baseline 0.001 -15"><span class='ocrx_word' id='word_1_21' title='bbox 114 426 311 464; x_wconf 61' lang='lat' dir='ltr'><strong>storacis</strong></span> <span class='ocrx_word' id='word_1_22' title='bbox 335 426 520 475; x_wconf 69' lang='lat' dir='ltr'><strong>liquidae</strong></span> <span class='ocrx_word' id='word_1_23' title='bbox 544 428 706 464; x_wconf 88' lang='lat' dir='ltr'><strong>nomine</strong></span> <span class='ocrx_word' id='word_1_24' title='bbox 728 428 823 464; x_wconf 86' lang='lat' dir='ltr'><strong>Olim</strong></span> <span class='ocrx_word' id='word_1_25' title='bbox 846 428 951 463; x_wconf 88' lang='lat' dir='ltr'><strong>inter</strong></span> <span class='ocrx_word' id='word_1_26' title='bbox 976 431 1160 463; x_wconf 80' lang='lat' dir='ltr'><strong>aromata</strong></span> <span class='ocrx_word' id='word_1_27' title='bbox 1183 427 1442 464; x_wconf 68' lang='lat' dir='ltr'><strong>stimulanda</strong></span> <span class='ocrx_word' id='word_1_28' title='bbox 1462 436 1488 463; x_wconf 83' lang='lat' dir='ltr'><strong>a</strong></span> <span class='ocrx_word' id='word_1_29' title='bbox 1510 428 1679 463; x_wconf 83' lang='lat' dir='ltr'><strong>medicis</strong></span> <span class='ocrx_word' id='word_1_30' title='bbox 1698 434 1936 478; x_wconf 81' lang='lat' dir='ltr'><strong>usurpatus,</strong></span> 
     </span>
     <span class='ocr_line' id='line_1_5' title="bbox 112 483 1938 531; baseline -0.001 -9"><span class='ocrx_word' id='word_1_31' title='bbox 112 488 162 521; x_wconf 86' lang='lat' dir='ltr'><strong>ob</strong></span> <span class='ocrx_word' id='word_1_32' title='bbox 180 485 319 522; x_wconf 85' lang='lat' dir='ltr'><strong>varias</strong></span> <span class='ocrx_word' id='word_1_33' title='bbox 334 485 604 530; x_wconf 84' lang='lat' dir='ltr'><strong>substantias,</strong></span> <span class='ocrx_word' id='word_1_34' title='bbox 623 484 769 527; x_wconf 81' lang='lat' dir='ltr'><strong>quibus</strong></span> <span class='ocrx_word' id='word_1_35' title='bbox 785 485 948 520; x_wconf 80' lang='lat' dir='ltr'><strong>venalis</strong></span> <span class='ocrx_word' id='word_1_36' title='bbox 965 483 1206 526; x_wconf 85' lang='lat' dir='ltr'><strong>inquinatus</strong></span> <span class='ocrx_word' id='word_1_37' title='bbox 1222 493 1316 520; x_wconf 85' lang='lat' dir='ltr'><strong>esse</strong></span> <span class='ocrx_word' id='word_1_38' title='bbox 1332 486 1449 531; x_wconf 85' lang='lat' dir='ltr'><strong>solet,</strong></span> <span class='ocrx_word' id='word_1_39' title='bbox 1467 484 1615 520; x_wconf 82' lang='lat' dir='ltr'><strong>dubiae</strong></span> <span class='ocrx_word' id='word_1_40' title='bbox 1630 488 1813 521; x_wconf 82' lang='lat' dir='ltr'><strong>naturae.</strong></span> <span class='ocrx_word' id='word_1_41' title='bbox 1845 488 1938 521; x_wconf 85' lang='lat' dir='ltr'><strong>Sto·</strong></span> 
     </span>
     <span class='ocr_line' id='line_1_6' title="bbox 113 540 1936 588; baseline 0 -11"><span class='ocrx_word' id='word_1_42' title='bbox 113 550 192 577; x_wconf 84' lang='lat' dir='ltr'><strong>rax</strong></span> <span class='ocrx_word' id='word_1_43' title='bbox 205 541 363 584; x_wconf 83' lang='lat' dir='ltr'><strong>liquida</strong></span> <span class='ocrx_word' id='word_1_44' title='bbox 373 540 550 584; x_wconf 83' lang='lat' dir='ltr'><strong>(Baume</strong></span> <span class='ocrx_word' id='word_1_45' title='bbox 561 540 789 586; x_wconf 74' lang='lat' dir='ltr'><strong>copatmeJ,</strong></span> <span class='ocrx_word' id='word_1_46' title='bbox 815 550 932 583; x_wconf 87' lang='lat' dir='ltr'><strong>quam</strong></span> <span class='ocrx_word' id='word_1_47' title='bbox 950 550 1001 576; x_wconf 83' lang='lat' dir='ltr'><strong>ex</strong></span> <span class='ocrx_word' id='word_1_48' title='bbox 1012 540 1204 576; x_wconf 73' lang='lat' dir='ltr'><strong>Amerina</strong></span> <span class='ocrx_word' id='word_1_49' title='bbox 1219 541 1444 587; x_wconf 83' lang='lat' dir='ltr'><strong>advehunt,</strong></span> <span class='ocrx_word' id='word_1_50' title='bbox 1470 541 1585 576; x_wconf 81' lang='lat' dir='ltr'><strong>acido</strong></span> <span class='ocrx_word' id='word_1_51' title='bbox 1602 541 1798 576; x_wconf 83' lang='lat' dir='ltr'><strong>benzoico</strong></span> <span class='ocrx_word' id='word_1_52' title='bbox 1815 541 1936 588; x_wconf 82' lang='lat' dir='ltr'><strong>foeta,</strong></span> 
     </span>
     <span class='ocr_line' id='line_1_7' title="bbox 113 597 1939 640; baseline 0 -6"><span class='ocrx_word' id='word_1_53' title='bbox 113 598 387 635; x_wconf 77' lang='lat' dir='ltr'><strong>substantiam</strong></span> <span class='ocrx_word' id='word_1_54' title='bbox 418 597 671 640; x_wconf 79' lang='lat' dir='ltr'><strong>styracinam</strong></span> <span class='ocrx_word' id='word_1_55' title='bbox 703 598 910 633; x_wconf 85' lang='lat' dir='ltr'><strong>continere</strong></span> <span class='ocrx_word' id='word_1_56' title='bbox 941 598 1129 632; x_wconf 84' lang='lat' dir='ltr'><strong>creditur.</strong></span> <span class='ocrx_word' id='word_1_57' title='bbox 1195 597 1488 639; x_wconf 83' lang='lat' dir='ltr'><strong>Liquidambar</strong></span> <span class='ocrx_word' id='word_1_58' title='bbox 1518 597 1753 640; x_wconf 76' lang='lat' dir='ltr'><strong>primariam</strong></span> <span class='ocrx_word' id='word_1_59' title='bbox 1783 601 1939 640; x_wconf 86' lang='lat' dir='ltr'><strong>partem</strong></span> 
     </span>
     <span class='ocr_line' id='line_1_8' title="bbox 114 652 1939 701; baseline 0 -12"><span class='ocrx_word' id='word_1_60' title='bbox 114 654 324 690; x_wconf 84' lang='lat' dir='ltr'><strong>constituit</strong></span> <span class='ocrx_word' id='word_1_61' title='bbox 343 663 527 701; x_wconf 84' lang='lat' dir='ltr'>massae,</span> <span class='ocrx_word' id='word_1_62' title='bbox 552 655 672 696; x_wconf 86' lang='lat' dir='ltr'><strong>Dupa</strong></span> <span class='ocrx_word' id='word_1_63' title='bbox 690 654 840 699; x_wconf 83' lang='lat' dir='ltr'><strong>dictae,</strong></span> <span class='ocrx_word' id='word_1_64' title='bbox 868 662 992 699; x_wconf 86' lang='lat' dir='ltr'><strong>quae,</strong></span> <span class='ocrx_word' id='word_1_65' title='bbox 1019 663 1039 688; x_wconf 91' lang='lat' dir='ltr'><strong>e</strong></span> <span class='ocrx_word' id='word_1_66' title='bbox 1055 652 1185 688; x_wconf 81' lang='lat' dir='ltr'><strong>variis</strong></span> <span class='ocrx_word' id='word_1_67' title='bbox 1204 653 1352 688; x_wconf 85' lang='lat' dir='ltr'><strong>resinis</strong></span> <span class='ocrx_word' id='word_1_68' title='bbox 1368 654 1575 697; x_wconf 79' lang='lat' dir='ltr'><strong>lignisque</strong></span> <span class='ocrx_word' id='word_1_69' title='bbox 1591 653 1771 690; x_wconf 82' lang='lat' dir='ltr'><strong>odoratis</strong></span> <span class='ocrx_word' id='word_1_70' title='bbox 1788 654 1828 689; x_wconf 88' lang='lat' dir='ltr'><strong>in</strong></span> <span class='ocrx_word' id='word_1_71' title='bbox 1845 656 1939 696; x_wconf 87' lang='lat' dir='ltr'><strong>pul-</strong></span> 
     </span>
     <span class='ocr_line' id='line_1_9' title="bbox 113 699 1939 755; baseline 0 -9"><span class='ocrx_word' id='word_1_72' title='bbox 113 719 252 746; x_wconf 76' lang='lat' dir='ltr'><strong>verem</strong></span> <span class='ocrx_word' id='word_1_73' title='bbox 282 699 461 746; x_wconf 75' lang='lat' dir='ltr'><strong>redactis</strong></span> <span class='ocrx_word' id='word_1_74' title='bbox 492 710 737 755; x_wconf 84' lang='lat' dir='ltr'><strong>composita,</strong></span> <span class='ocrx_word' id='word_1_75' title='bbox 776 709 905 745; x_wconf 85' lang='lat' dir='ltr'><strong>Asiae</strong></span> <span class='ocrx_word' id='word_1_76' title='bbox 937 709 1134 745; x_wconf 84' lang='lat' dir='ltr'><strong>australis</strong></span> <span class='ocrx_word' id='word_1_77' title='bbox 1165 710 1373 755; x_wconf 77' lang='lat' dir='ltr'><strong>gentibus,</strong></span> <span class='ocrx_word' id='word_1_78' title='bbox 1412 709 1611 752; x_wconf 79' lang='lat' dir='ltr'>imprimis</span> <span class='ocrx_word' id='word_1_79' title='bbox 1642 710 1845 755; x_wconf 76' lang='lat' dir='ltr'><strong>MalayiS,</strong></span> <span class='ocrx_word' id='word_1_80' title='bbox 1885 711 1939 746; x_wconf 82' lang='lat' dir='ltr'><strong>ad</strong></span> 
     </span>
     <span class='ocr_line' id='line_1_10' title="bbox 111 765 1942 809; baseline -0.001 -6"><span class='ocrx_word' id='word_1_81' title='bbox 111 768 359 804; x_wconf 76' lang='lat' dir='ltr'><strong>vestimenta</strong></span> <span class='ocrx_word' id='word_1_82' title='bbox 373 768 491 801; x_wconf 79' lang='lat' dir='ltr'><strong>odore</strong></span> <span class='ocrx_word' id='word_1_83' title='bbox 507 766 725 801; x_wconf 80' lang='lat' dir='ltr'><strong>imbuenda</strong></span> <span class='ocrx_word' id='word_1_84' title='bbox 742 765 926 800; x_wconf 69' lang='lat' dir='ltr'><strong>inservit.</strong></span> <span class='ocrx_word' id='word_1_85' title='bbox 957 767 1194 801; x_wconf 80' lang='lat' dir='ltr'><strong>Balsamum</strong></span> <span class='ocrx_word' id='word_1_86' title='bbox 1210 765 1322 800; x_wconf 84' lang='lat' dir='ltr'><strong>Indis</strong></span> <span class='ocrx_word' id='word_1_87' title='bbox 1339 766 1617 801; x_wconf 82' lang='lat' dir='ltr'><strong>necessarium</strong></span> <span class='ocrx_word' id='word_1_88' title='bbox 1635 767 1781 808; x_wconf 81' lang='lat' dir='ltr'><strong>partim</strong></span> <span class='ocrx_word' id='word_1_89' title='bbox 1798 767 1942 809; x_wconf 82' lang='lat' dir='ltr'><strong>Liqui-</strong></span> 
     </span>
     <span class='ocr_line' id='line_1_11' title="bbox 114 821 1940 873; baseline -0.001 -14"><span class='ocrx_word' id='word_1_90' title='bbox 114 825 284 859; x_wconf 75' lang='lat' dir='ltr'><strong>dambar</strong></span> <span class='ocrx_word' id='word_1_91' title='bbox 299 822 488 865; x_wconf 80' lang='lat' dir='ltr'><strong>Altingia</strong></span> <span class='ocrx_word' id='word_1_92' title='bbox 503 822 755 865; x_wconf 82' lang='lat' dir='ltr'><strong>suppeditat,</strong></span> <span class='ocrx_word' id='word_1_93' title='bbox 780 822 927 864; x_wconf 80' lang='lat' dir='ltr'><strong>partim</strong></span> <span class='ocrx_word' id='word_1_94' title='bbox 946 832 1018 865; x_wconf 87' lang='lat' dir='ltr'><strong>per</strong></span> <span class='ocrx_word' id='word_1_95' title='bbox 1034 821 1219 857; x_wconf 86' lang='lat' dir='ltr'><strong>Persiam</strong></span> <span class='ocrx_word' id='word_1_96' title='bbox 1236 821 1398 857; x_wconf 82' lang='lat' dir='ltr'><strong>Arabes</strong></span> <span class='ocrx_word' id='word_1_97' title='bbox 1415 824 1639 869; x_wconf 80' lang='lat' dir='ltr'><strong>advehunt,</strong></span> <span class='ocrx_word' id='word_1_98' title='bbox 1658 833 1686 873; x_wconf 69' lang='lat' dir='ltr'><strong>e</strong></span> <span class='ocrx_word' id='word_1_99' title='bbox 1701 823 1940 865; x_wconf 77' lang='lat' dir='ltr'><strong>Liquiuam-</strong></span> 
     </span>
     <span class='ocr_line' id='line_1_12' title="bbox 112 878 1942 923; baseline -0.001 -7"><span class='ocrx_word' id='word_1_100' title='bbox 112 883 212 917; x_wconf 84' lang='lat' dir='ltr'><strong>bare</strong></span> <span class='ocrx_word' id='word_1_101' title='bbox 227 879 415 915; x_wconf 83' lang='lat' dir='ltr'>orientali</span> <span class='ocrx_word' id='word_1_102' title='bbox 433 878 623 913; x_wconf 71' lang='lat' dir='ltr'>fortassis</span> <span class='ocrx_word' id='word_1_103' title='bbox 640 878 822 921; x_wconf 89' lang='lat' dir='ltr'><strong>petitum.</strong></span> <span class='ocrx_word' id='word_1_104' title='bbox 862 880 1014 921; x_wconf 81' lang='lat' dir='ltr'><strong>Styrax</strong></span> <span class='ocrx_word' id='word_1_105' title='bbox 1029 878 1206 923; x_wconf 82' lang='lat' dir='ltr'><strong>liquida,</strong></span> <span class='ocrx_word' id='word_1_106' title='bbox 1240 886 1344 919; x_wconf 86' lang='lat' dir='ltr'><strong>quae</strong></span> <span class='ocrx_word' id='word_1_107' title='bbox 1361 878 1402 913; x_wconf 94' lang='lat' dir='ltr'><strong>in</strong></span> <span class='ocrx_word' id='word_1_108' title='bbox 1421 879 1764 922; x_wconf 81' lang='lat' dir='ltr'><strong>pharmacopotiis</strong></span> <span class='ocrx_word' id='word_1_109' title='bbox 1779 884 1942 915; x_wconf 83' lang='lat' dir='ltr'><strong>nostra-</strong></span> 
     </span>
     <span class='ocr_line' id='line_1_13' title="bbox 113 934 1942 982; baseline 0.002 -11"><span class='ocrx_word' id='word_1_110' title='bbox 113 937 222 972; x_wconf 87' lang='lat' dir='ltr'><strong>tibus</strong></span> <span class='ocrx_word' id='word_1_111' title='bbox 253 944 347 971; x_wconf 84' lang='lat' dir='ltr'><strong>rara</strong></span> <span class='ocrx_word' id='word_1_112' title='bbox 383 938 581 981; x_wconf 77' lang='lat' dir='ltr'>prostrat,</span> <span class='ocrx_word' id='word_1_113' title='bbox 613 943 721 969; x_wconf 89' lang='lat' dir='ltr'><strong>mere</strong></span> <span class='ocrx_word' id='word_1_114' title='bbox 751 934 986 970; x_wconf 80' lang='lat' dir='ltr'><strong>americana</strong></span> <span class='ocrx_word' id='word_1_115' title='bbox 1017 937 1090 969; x_wconf 81' lang='lat' dir='ltr'><strong>est.</strong></span> <span class='ocrx_word' id='word_1_116' title='bbox 1147 934 1462 975; x_wconf 79' lang='lat' dir='ltr'><strong>Antiquioribus</strong></span> <span class='ocrx_word' id='word_1_117' title='bbox 1494 936 1761 982; x_wconf 72' lang='lat' dir='ltr'><strong>temporibus,</strong></span> <span class='ocrx_word' id='word_1_118' title='bbox 1794 936 1942 979; x_wconf 81' lang='lat' dir='ltr'><strong>quibus</strong></span> 
     </span>
     <span class='ocr_line' id='line_1_14' title="bbox 112 990 1942 1037; baseline 0 -9"><span class='ocrx_word' id='word_1_119' title='bbox 112 993 450 1029; x_wconf 85' lang='lat' dir='ltr'><strong>medicamentum</strong></span> <span class='ocrx_word' id='word_1_120' title='bbox 481 993 563 1026; x_wconf 85' lang='lat' dir='ltr'><strong>tale</strong></span> <span class='ocrx_word' id='word_1_121' title='bbox 592 990 723 1034; x_wconf 85' lang='lat' dir='ltr'><strong>pluris</strong></span> <span class='ocrx_word' id='word_1_122' title='bbox 753 991 1068 1037; x_wconf 82' lang='lat' dir='ltr'><strong>aestimabatur,</strong></span> <span class='ocrx_word' id='word_1_123' title='bbox 1102 993 1138 1026; x_wconf 82' lang='lat' dir='ltr'><strong>et</strong></span> <span class='ocrx_word' id='word_1_124' title='bbox 1165 991 1505 1027; x_wconf 80' lang='lat' dir='ltr'><strong>transatlanticae</strong></span> <span class='ocrx_word' id='word_1_125' title='bbox 1531 1001 1684 1028; x_wconf 80' lang='lat' dir='ltr'><strong>merces</strong></span> <span class='ocrx_word' id='word_1_126' title='bbox 1709 993 1844 1028; x_wconf 88' lang='lat' dir='ltr'><strong>minus</strong></span> <span class='ocrx_word' id='word_1_127' title='bbox 1867 994 1942 1028; x_wconf 78' lang='lat' dir='ltr'><strong>ad-</strong></span> 
     </span>
     <span class='ocr_line' id='line_1_15' title="bbox 112 1047 1943 1092; baseline 0.001 -8"><span class='ocrx_word' id='word_1_128' title='bbox 112 1051 366 1085; x_wconf 75' lang='lat' dir='ltr'><strong>vehebantur</strong></span> <span class='ocrx_word' id='word_1_129' title='bbox 388 1047 599 1092; x_wconf 78' lang='lat' dir='ltr'><strong>copiosae,</strong></span> <span class='ocrx_word' id='word_1_130' title='bbox 633 1057 684 1082; x_wconf 81' lang='lat' dir='ltr'><strong>ex</strong></span> <span class='ocrx_word' id='word_1_131' title='bbox 707 1047 869 1083; x_wconf 84' lang='lat' dir='ltr'><strong>Oriente</strong></span> <span class='ocrx_word' id='word_1_132' title='bbox 891 1051 1027 1091; x_wconf 85' lang='lat' dir='ltr'><strong>petere</strong></span> <span class='ocrx_word' id='word_1_133' title='bbox 1049 1049 1234 1085; x_wconf 85' lang='lat' dir='ltr'><strong>solebant</strong></span> <span class='ocrx_word' id='word_1_134' title='bbox 1251 1048 1526 1085; x_wconf 85' lang='lat' dir='ltr'><strong>substantiam</strong></span> <span class='ocrx_word' id='word_1_135' title='bbox 1542 1051 1648 1085; x_wconf 84' lang='lat' dir='ltr'><strong>hanc</strong></span> <span class='ocrx_word' id='word_1_136' title='bbox 1666 1050 1943 1087; x_wconf 78' lang='lat' dir='ltr'><strong>Cotter-misa</strong></span> 
     </span>
     <span class='ocr_line' id='line_1_16' title="bbox 112 1103 718 1144; baseline -0.007 0"><span class='ocrx_word' id='word_1_137' title='bbox 112 1105 322 1144; x_wconf 82' lang='lat' dir='ltr'><strong>Arabibus</strong></span> <span class='ocrx_word' id='word_1_138' title='bbox 339 1109 379 1142; x_wconf 91' lang='lat' dir='ltr'><strong>et.</strong></span> <span class='ocrx_word' id='word_1_139' title='bbox 393 1103 538 1140; x_wconf 75' lang='lat' dir='ltr'><strong>&#39;furcis</strong></span> <span class='ocrx_word' id='word_1_140' title='bbox 555 1103 718 1140; x_wconf 81' lang='lat' dir='ltr'><strong>dictam.</strong></span> 
     </span>
    </p>
   </div>
   <div class='ocr_carea' id='block_1_3' title="bbox 592 1254 1460 1304">
    <p class='ocr_par' dir='ltr' id='par_1_3' title="bbox 592 1254 1460 1304">
     <span class='ocr_line' id='line_1_17' title="bbox 592 1254 1460 1304; baseline -0.001 -1"><span class='ocrx_word' id='word_1_141' title='bbox 592 1256 765 1303; x_wconf 76' lang='lat' dir='ltr'><strong>ordo</strong></span> <span class='ocrx_word' id='word_1_142' title='bbox 794 1254 1009 1302; x_wconf 75' lang='lat' dir='ltr'><strong>xclx.</strong></span> <span class='ocrx_word' id='word_1_143' title='bbox 1073 1254 1460 1304; x_wconf 77' lang='lat' dir='ltr'><strong>salicineae.</strong></span> 
     </span>
    </p>
   </div>
   <div class='ocr_carea' id='block_1_4' title="bbox 76 1356 1946 3108">
    <p class='ocr_par' dir='ltr' id='par_1_4' title="bbox 76 1356 1946 3108">
     <span class='ocr_line' id='line_1_18' title="bbox 255 1356 1945 1421; baseline 0.001 -15"><span class='ocrx_word' id='word_1_144' title='bbox 255 1357 481 1406; x_wconf 81' lang='lat' dir='ltr'><strong>Arbores</strong></span> <span class='ocrx_word' id='word_1_145' title='bbox 517 1358 742 1406; x_wconf 80' lang='lat' dir='ltr'><strong>excelsae</strong></span> <span class='ocrx_word' id='word_1_146' title='bbox 779 1375 823 1406; x_wconf 90' lang='lat' dir='ltr'><strong>v.</strong></span> <span class='ocrx_word' id='word_1_147' title='bbox 847 1356 1070 1421; x_wconf 75' lang='lat' dir='ltr'><strong>frutices</strong></span> <span class='ocrx_word' id='word_1_148' title='bbox 1104 1358 1327 1417; x_wconf 80' lang='lat' dir='ltr'><strong>humiles,</strong></span> <span class='ocrx_word' id='word_1_149' title='bbox 1381 1359 1522 1406; x_wconf 88' lang='lat' dir='ltr'><strong>ramis</strong></span> <span class='ocrx_word' id='word_1_150' title='bbox 1566 1358 1821 1418; x_wconf 79' lang='lat' dir='ltr'><strong>teretibus,</strong></span> <span class='ocrx_word' id='word_1_151' title='bbox 1875 1359 1945 1407; x_wconf 86' lang='lat' dir='ltr'><strong>al-</strong></span> 
     </span>
     <span class='ocr_line' id='line_1_19' title="bbox 115 1429 1946 1494; baseline 0.001 -18"><span class='ocrx_word' id='word_1_152' title='bbox 115 1429 281 1477; x_wconf 86' lang='lat' dir='ltr'><strong>ternis.</strong></span> <span class='ocrx_word' id='word_1_153' title='bbox 352 1430 496 1478; x_wconf 77' lang='lat' dir='ltr'><strong>Folia</strong></span> <span class='ocrx_word' id='word_1_154' title='bbox 535 1430 738 1487; x_wconf 84' lang='lat' dir='ltr'><strong>alterna,</strong></span> <span class='ocrx_word' id='word_1_155' title='bbox 788 1429 1047 1493; x_wconf 86' lang='lat' dir='ltr'><strong>simplicia,</strong></span> <span class='ocrx_word' id='word_1_156' title='bbox 1096 1430 1429 1492; x_wconf 85' lang='lat' dir='ltr'><strong>penninervia,</strong></span> <span class='ocrx_word' id='word_1_157' title='bbox 1463 1432 1810 1494; x_wconf 81' lang='lat' dir='ltr'><strong>integerrima,</strong></span> <span class='ocrx_word' id='word_1_158' title='bbox 1860 1448 1946 1478; x_wconf 85' lang='lat' dir='ltr'><strong>an-</strong></span> 
     </span>
     <span class='ocr_line' id='line_1_20' title="bbox 116 1499 1946 1566; baseline 0.002 -19"><span class='ocrx_word' id='word_1_159' title='bbox 116 1499 510 1563; x_wconf 75' lang='lat' dir='ltr'><strong>galato-dentata</strong></span> <span class='ocrx_word' id='word_1_160' title='bbox 542 1518 584 1547; x_wconf 88' lang='lat' dir='ltr'><strong>v.</strong></span> <span class='ocrx_word' id='word_1_161' title='bbox 617 1509 821 1557; x_wconf 86' lang='lat' dir='ltr'><strong>serrata,</strong></span> <span class='ocrx_word' id='word_1_162' title='bbox 869 1502 915 1546; x_wconf 91' lang='lat' dir='ltr'><strong>in</strong></span> <span class='ocrx_word' id='word_1_163' title='bbox 946 1501 1172 1563; x_wconf 89' lang='lat' dir='ltr'><strong>petiolum</strong></span> <span class='ocrx_word' id='word_1_164' title='bbox 1204 1510 1467 1563; x_wconf 84' lang='lat' dir='ltr'><strong>angustata.</strong></span> <span class='ocrx_word' id='word_1_165' title='bbox 1543 1503 1766 1565; x_wconf 79' lang='lat' dir='ltr'><strong>Stz&#39;pulae</strong></span> <span class='ocrx_word' id='word_1_166' title='bbox 1804 1519 1946 1566; x_wconf 85' lang='lat' dir='ltr'><strong>squa-</strong></span> 
     </span>
     <span class='ocr_line' id='line_1_21' title="bbox 115 1568 1944 1634; baseline 0.002 -17"><span class='ocrx_word' id='word_1_167' title='bbox 115 1587 298 1630; x_wconf 88' lang='lat' dir='ltr'><strong>mosae,</strong></span> <span class='ocrx_word' id='word_1_168' title='bbox 353 1570 608 1630; x_wconf 81' lang='lat' dir='ltr'><strong>deciduae,</strong></span> <span class='ocrx_word' id='word_1_169' title='bbox 654 1588 699 1618; x_wconf 89' lang='lat' dir='ltr'><strong>v.</strong></span> <span class='ocrx_word' id='word_1_170' title='bbox 737 1572 998 1628; x_wconf 86' lang='lat' dir='ltr'><strong>foliaceae,</strong></span> <span class='ocrx_word' id='word_1_171' title='bbox 1044 1573 1375 1634; x_wconf 82' lang='lat' dir='ltr'><strong>persistentes.</strong></span> <span class='ocrx_word' id='word_1_172' title='bbox 1463 1574 1636 1620; x_wconf 77' lang='lat' dir='ltr'><strong>Flores</strong></span> <span class='ocrx_word' id='word_1_173' title='bbox 1681 1572 1849 1632; x_wconf 87' lang='lat' dir='ltr'><strong>dioici,</strong></span> <span class='ocrx_word' id='word_1_174' title='bbox 1896 1568 1944 1620; x_wconf 87' lang='lat' dir='ltr'><strong>in</strong></span> 
     </span>
     <span class='ocr_line' id='line_1_22' title="bbox 116 1641 1945 1707; baseline 0.001 -17"><span class='ocrx_word' id='word_1_175' title='bbox 116 1651 302 1690; x_wconf 85' lang='lat' dir='ltr'><strong>amenta</strong></span> <span class='ocrx_word' id='word_1_176' title='bbox 340 1643 546 1689; x_wconf 86' lang='lat' dir='ltr'><strong>ramulos</strong></span> <span class='ocrx_word' id='word_1_177' title='bbox 584 1642 888 1689; x_wconf 78' lang='lat' dir='ltr'><strong>terminantia</strong></span> <span class='ocrx_word' id='word_1_178' title='bbox 920 1641 1156 1705; x_wconf 85' lang='lat' dir='ltr'><strong>dispositi,</strong></span> <span class='ocrx_word' id='word_1_179' title='bbox 1204 1643 1396 1690; x_wconf 82' lang='lat' dir='ltr'><strong>sessiles</strong></span> <span class='ocrx_word' id='word_1_180' title='bbox 1427 1660 1471 1691; x_wconf 91' lang='lat' dir='ltr'><strong>v.</strong></span> <span class='ocrx_word' id='word_1_181' title='bbox 1500 1643 1800 1707; x_wconf 83' lang='lat' dir='ltr'><strong>pedicellati,</strong></span> <span class='ocrx_word' id='word_1_182' title='bbox 1849 1645 1945 1691; x_wconf 90' lang='lat' dir='ltr'><strong>sin-</strong></span> 
     </span>
     <span class='ocr_line' id='line_1_23' title="bbox 116 1712 1943 1777; baseline 0.001 -17"><span class='ocrx_word' id='word_1_183' title='bbox 116 1713 212 1776; x_wconf 85' lang='lat' dir='ltr'><strong>guli</strong></span> <span class='ocrx_word' id='word_1_184' title='bbox 250 1712 443 1760; x_wconf 79' lang='lat' dir='ltr'><strong>bractea</strong></span> <span class='ocrx_word' id='word_1_185' title='bbox 483 1712 864 1769; x_wconf 84' lang='lat' dir='ltr'><strong>membranacea,</strong></span> <span class='ocrx_word' id='word_1_186' title='bbox 910 1713 1219 1775; x_wconf 84' lang='lat' dir='ltr'><strong>persistente,</strong></span> <span class='ocrx_word' id='word_1_187' title='bbox 1266 1714 1454 1777; x_wconf 83' lang='lat' dir='ltr'><strong>integra</strong></span> <span class='ocrx_word' id='word_1_188' title='bbox 1491 1731 1536 1761; x_wconf 88' lang='lat' dir='ltr'><strong>v.</strong></span> <span class='ocrx_word' id='word_1_189' title='bbox 1569 1714 1726 1762; x_wconf 86' lang='lat' dir='ltr'><strong>lobata</strong></span> <span class='ocrx_word' id='word_1_190' title='bbox 1763 1716 1943 1763; x_wconf 88' lang='lat' dir='ltr'><strong>muniti.</strong></span> 
     </span>
     <span class='ocr_line' id='line_1_24' title="bbox 114 1784 1945 1848; baseline 0.001 -17"><span class='ocrx_word' id='word_1_191' title='bbox 114 1784 343 1832; x_wconf 71' lang='lat' dir='ltr'><strong>Floribus</strong></span> <span class='ocrx_word' id='word_1_192' title='bbox 384 1786 743 1846; x_wconf 61' lang='lat' dir='ltr'><strong>stanzz&#39;reegere&#39;s:</strong></span> <span class='ocrx_word' id='word_1_193' title='bbox 800 1785 1116 1845; x_wconf 59' lang='lat' dir='ltr'><strong>Per-egonz&#39;zcm</strong></span> <span class='ocrx_word' id='word_1_194' title='bbox 1161 1784 1357 1842; x_wconf 91' lang='lat' dir='ltr'><strong>nullum,</strong></span> <span class='ocrx_word' id='word_1_195' title='bbox 1413 1784 1515 1848; x_wconf 89' lang='lat' dir='ltr'><strong>ejus</strong></span> <span class='ocrx_word' id='word_1_196' title='bbox 1562 1786 1670 1832; x_wconf 93' lang='lat' dir='ltr'><strong>loco</strong></span> <span class='ocrx_word' id='word_1_197' title='bbox 1717 1795 1853 1833; x_wconf 78' lang='lat' dir='ltr'><strong>torus</strong></span> <span class='ocrx_word' id='word_1_198' title='bbox 1896 1788 1945 1833; x_wconf 94' lang='lat' dir='ltr'><strong>in</strong></span> 
     </span>
     <span class='ocr_line' id='line_1_25' title="bbox 115 1853 1944 1918; baseline 0.002 -17"><span class='ocrx_word' id='word_1_199' title='bbox 115 1853 404 1918; x_wconf 80' lang='lat' dir='ltr'><strong>glandulam,</strong></span> <span class='ocrx_word' id='word_1_200' title='bbox 465 1855 682 1901; x_wconf 88' lang='lat' dir='ltr'><strong>annulum</strong></span> <span class='ocrx_word' id='word_1_201' title='bbox 730 1870 777 1901; x_wconf 88' lang='lat' dir='ltr'><strong>v.</strong></span> <span class='ocrx_word' id='word_1_202' title='bbox 820 1855 868 1900; x_wconf 92' lang='lat' dir='ltr'><strong>in</strong></span> <span class='ocrx_word' id='word_1_203' title='bbox 913 1855 1155 1901; x_wconf 86' lang='lat' dir='ltr'><strong>urceolum</strong></span> <span class='ocrx_word' id='word_1_204' title='bbox 1203 1854 1394 1918; x_wconf 87' lang='lat' dir='ltr'><strong>oblique</strong></span> <span class='ocrx_word' id='word_1_205' title='bbox 1441 1864 1704 1903; x_wconf 85' lang='lat' dir='ltr'><strong>truncatum</strong></span> <span class='ocrx_word' id='word_1_206' title='bbox 1742 1866 1944 1906; x_wconf 89' lang='lat' dir='ltr'><strong>tumens.</strong></span> 
     </span>
     <span class='ocr_line' id='line_1_26' title="bbox 116 1924 1945 1990; baseline 0.002 -18"><span class='ocrx_word' id='word_1_207' title='bbox 116 1927 338 1973; x_wconf 78' lang='lat' dir='ltr'><strong>Stamina</strong></span> <span class='ocrx_word' id='word_1_208' title='bbox 370 1940 396 1971; x_wconf 92' lang='lat' dir='ltr'><strong>e</strong></span> <span class='ocrx_word' id='word_1_209' title='bbox 430 1934 595 1972; x_wconf 86' lang='lat' dir='ltr'><strong>centro</strong></span> <span class='ocrx_word' id='word_1_210' title='bbox 628 1925 723 1972; x_wconf 85' lang='lat' dir='ltr'><strong>tori</strong></span> <span class='ocrx_word' id='word_1_211' title='bbox 755 1933 969 1983; x_wconf 83' lang='lat' dir='ltr'><strong>exserta,</strong></span> <span class='ocrx_word' id='word_1_212' title='bbox 1021 1924 1112 1971; x_wconf 91' lang='lat' dir='ltr'><strong>duo</strong></span> <span class='ocrx_word' id='word_1_213' title='bbox 1144 1942 1186 1973; x_wconf 92' lang='lat' dir='ltr'><strong>v.</strong></span> <span class='ocrx_word' id='word_1_214' title='bbox 1218 1926 1441 1989; x_wconf 88' lang='lat' dir='ltr'><strong>plurima,</strong></span> <span class='ocrx_word' id='word_1_215' title='bbox 1471 1927 1748 1990; x_wconf 77' lang='lat' dir='ltr'><strong>filamente&#39;s</strong></span> <span class='ocrx_word' id='word_1_216' title='bbox 1778 1928 1945 1975; x_wconf 86' lang='lat' dir='ltr'><strong>fitifor-</strong></span> 
     </span>
     <span class='ocr_line' id='line_1_27' title="bbox 118 1995 1944 2062; baseline 0.002 -19"><span class='ocrx_word' id='word_1_217' title='bbox 118 1996 268 2043; x_wconf 85' lang='lat' dir='ltr'><strong>mibus</strong></span> <span class='ocrx_word' id='word_1_218' title='bbox 315 1995 549 2043; x_wconf 87' lang='lat' dir='ltr'><strong>distinctis</strong></span> <span class='ocrx_word' id='word_1_219' title='bbox 602 2013 646 2043; x_wconf 80' lang='lat' dir='ltr'><strong>v.</strong></span> <span class='ocrx_word' id='word_1_220' title='bbox 695 1996 883 2059; x_wconf 81' lang='lat' dir='ltr'><strong>saepius</strong></span> <span class='ocrx_word' id='word_1_221' title='bbox 935 1996 1037 2042; x_wconf 82' lang='lat' dir='ltr'><strong>basi</strong></span> <span class='ocrx_word' id='word_1_222' title='bbox 1090 2005 1170 2043; x_wconf 88' lang='lat' dir='ltr'><strong>aut</strong></span> <span class='ocrx_word' id='word_1_223' title='bbox 1214 1997 1351 2060; x_wconf 85' lang='lat' dir='ltr'><strong>juxta</strong></span> <span class='ocrx_word' id='word_1_224' title='bbox 1402 2007 1546 2045; x_wconf 87' lang='lat' dir='ltr'><strong>totam</strong></span> <span class='ocrx_word' id='word_1_225' title='bbox 1602 1998 1944 2062; x_wconf 84' lang='lat' dir='ltr'><strong>longitudinem</strong></span> 
     </span>
     <span class='ocr_line' id='line_1_28' title="bbox 116 2066 1940 2135; baseline 0.002 -22"><span class='ocrx_word' id='word_1_226' title='bbox 116 2066 462 2131; x_wconf 83' lang='lat' dir='ltr'><strong>monadelphiS,</strong></span> <span class='ocrx_word' id='word_1_227' title='bbox 518 2068 739 2114; x_wconf 67' lang='lat' dir='ltr'><strong>authoris</strong></span> <span class='ocrx_word' id='word_1_228' title='bbox 781 2067 1145 2126; x_wconf 87' lang='lat' dir='ltr'><strong>bilocularibus,</strong></span> <span class='ocrx_word' id='word_1_229' title='bbox 1194 2067 1431 2127; x_wconf 85' lang='lat' dir='ltr'><strong>basifixis,</strong></span> <span class='ocrx_word' id='word_1_230' title='bbox 1481 2069 1649 2116; x_wconf 88' lang='lat' dir='ltr'><strong>loculis</strong></span> <span class='ocrx_word' id='word_1_231' title='bbox 1695 2072 1940 2135; x_wconf 74' lang='lat' dir='ltr'><strong>appositiS,</strong></span> 
     </span>
     <span class='ocr_line' id='line_1_29' title="bbox 116 2136 1946 2205; baseline 0.002 -20"><span class='ocrx_word' id='word_1_232' title='bbox 116 2138 381 2202; x_wconf 84' lang='lat' dir='ltr'><strong>parallelis,</strong></span> <span class='ocrx_word' id='word_1_233' title='bbox 423 2140 689 2200; x_wconf 73' lang='lat' dir='ltr'><strong>contiguis,</strong></span> <span class='ocrx_word' id='word_1_234' title='bbox 724 2136 1134 2201; x_wconf 85' lang='lat' dir='ltr'><strong>longitudinaliter</strong></span> <span class='ocrx_word' id='word_1_235' title='bbox 1165 2137 1538 2187; x_wconf 87' lang='lat' dir='ltr'><strong>dehiscentibus.</strong></span> <span class='ocrx_word' id='word_1_236' title='bbox 1613 2142 1946 2205; x_wconf 76' lang='lat' dir='ltr'><strong>Florz&#39;bzcs··pz&#39;-</strong></span> 
     </span>
     <span class='ocr_line' id='line_1_30' title="bbox 114 2204 1945 2274; baseline 0.001 -16"><span class='ocrx_word' id='word_1_237' title='bbox 114 2211 400 2273; x_wconf 62' lang='lat' dir='ltr'><strong>stz‘llegerz&#39;s:</strong></span> <span class='ocrx_word' id='word_1_238' title='bbox 438 2211 753 2273; x_wconf 74' lang='lat' dir='ltr'><strong>Perz&#39;gom&#39;um</strong></span> <span class='ocrx_word' id='word_1_239' title='bbox 784 2210 979 2256; x_wconf 85' lang='lat' dir='ltr'><strong>nullum.</strong></span> <span class='ocrx_word' id='word_1_240' title='bbox 1066 2211 1220 2257; x_wconf 78' lang='lat' dir='ltr'><strong>Torus</strong></span> <span class='ocrx_word' id='word_1_241' title='bbox 1249 2204 1666 2274; x_wconf 81' lang='lat' dir='ltr'><strong>glandulaeformis</strong></span> <span class='ocrx_word' id='word_1_242' title='bbox 1696 2229 1739 2259; x_wconf 91' lang='lat' dir='ltr'><strong>v.</strong></span> <span class='ocrx_word' id='word_1_243' title='bbox 1772 2229 1945 2260; x_wconf 88' lang='lat' dir='ltr'><strong>urceo-</strong></span> 
     </span>
     <span class='ocr_line' id='line_1_31' title="bbox 117 2279 1944 2347; baseline 0.002 -19"><span class='ocrx_word' id='word_1_244' title='bbox 117 2281 254 2328; x_wconf 83' lang='lat' dir='ltr'><strong>latus.</strong></span> <span class='ocrx_word' id='word_1_245' title='bbox 347 2282 550 2328; x_wconf 77' lang='lat' dir='ltr'><strong>Germen</strong></span> <span class='ocrx_word' id='word_1_246' title='bbox 597 2280 785 2339; x_wconf 88' lang='lat' dir='ltr'><strong>sessile,</strong></span> <span class='ocrx_word' id='word_1_247' title='bbox 848 2279 1127 2345; x_wconf 85' lang='lat' dir='ltr'><strong>diphyllum,</strong></span> <span class='ocrx_word' id='word_1_248' title='bbox 1190 2282 1603 2346; x_wconf 87' lang='lat' dir='ltr'><strong>carpophyllorum</strong></span> <span class='ocrx_word' id='word_1_249' title='bbox 1655 2283 1944 2347; x_wconf 79' lang='lat' dir='ltr'><strong>marginibus</strong></span> 
     </span>
     <span class='ocr_line' id='line_1_32' title="bbox 87 2350 1944 2416; baseline 0.002 -17"><span class='ocrx_word' id='word_1_250' title='bbox 87 2350 330 2399; x_wconf 39' lang='lat' dir='ltr'><strong>‘valvatim</strong></span> <span class='ocrx_word' id='word_1_251' title='bbox 377 2352 592 2398; x_wconf 85' lang='lat' dir='ltr'><strong>connatis</strong></span> <span class='ocrx_word' id='word_1_252' title='bbox 636 2368 678 2398; x_wconf 89' lang='lat' dir='ltr'><strong>v.</strong></span> <span class='ocrx_word' id='word_1_253' title='bbox 727 2351 772 2398; x_wconf 91' lang='lat' dir='ltr'><strong>in</strong></span> <span class='ocrx_word' id='word_1_254' title='bbox 813 2361 991 2415; x_wconf 88' lang='lat' dir='ltr'><strong>septum</strong></span> <span class='ocrx_word' id='word_1_255' title='bbox 1039 2352 1374 2416; x_wconf 89' lang='lat' dir='ltr'><strong>incompletum</strong></span> <span class='ocrx_word' id='word_1_256' title='bbox 1420 2354 1685 2401; x_wconf 83' lang='lat' dir='ltr'><strong>introflexis</strong></span> <span class='ocrx_word' id='word_1_257' title='bbox 1728 2356 1944 2403; x_wconf 91' lang='lat' dir='ltr'><strong>unilocu-</strong></span> 
     </span>
     <span class='ocr_line' id='line_1_33' title="bbox 117 2423 1943 2491; baseline 0.003 -22"><span class='ocrx_word' id='word_1_258' title='bbox 117 2423 237 2470; x_wconf 87' lang='lat' dir='ltr'><strong>lare.</strong></span> <span class='ocrx_word' id='word_1_259' title='bbox 318 2424 590 2470; x_wconf 82' lang='lat' dir='ltr'><strong>Gemmulae</strong></span> <span class='ocrx_word' id='word_1_260' title='bbox 627 2423 674 2469; x_wconf 92' lang='lat' dir='ltr'><strong>in</strong></span> <span class='ocrx_word' id='word_1_261' title='bbox 706 2423 1119 2486; x_wconf 88' lang='lat' dir='ltr'><strong>trophospermiis,</strong></span> <span class='ocrx_word' id='word_1_262' title='bbox 1168 2424 1582 2488; x_wconf 84' lang='lat' dir='ltr'><strong>carpophyllorum</strong></span> <span class='ocrx_word' id='word_1_263' title='bbox 1615 2442 1761 2474; x_wconf 88' lang='lat' dir='ltr'><strong>nervo</strong></span> <span class='ocrx_word' id='word_1_264' title='bbox 1793 2442 1943 2491; x_wconf 86' lang='lat' dir='ltr'><strong>prope</strong></span> 
     </span>
     <span class='ocr_line' id='line_1_34' title="bbox 115 2492 1944 2557; baseline 0.003 -17"><span class='ocrx_word' id='word_1_265' title='bbox 115 2494 260 2540; x_wconf 88' lang='lat' dir='ltr'><strong>hasim</strong></span> <span class='ocrx_word' id='word_1_266' title='bbox 292 2492 498 2550; x_wconf 81' lang='lat' dir='ltr'><strong>adflatis,</strong></span> <span class='ocrx_word' id='word_1_267' title='bbox 541 2493 818 2551; x_wconf 85' lang='lat' dir='ltr'><strong>linearibus,</strong></span> <span class='ocrx_word' id='word_1_268' title='bbox 859 2493 1080 2541; x_wconf 88' lang='lat' dir='ltr'><strong>brevibus</strong></span> <span class='ocrx_word' id='word_1_269' title='bbox 1112 2494 1365 2557; x_wconf 82' lang='lat' dir='ltr'><strong>plurimae,</strong></span> <span class='ocrx_word' id='word_1_270' title='bbox 1408 2492 1784 2555; x_wconf 73' lang='lat' dir='ltr'><strong>adscendentes,</strong></span> <span class='ocrx_word' id='word_1_271' title='bbox 1831 2515 1944 2545; x_wconf 84' lang='lat' dir='ltr'><strong>ana-</strong></span> 
     </span>
     <span class='ocr_line' id='line_1_35' title="bbox 76 2563 1943 2631; baseline 0.003 -20"><span class='ocrx_word' id='word_1_272' title='bbox 76 2626 89 2629; x_wconf 32' lang='lat'><em>*</em></span> <span class='ocrx_word' id='word_1_273' title='bbox 115 2574 301 2628; x_wconf 86' lang='lat' dir='ltr'><strong>tropae.</strong></span> <span class='ocrx_word' id='word_1_274' title='bbox 352 2566 486 2627; x_wconf 76' lang='lat' dir='ltr'><strong>Stylz·</strong></span> <span class='ocrx_word' id='word_1_275' title='bbox 513 2563 627 2622; x_wconf 84' lang='lat' dir='ltr'><strong>due,</strong></span> <span class='ocrx_word' id='word_1_276' title='bbox 661 2564 949 2623; x_wconf 85' lang='lat' dir='ltr'><strong>brevissimi,</strong></span> <span class='ocrx_word' id='word_1_277' title='bbox 982 2565 1085 2629; x_wconf 90' lang='lat' dir='ltr'><strong>plus</strong></span> <span class='ocrx_word' id='word_1_278' title='bbox 1116 2566 1267 2613; x_wconf 89' lang='lat' dir='ltr'><strong>minus</strong></span> <span class='ocrx_word' id='word_1_279' title='bbox 1299 2566 1482 2624; x_wconf 90' lang='lat' dir='ltr'><strong>coaliti,</strong></span> <span class='ocrx_word' id='word_1_280' title='bbox 1517 2567 1690 2630; x_wconf 87' lang='lat' dir='ltr'><strong>singuli</strong></span> <span class='ocrx_word' id='word_1_281' title='bbox 1714 2570 1943 2631; x_wconf 79' lang='lat' dir='ltr'><strong>stigmate</strong></span> 
     </span>
     <span class='ocr_line' id='line_1_36' title="bbox 116 2634 1942 2698; baseline 0.002 -16"><span class='ocrx_word' id='word_1_282' title='bbox 116 2634 379 2682; x_wconf 88' lang='lat' dir='ltr'><strong>bi-trilobo</strong></span> <span class='ocrx_word' id='word_1_283' title='bbox 411 2636 665 2681; x_wconf 86' lang='lat' dir='ltr'><strong>terminati.</strong></span> <span class='ocrx_word' id='word_1_284' title='bbox 731 2637 940 2698; x_wconf 64' lang='lat' dir='ltr'><strong>Cap-sula</strong></span> <span class='ocrx_word' id='word_1_285' title='bbox 970 2636 1300 2695; x_wconf 87' lang='lat' dir='ltr'><strong>unilocularis,</strong></span> <span class='ocrx_word' id='word_1_286' title='bbox 1331 2636 1549 2697; x_wconf 87' lang='lat' dir='ltr'><strong>bivalvis,</strong></span> <span class='ocrx_word' id='word_1_287' title='bbox 1582 2638 1727 2685; x_wconf 87' lang='lat' dir='ltr'><strong>valvis</strong></span> <span class='ocrx_word' id='word_1_288' title='bbox 1759 2638 1942 2687; x_wconf 89' lang='lat' dir='ltr'><strong>demum</strong></span> 
     </span>
     <span class='ocr_line' id='line_1_37' title="bbox 118 2704 1943 2770; baseline 0.002 -17"><span class='ocrx_word' id='word_1_289' title='bbox 118 2706 367 2762; x_wconf 84' lang='lat' dir='ltr'><strong>revolutis,</strong></span> <span class='ocrx_word' id='word_1_290' title='bbox 414 2705 514 2752; x_wconf 88' lang='lat' dir='ltr'><strong>basi</strong></span> <span class='ocrx_word' id='word_1_291' title='bbox 546 2704 701 2751; x_wconf 89' lang='lat' dir='ltr'><strong>medio</strong></span> <span class='ocrx_word' id='word_1_292' title='bbox 734 2707 1041 2753; x_wconf 86' lang='lat' dir='ltr'><strong>seminiferiS.</strong></span> <span class='ocrx_word' id='word_1_293' title='bbox 1117 2708 1313 2755; x_wconf 75' lang='lat' dir='ltr'><strong>Semina</strong></span> <span class='ocrx_word' id='word_1_294' title='bbox 1352 2708 1573 2770; x_wconf 86' lang='lat' dir='ltr'><strong>plurima,</strong></span> <span class='ocrx_word' id='word_1_295' title='bbox 1623 2718 1808 2767; x_wconf 88' lang='lat' dir='ltr'><strong>erecta,</strong></span> <span class='ocrx_word' id='word_1_296' title='bbox 1855 2711 1943 2757; x_wconf 88' lang='lat' dir='ltr'><strong>mi-</strong></span> 
     </span>
     <span class='ocr_line' id='line_1_38' title="bbox 117 2775 1940 2839; baseline 0.003 -16"><span class='ocrx_word' id='word_1_297' title='bbox 117 2778 263 2834; x_wconf 89' lang='lat' dir='ltr'><strong>nima,</strong></span> <span class='ocrx_word' id='word_1_298' title='bbox 310 2777 635 2839; x_wconf 84' lang='lat' dir='ltr'><strong>integumento</strong></span> <span class='ocrx_word' id='word_1_299' title='bbox 668 2775 1052 2834; x_wconf 87' lang='lat' dir='ltr'><strong>membranaceo,</strong></span> <span class='ocrx_word' id='word_1_300' title='bbox 1097 2777 1194 2824; x_wconf 90' lang='lat' dir='ltr'><strong>hilo</strong></span> <span class='ocrx_word' id='word_1_301' title='bbox 1226 2777 1418 2825; x_wconf 86' lang='lat' dir='ltr'><strong>basilari</strong></span> <span class='ocrx_word' id='word_1_302' title='bbox 1450 2787 1690 2837; x_wconf 84' lang='lat' dir='ltr'><strong>truncato,</strong></span> <span class='ocrx_word' id='word_1_303' title='bbox 1719 2781 1940 2829; x_wconf 66' lang='lat' dir='ltr'><strong>funiculo</strong></span> 
     </span>
     <span class='ocr_line' id='line_1_39' title="bbox 115 2846 1941 2910; baseline 0.003 -16"><span class='ocrx_word' id='word_1_304' title='bbox 115 2848 416 2904; x_wconf 85' lang='lat' dir='ltr'><strong>brevissimo,</strong></span> <span class='ocrx_word' id='word_1_305' title='bbox 451 2863 638 2904; x_wconf 88' lang='lat' dir='ltr'><strong>crasso,</strong></span> <span class='ocrx_word' id='word_1_306' title='bbox 670 2846 717 2894; x_wconf 90' lang='lat' dir='ltr'><strong>in</strong></span> <span class='ocrx_word' id='word_1_307' title='bbox 747 2863 924 2893; x_wconf 88' lang='lat' dir='ltr'><strong>comam</strong></span> <span class='ocrx_word' id='word_1_308' title='bbox 953 2847 1296 2910; x_wconf 86' lang='lat' dir='ltr'><strong>lanuginosam,</strong></span> <span class='ocrx_word' id='word_1_309' title='bbox 1328 2847 1696 2897; x_wconf 88' lang='lat' dir='ltr'><strong>adscendentem</strong></span> <span class='ocrx_word' id='word_1_310' title='bbox 1722 2860 1771 2897; x_wconf 88' lang='lat' dir='ltr'><strong>et</strong></span> <span class='ocrx_word' id='word_1_311' title='bbox 1794 2860 1941 2899; x_wconf 89' lang='lat' dir='ltr'><strong>totum</strong></span> 
     </span>
     <span class='ocr_line' id='line_1_40' title="bbox 116 2917 1943 2980; baseline 0.002 -14"><span class='ocrx_word' id='word_1_312' title='bbox 116 2934 277 2967; x_wconf 87' lang='lat' dir='ltr'><strong>semen</strong></span> <span class='ocrx_word' id='word_1_313' title='bbox 323 2917 636 2964; x_wconf 90' lang='lat' dir='ltr'><strong>involventem</strong></span> <span class='ocrx_word' id='word_1_314' title='bbox 682 2918 953 2965; x_wconf 82' lang='lat' dir='ltr'><strong>fatiscente.</strong></span> <span class='ocrx_word' id='word_1_315' title='bbox 1036 2918 1327 2980; x_wconf 75' lang='lat' dir='ltr'><strong>Embryom&#39;s</strong></span> <span class='ocrx_word' id='word_1_316' title='bbox 1370 2919 1733 2978; x_wconf 86' lang='lat' dir='ltr'><strong>exalbuminosi,</strong></span> <span class='ocrx_word' id='word_1_317' title='bbox 1779 2924 1943 2970; x_wconf 83' lang='lat' dir='ltr'><strong>ortho-</strong></span> 
     </span>
     <span class='ocr_line' id='line_1_41' title="bbox 115 2988 1940 3054; baseline 0.003 -18"><span class='ocrx_word' id='word_1_318' title='bbox 115 2989 240 3054; x_wconf 85' lang='lat' dir='ltr'><strong>tropi</strong></span> <span class='ocrx_word' id='word_1_319' title='bbox 272 2989 584 3052; x_wconf 74' lang='lat' dir='ltr'><strong>cotyledones</strong></span> <span class='ocrx_word' id='word_1_320' title='bbox 612 2988 1063 3053; x_wconf 82' lang='lat' dir='ltr'><strong>plano-convexae,</strong></span> <span class='ocrx_word' id='word_1_321' title='bbox 1098 2989 1360 3054; x_wconf 81' lang='lat' dir='ltr'><strong>eltipticae‚</strong></span> <span class='ocrx_word' id='word_1_322' title='bbox 1392 2992 1619 3039; x_wconf 79' lang='lat' dir='ltr'><strong>radicula</strong></span> <span class='ocrx_word' id='word_1_323' title='bbox 1650 2991 1940 3053; x_wconf 88' lang='lat' dir='ltr'><strong>brevissima,</strong></span> 
     </span>
     <span class='ocr_line' id='line_1_42' title="bbox 113 3061 885 3108; baseline 0.003 -1"><span class='ocrx_word' id='word_1_324' title='bbox 113 3061 286 3108; x_wconf 86' lang='lat' dir='ltr'><strong>infera.</strong></span> <span class='ocrx_word' id='word_1_325' title='bbox 882 3079 885 3081; x_wconf 87' lang='lat'>·</span> 
     </span>
    </p>
   </div>
   <div class='ocr_carea' id='block_1_5' title="bbox 229 3166 1736 3302">
    <p class='ocr_par' dir='ltr' id='par_1_5' title="bbox 229 3166 1736 3302">
     <span class='ocr_line' id='line_1_43' title="bbox 891 3166 1171 3202; baseline 0.004 -1"><span class='ocrx_word' id='word_1_326' title='bbox 891 3166 925 3201; x_wconf 80' lang='lat' dir='ltr'>G</span> <span class='ocrx_word' id='word_1_327' title='bbox 942 3173 967 3201; x_wconf 84' lang='grc' dir='ltr'><strong>Ε</strong></span> <span class='ocrx_word' id='word_1_328' title='bbox 985 3173 1016 3201; x_wconf 80' lang='grc' dir='ltr'><strong>Ν</strong></span> <span class='ocrx_word' id='word_1_329' title='bbox 1034 3174 1059 3201; x_wconf 81' lang='grc' dir='ltr'>Ε</span> <span class='ocrx_word' id='word_1_330' title='bbox 1076 3175 1105 3202; x_wconf 77' lang='lat' dir='ltr'><strong>n</strong></span> <span class='ocrx_word' id='word_1_331' title='bbox 1122 3174 1171 3202; x_wconf 80' lang='lat' dir='ltr'><strong>A.</strong></span> 
     </span>
     <span class='ocr_line' id='line_1_44' title="bbox 229 3244 1736 3302; baseline 0.003 -19"><span class='ocrx_word' id='word_1_332' title='bbox 229 3247 350 3283; x_wconf 81' lang='lat'><strong>1903.</strong></span> <span class='ocrx_word' id='word_1_333' title='bbox 380 3247 500 3283; x_wconf 85' lang='lat' dir='ltr'><strong>Salix</strong></span> <span class='ocrx_word' id='word_1_334' title='bbox 519 3244 725 3299; x_wconf 80' lang='lat' dir='ltr'><strong>Tournef.</strong></span> <span class='ocrx_word' id='word_1_335' title='bbox 1175 3250 1294 3287; x_wconf 85' lang='grc'><strong>1904.</strong></span> <span class='ocrx_word' id='word_1_336' title='bbox 1325 3252 1511 3295; x_wconf 76' lang='lat' dir='ltr'><strong>Populus</strong></span> <span class='ocrx_word' id='word_1_337' title='bbox 1533 3248 1736 3302; x_wconf 80' lang='lat' dir='ltr'><strong>Tonrnef.</strong></span> 
     </span>
    </p>
   </div>
   <div class='ocr_carea' id='block_1_6' title="bbox 88 3338 1940 3570">
    <p class='ocr_par' dir='ltr' id='par_1_6' title="bbox 88 3338 1940 3570">
     <span class='ocr_line' id='line_1_45' title="bbox 255 3338 1940 3402; baseline 0.003 -17"><span class='ocrx_word' id='word_1_338' title='bbox 255 3338 579 3386; x_wconf 67' lang='lat' dir='ltr'><strong>Affinitas.</strong></span> <span class='ocrx_word' id='word_1_339' title='bbox 637 3346 872 3385; x_wconf 83' lang='lat' dir='ltr'><strong>salicineae</strong></span> <span class='ocrx_word' id='word_1_340' title='bbox 895 3348 965 3386; x_wconf 85' lang='lat' dir='ltr'><strong>diu</strong></span> <span class='ocrx_word' id='word_1_341' title='bbox 981 3358 1073 3386; x_wconf 89' lang='lat' dir='ltr'><strong>cum</strong></span> <span class='ocrx_word' id='word_1_342' title='bbox 1087 3349 1260 3394; x_wconf 80' lang='lat' dir='ltr'><strong>reliquis</strong></span> <span class='ocrx_word' id='word_1_343' title='bbox 1276 3350 1552 3402; x_wconf 70' lang='lat' dir='ltr'><strong>Julitiorarum</strong></span> <span class='ocrx_word' id='word_1_344' title='bbox 1569 3351 1782 3389; x_wconf 83' lang='lat' dir='ltr'><strong>ordinibus</strong></span> <span class='ocrx_word' id='word_1_345' title='bbox 1798 3360 1940 3390; x_wconf 86' lang='lat' dir='ltr'><strong>amen-</strong></span> 
     </span>
     <span class='ocr_line' id='line_1_46' title="bbox 88 3401 1940 3456; baseline 0.005 -19"><span class='ocrx_word' id='word_1_346' title='bbox 88 3434 92 3437; x_wconf 92' lang='lat'>.</span> <span class='ocrx_word' id='word_1_347' title='bbox 115 3401 245 3440; x_wconf 86' lang='lat' dir='ltr'><strong>taceis</strong></span> <span class='ocrx_word' id='word_1_348' title='bbox 262 3402 478 3451; x_wconf 83' lang='lat' dir='ltr'><strong>confusae,</strong></span> <span class='ocrx_word' id='word_1_349' title='bbox 509 3403 670 3441; x_wconf 87' lang='lat' dir='ltr'><strong>fructus</strong></span> <span class='ocrx_word' id='word_1_350' title='bbox 686 3408 726 3441; x_wconf 83' lang='lat' dir='ltr'><strong>et</strong></span> <span class='ocrx_word' id='word_1_351' title='bbox 740 3405 912 3442; x_wconf 87' lang='lat' dir='ltr'><strong>seminis</strong></span> <span class='ocrx_word' id='word_1_352' title='bbox 927 3405 1089 3443; x_wconf 81' lang='lat' dir='ltr'><strong>fabrica</strong></span> <span class='ocrx_word' id='word_1_353' title='bbox 1104 3410 1154 3443; x_wconf 88' lang='lat' dir='ltr'><strong>ab</strong></span> <span class='ocrx_word' id='word_1_354' title='bbox 1170 3407 1315 3443; x_wconf 86' lang='lat' dir='ltr'><strong>iisdem</strong></span> <span class='ocrx_word' id='word_1_355' title='bbox 1332 3407 1688 3456; x_wconf 83' lang='lat' dir='ltr'><strong>distinctissimae,</strong></span> <span class='ocrx_word' id='word_1_356' title='bbox 1719 3412 1940 3446; x_wconf 90' lang='lat' dir='ltr'><strong>nonnullo-</strong></span> 
     </span>
     <span class='ocr_line' id='line_1_47' title="bbox 116 3458 1939 3512; baseline 0.002 -14"><span class='ocrx_word' id='word_1_357' title='bbox 116 3469 204 3498; x_wconf 86' lang='lat' dir='ltr'><strong>rum</strong></span> <span class='ocrx_word' id='word_1_358' title='bbox 223 3460 380 3503; x_wconf 72' lang='lat' dir='ltr'><strong>justicio</strong></span> <span class='ocrx_word' id='word_1_359' title='bbox 402 3458 740 3507; x_wconf 71' lang='lat' dir='ltr'><strong>Tamariscineis&#39;‚</strong></span> <span class='ocrx_word' id='word_1_360' title='bbox 773 3471 878 3505; x_wconf 85' lang='lat' dir='ltr'><strong>quae</strong></span> <span class='ocrx_word' id='word_1_361' title='bbox 900 3463 1308 3512; x_wconf 83' lang='lat' dir='ltr'><strong>trophospermiorum</strong></span> <span class='ocrx_word' id='word_1_362' title='bbox 1330 3463 1413 3500; x_wconf 84' lang='lat' dir='ltr'><strong>situ</strong></span> <span class='ocrx_word' id='word_1_363' title='bbox 1436 3464 1628 3508; x_wconf 83' lang='lat' dir='ltr'><strong>parietali</strong></span> <span class='ocrx_word' id='word_1_364' title='bbox 1650 3460 1690 3500; x_wconf 59' lang='lat' dir='ltr'><strong>et‘</strong></span> <span class='ocrx_word' id='word_1_365' title='bbox 1711 3466 1939 3503; x_wconf 85' lang='lat' dir='ltr'><strong>seminibus</strong></span> 
     </span>
     <span class='ocr_line' id='line_1_48' title="bbox 114 3516 1938 3570; baseline 0.003 -15"><span class='ocrx_word' id='word_1_366' title='bbox 114 3516 310 3562; x_wconf 81' lang='lat' dir='ltr'><strong>papposis</strong></span> <span class='ocrx_word' id='word_1_367' title='bbox 334 3516 601 3566; x_wconf 86' lang='lat' dir='ltr'><strong>conveniunt,</strong></span> <span class='ocrx_word' id='word_1_368' title='bbox 631 3518 902 3562; x_wconf 79' lang='lat' dir='ltr'><strong>propinquius</strong></span> <span class='ocrx_word' id='word_1_369' title='bbox 924 3519 1198 3557; x_wconf 86' lang='lat' dir='ltr'><strong>conterminae</strong></span> <span class='ocrx_word' id='word_1_370' title='bbox 1218 3524 1454 3570; x_wconf 82' lang='lat' dir='ltr'><strong>censentur,</strong></span> <span class='ocrx_word' id='word_1_371' title='bbox 1486 3520 1678 3558; x_wconf 80' lang='lat' dir='ltr'><strong>fortassis</strong></span> <span class='ocrx_word' id='word_1_372' title='bbox 1701 3522 1823 3560; x_wconf 85' lang='lat' dir='ltr'><strong>etiam</strong></span> <span class='ocrx_word' id='word_1_373' title='bbox 1847 3533 1938 3561; x_wconf 91' lang='lat' dir='ltr'><strong>cum</strong></span> 
     </span>
    </p>
   </div>
   <div class='ocr_carea' id='block_1_7' title="bbox 1517 3587 1585 3640">
    <p class='ocr_par' dir='ltr' id='par_1_7' title="bbox 1517 3587 1585 3640">
     <span class='ocr_line' id='line_1_49' title="bbox 1517 3587 1585 3640; baseline 0.015 -1"><span class='ocrx_word' id='word_1_374' title='bbox 1517 3587 1585 3640; x_wconf 79' lang='lat'><strong>12</strong></span> 
     </span>
    </p>
   </div>
  </div>
 </body>
</html>
