2147 3756
1009 108 1121 155 155

190 333 198 341 Π
292 273 575 372 51111901·ᾱο
605 273 659 317 1.
725 265 1227 331 Euhandaneae·
1304 275 1440 318 Folia
1478 278 1722 332 simplicia.
1791 279 1982 336 Perigo-

155 344 277 371 mum
312 346 368 372 nu
395 339 503 372 lum.

929 425 961 458 G
981 432 1003 458 E
1024 432 1054 458 N
1075 432 1098 458 Β
1119 432 1146 457 n
1167 433 1213 460 A.

720 509 841 545 1711.
870 508 1096 544 Pandanus
1114 505 1237 544 Lv‘nn.
1258 504 1320 546 fil.

926 556 1240 599 Arthrodactylis
1256 558 1384 591 [varst.

929 599 1087 632 Keurva
1104 599 1236 633 Forslc.

719 650 842 685 1712.
872 650 1136 692 Freycinetia
1155 648 1362 685 Gamliele.

291 739 577 787 Subordo
605 741 695 784 ΙΙ.
759 742 1210 798 cyclantheae.
1271 745 1407 785 Folia
1431 744 1703 786 flabellatim
1738 747 1910 800 partita
1945 762 1983 787 v.

151 800 355 855 pinnata.
413 799 578 841 Flores
603 800 871 853 saepissime
900 801 1144 855 perigenio
1171 802 1400 843 instructi.

920 907 1206 942 GENERA.

236 990 358 1026 1713.
390 988 664 1026 Carludovica
682 987 793 1024 Rm‘z
810 994 847 1027 et
867 988 975 1027 Pav.
1172 991 1295 1028 1714.
1328 991 1580 1034 Cyclanthus
1600 990 1712 1026 Poit.

473 1045 645 1078 Lndovia
661 1045 768 1079 Pers.
1414 1039 1695 1082 Cyelosanthes
1713 1040 1844 1086 P'o'pp.

474 1093 618 1128 Salmia
641 1094 775 1130 Willd.
1174 1091 1296 1127 1715.
1327 1091 1533 1127 u⁷ettillia
1551 1088 1677 1137 Pc'lpp.

654 1184 874 1226 Genera
905 1184 1224 1226 Pandaneis
1259 1185 1480 1226 affinia.

236 1262 252 1294 1
263 1260 356 1296 716.
388 1261 667 1304 Phytelephas
687 1258 796 1294 Rue'z
814 1258 975 1301 etsPav.
1174 1264 1190 1297 1
1202 1262 1297 1298 717.
1328 1262 1436 1304 Nipa
1459 1258 1618 1296 Tlumb.

474 1307 757 1353 Elephautusia
779 1308 913 1344 Willd.
1045 1307 1047 1310 ’
1413 1309 1530 1355 Nypa
1545 1310 1719 1356 Rumplz.

777 1399 1075 1441 Pandanea
1108 1399 1354 1441 fossilis.

719 1476 843 1511 1718.
875 1478 1248 1520 Pandanocarpum
1268 1474 1456 1523 Rroagn.

288 1552 615 1599 AffinitaS·
675 1561 992 1597 Pandanearum
1032 1570 1184 1606 genera
1215 1562 1521 1598 characteribus
1554 1562 1852 1599 diversissimis
1884 1573 1910 1600 a
1941 1575 1987 1600 se

148 1618 326 1654 in·v1cem
351 1619 564 1663 distincta,
598 1617 834 1653 arctissima
851 1618 1050 1653 affinitate
1067 1619 1172 1653 inter
1188 1629 1233 1654 se
1251 1628 1456 1666 connexa,
1489 1620 1531 1655 in
1554 1622 1657 1656 duas
1674 1620 1802 1656 series
1820 1623 1986 1668 abeunt,

149 1679 291 1712 harum
316 1684 399 1711 una
422 1680 687 1720 gerontogea,
722 1670 830 1710 soliis
848 1676 1107 1717 simplicibus
1126 1679 1162 1710 et
1180 1676 1381 1720 perigonii
1400 1677 1580 1724 defectu,
1613 1677 1887 1713 mediantibus
1903 1680 1988 1721 'Py-

146 1733 331 1778 phaceis,
356 1731 711 1768 arctiusAroideis
728 1735 787 1766 est
808 1732 1070 1777 contermina,
1097 1734 1228 1768 altera
1246 1733 1494 1780 americana,
1520 1734 1733 1769 frondibus
1750 1733 1988 1770 flabellatim

145 1790 308 1833 partitis
341 1789 574 1832 pinnatisve
606 1791 641 1822 et
668 1789 876 1832 perigonio
903 1788 1103 1835 insignis,
1137 1790 1353 1825 transitum
1379 1800 1403 1826 a
1428 1791 1709 1833 Spadicifloris
1744 1792 1795 1826 ad
1819 1793 1987 1827 Palmas

146 1849 325 1890 praebet.
357 1846 432 1880 llis
450 1845 605 1881 accedit
623 1842 913 1890 Phycelephas
930 1856 1061 1889 genus
1080 1847 1358 1882 americanum
1375 1847 1498 1883 nimis
1517 1848 1751 1891 imperfecte
1768 1849 1985 1893 cognitum.

147 1900 300 1948 Nepam
333 1903 510 1938 nondum
541 1902 617 1937 rite
649 1905 922 1949 exploratam,
956 1913 1086 1946 nuper
1116 1914 1138 1938 e
1168 1905 1405 1940 Palmarum
1436 1905 1699 1941 contubernio
1731 1906 1902 1948 ejectam
1934 1907 1985 1941 ad

144 1962 300 1996 calcem
324 1959 480 1995 ordinis
506 1962 774 2004 collocamus,
811 1961 1272 2004 perigonii‚praesentia
1296 1970 1321 1996 a
1343 1963 1580 1999 Pandaneis
1602 1962 1858 2007 gerontogeis
1883 1963 1988 1999 alie-

143 2026 258 2066 nam,
292 2017 416 2053 etiam
432 2016 641 2052 frondibus
663 2018 899 2061 compositis
916 2020 967 2053 ad
984 2018 1242 2053 americanas
1260 2020 1532 2055 accedentem.

289 2081 720 2137 Geographia.
780 2089 1030 2124 Pandaneae
1047 2097 1171 2124 verae
1188 2089 1292 2124 inter
1309 2090 1488 2133 tropicos
1505 2090 1658 2126 veteris
1676 2091 1784 2127 orbis
1803 2099 1986 2127 nascun-

145 2150 230 2192 tur,
262 2145 306 2180 in
328 2145 436 2180 Asia
458 2144 637 2180 insulari
663 2144 864 2187 imprimis
889 2146 1101 2193 copiosae,
1132 2155 1293 2188 paucae
1319 2150 1431 2182 trans
1450 2148 1755 2195 capricornum,
1787 2148 1987 2184 ininsula

142 2202 313 2239 Nor-foll(
344 2206 381 2236 et
411 2201 454 2236 in
477 2203 857 2238 Nova-Zeelandia
889 2205 1131 2238 observatae
1162 2203 1338 2239 suerunt.
1400 2202 1710 2249 Cyclanmeae,
1744 2214 1846 2247 quas
1879 2205 1986 2241 inter

143 2258 336 2302 Poppigii
361 2258 576 2305 Wininia,
608 2259 792 2294 cautileis
818 2259 917 2294 elati
942 2264 978 2294 et
1005 2259 1218 2295 frondosae
1237 2270 1376 2296 comae
1393 2263 1537 2297 decore
1554 2263 1789 2297 palmarum
1807 2264 1983 2306 aemula,

143 2316 364 2352 Peruviam
380 2316 583 2361 incolunt,
616 2315 657 2350 in
677 2316 858 2365 Brasilia
874 2317 1062 2352 rariores.
1121 2317 1402 2360 Pnytelephas
1420 2328 1512 2354 cum
1530 2319 1793 2361 Cyclantheis
1811 2318 1983 2355 habitat.

142 2374 250 2416 Nipa
273 2382 363 2408 cum
387 2372 599 2407 Pandanis
621 2372 739 2409 vivit.
797 2375 964 2417 Drupae
981 2374 1270 2409 Pandanorum
1286 2374 1489 2412 fructibus
1507 2376 1664 2412 similes
1683 2385 1704 2412 e
1722 2380 1853 2413 terrae
1871 2376 1984 2413 sedi-

143 2421 277 2468 m‘ento
295 2429 495 2472 superiori
512 2429 766 2466 effodiuntur.

285 2493 650 2546 &ualitates
675 2504 712 2536 et
735 2507 905 2540 usus.
981 2503 1273 2539 Pandanorum
1304 2503 1464 2540 fructus
1496 2506 1659 2551 edules,
1692 2503 1984 2540 nonnullarum

144 2558 454 2603 subaromatici,
486 2557 692 2592 immaturi
708 2560 1235 2604 emmenagogicreduntur.
1288 2562 1494 2596 Albumen
1511 2561 1831 2606 amygdalinum.
1879 2562 1984 2596 Suc-

145 2624 220 2650 cus
252 2614 442 2649 foliorum
471 2614 626 2649 modice
657 2616 940 2663 adstringens,
980 2617 1023 2651 in
1055 2617 1280 2652 dian-noeis
1311 2621 1350 2653 et
1383 2618 1630 2661 dysenteriis
1655 2617 1981 2654 administratur.

142 2670 344 2715 spadices
368 2670 661 2717 odoratissimi,
692 2672 875 2714 juniores
900 2672 1131 2709 cum'carne
1148 2674 1252 2708 cocti
1269 2674 1373 2710 inter
1389 2675 1679 2717 aphrodisiaca
1695 2676 1884 2711 Indorum
1903 2674 1982 2711 fer-

144 2730 251 2764 cula.
309 2728 464 2764 Varius
498 2728 714 2763 caudicum
745 2732 782 2764 et
815 2728 1002 2764 soliorum
1034 2730 1076 2765 in
1098 2739 1142 2765 re
1167 2728 1390 2766 domestica
1416 2741 1532 2767 usus.
1592 2728 1982 2778 Plejstelephanlnm

145 2785 323 2832 semina,
355 2788 571 2827 antequam
589 2786 826 2831 durescant,
859 2788 1145 2831 comeduntur,
1172 2790 1334 2822 matura
1356 2796 1477 2823 ossea
1502 2791 1610 2824 sunt.
1670 2790 1704 2823 E
1725 2785 1859 2832 Nspae
1884 2797 1982 2831 spa-

145 2842 306 2880 dicibus
331 2841 515 2879 contusis
539 2851 707 2880 succum
732 2842 924 2891 eliciunt,
956 2843 1063 2880 inter
1079 2843 1245 2881 viliores
1261 2844 1350 2880 vini
1366 2845 1517 2888 palmei
1532 2845 1694 2888 species
1709 2849 1979 2882 numeratum.

522 2994 823 3053 Classis
853 2996 1066 3054 XXI.
1153 2996 1597 3068 Principes,

285 3113 518 3172 Plantae
564 3115 882 3194 saepissime
929 3117 1368 3193 arborescentes,
1423 3117 1649 3175 caudice
1695 3137 1724 3174 e
1768 3137 1980 3193 gemma

144 3199 421 3257 terminali
454 3199 863 3277 frondescente,
920 3202 1070 3260 foliis
1108 3203 1359 3277 alterniS‚
1412 3202 1631 3281 petiolis
1672 3201 1787 3259 basi
1824 3202 1980 3279 vagi-

145 3285 401 3349 nantibus
412 3328 430 3359 ,
490 3285 762 3363 pinnato-
803 3308 854 3345 v.
902 3287 1472 3365 palmato-multifidis
1521 3294 1613 3345 aut
1656 3279 1980 3364 simpliciter

144 3369 316 3445 fissis,
345 3369 571 3428 floribus
603 3391 770 3450 supra
799 3372 1076 3450 spadicem
1107 3373 1412 3451 simplicem
1435 3392 1484 3429 v.
1510 3392 1785 3430 ramosum
1809 3372 1979 3429 sessi-

143 3453 290 3513 libus
335 3459 428 3512 aut
472 3455 839 3534 pedicellatiS,
899 3457 1182 3537 perigonio
1229 3456 1432 3536 duplici
1485 3457 1794 3532 instructis,
1855 3477 1977 3535 ger-
