2147 3756
969 128 1082 178 555

114 306 393 345 accensentur.
450 302 559 340 Idem
578 300 745 339 sesam·
761 302 1090 339 portulacasere·
1107 303 1226 339 Linn.
1244 302 1285 338 in
1301 302 1493 338 Amen-ica
1512 312 1546 338 et
1569 303 1735 341 §lesui-ii
1759 308 1945 352 repenle's

113 365 230 400 Linn.
249 364 291 398 in
309 363 413 398 Asia
430 363 584 404 tropica
602 362 871 397 crescentium
891 372 1003 396 usus.
1066 358 1321 404 Claytom'aew
1340 358 1560 394 tuberosae
1581 363 1685 397 Pali.
1700 390 1709 407 ,
1736 364 1774 398 in
1794 365 1947 400 sibilia

113 421 302 455 orientali
320 419 552 460 indigenae,
579 419 696 453 radix
712 419 859 454 euntis.
911 416 1073 462 sl'qline',
1112 413 1452 450 'l'rz‘anmenmtis
1472 420 1506 451 et
1529 414 1771 451 Pharnaces
1786 422 1945 462 species

115 486 206 512 cum
238 475 507 511 amaritudine
540 475 863 519 adstringentes,
903 475 1056 510 diversi
1086 474 1127 509 iu
1158 473 1361 509 medicina
1393 474 1578 515 populari
1608 477 1714 515 apuu
1746 476 1875 512 Asiae
1908 484 1946 512 et

114 533 330 570 Americae
349 531 564 575 indigenas
583 541 698 567 usus.
756 533 820 567 Ex
839 528 961 565 Ae'zoe‘
976 529 1242 565 cmmrz'ensi‘s
1260 530 1379 566 Linn.
1397 533 1435 565 et
1449 524 1581 563 Ae'zoe‘
1598 527 1810 576 hispanici
1826 534 1946 569 Linu.

116 589 324 624 cineribus
343 589 450 622 Soita
469 588 684 623 obtinetur.

259 642 464 679 Lewe‘se'ae
488 642 705 678 redivivae
731 645 897 689 Pin-sn„
932 644 974 679 in
990 643 1181 679 America
1200 642 1769 686 boreali-occidentalijuxta
1786 644 1946 680 Colum-

113 701 208 738 biae
233 703 480 738 confluentes
506 701 748 746 crescentis,
778 701 893 735 radix
912 699 1089 741 ingentis
1108 701 1213 741 apud
1235 703 1396 735 rubram
1414 701 1617 735 homiuum
1636 705 1792 744 gentem
1811 703 1947 737 laudis

115 764 192 794 est.
253 761 368 794 Hanc
402 758 764 801 (Spokanensibus
796 759 919 798 vulgo
947 752 1199 800 Spatalamn
1225 756 1397 799 dictam]
1431 757 1471 791 in
1501 756 1712 792 hibernam
1743 766 1944 793 annonam

116 815 334 859 colligunt,
368 819 402 849 et
436 815 476 849 in
508 814 722 849 itIneribus
754 822 890 848 secum
924 815 1093 856 veliunt,
1127 821 1251 854 parvo
1284 814 1455 854 pondere
1488 815 1526 850 et
1557 815 1713 850 modico
1741 815 1946 850 volumine

118 875 274 916 largam
290 870 546 909 substantiae
565 870 727 915 egregie
743 868 962 905 nutrientis
979 868 1141 914 copiam
1157 871 1449 906 concelantem.

528 1047 700 1093 ordo
734 1045 943 1094 CCIX.
1012 1045 1541 1105 caryophylleae.

255 1149 453 1198 Hephae
483 1167 524 1198 v.
557 1147 864 1214 szqffrzcffces,
914 1151 1152 1198 rarissime
1170 1148 1391 1213 frutices
1428 1150 1648 1209 humiles,
1698 1153 1832 1199 caule
1874 1168 1951 1199 ra-

116 1223 295 1285 misque
352 1220 655 1279 dichotomis,
719 1221 949 1269 teretibus
996 1239 1043 1269 v.
1093 1221 1343 1284 angulatis.
1447 1223 1590 1269 Folia
1638 1224 1855 1286 opposita
1901 1233 1950 1270 et

114 1294 387 1356 saepissime
432 1292 534 1339 basi
583 1302 809 1350 connata,
872 1293 1112 1340 rarissime
1159 1294 1365 1349 alterna,
1427 1293 1682 1355 simplicia,
1746 1295 1949 1357 integra,

115 1365 389 1427 saepissime
429 1364 762 1426 integerrima,
814 1364 964 1411 forma
1003 1365 1128 1410 inter
1166 1373 1406 1411 setaceam
1440 1372 1488 1411 et
1519 1364 1833 1411 orbicularem
1866 1364 1950 1412 ad·-

115 1434 298 1482 modum
346 1435 500 1495 varia,
563 1436 748 1481 sessilia
792 1451 834 1481 v.
879 1436 1127 1497 petiolata,
1189 1435 1402 1481 uni—tri-
1441 1435 1593 1481 rarius
1642 1435 1945 1498 plurinervia‚

115 1508 280 1553 avenia
312 1523 355 1552 v.
386 1506 629 1553 venulosa.
705 1507 928 1568 Ste'peclac
961 1523 1080 1553 nunc
1115 1507 1291 1562 nullae,
1334 1522 1455 1551 nunc
1488 1507 1754 1564 scariosae,
1799 1507 1949 1553 iuter-

115 1578 411 1640 petiolares,
445 1578 594 1623 rarius
628 1577 906 1639 petiolares,
956 1578 1194 1623 rarissime
1228 1577 1710 1623 semiintraaxillares.
1778 1579 1950 1624 Florcs

116 1649 322 1712 perfecti
348 1657 427 1694 aut
452 1649 690 1694 rarissime
717 1647 885 1694 abortu
911 1649 1198 1712 imperfecti,
1233 1648 1277 1693 iu
1305 1648 1703 1694 inflorescentiam
1731 1665 1951 1712 cyrnoso-

116 1720 414 1765 niultissoram
447 1717 690 1765 admodum
725 1719 928 1776 variam,
965 1720 1116 1765 rarius
1149 1717 1207 1765 ad
1233 1720 1395 1764 florem
1423 1719 1680 1765 solitarium
1708 1718 1947 1766 redactam

118 1789 350 1853 dispositi.
440 1791 596 1851 Calyoe
643 1790 785 1846 liber,
849 1789 1134 1846 herbaceus,
1198 1790 1554 1836 semiscariosus
1599 1807 1643 1836 v.
1692 1790 1949 1851 scariosus,

117 1869 559 1923 tetra-pentamero
594 1860 942 1924 gamophyllus,
992 1859 1626 1925 quadri-quinquedentatus
1659 1878 1699 1907 v.
1733 1858 1948 1924 partitus,

116 1932 304 1979 laciniis
336 1932 648 1978 aestivatione
681 1932 961 1978 imbricatis.
1046 1933 1245 1979 Corolla
1278 1948 1401 1978 nunc
1434 1932 1581 1988 nulla,
1630 1949 1751 1978 nuuc
1788 1933 1949 1996 petala

116 2003 296 2067 calycis
329 2003 512 2049 laciniis
545 2018 737 2049 numero
771 2004 1009 2066 aequalia,
1059 2012 1138 2049 aut
1168 2003 1320 2049 rarius
1359 2002 1528 2048 abortu
1568 2004 1817 2065 pauciora,
1867 2004 1947 2050 iis-

116 2072 220 2120 dem
255 2075 460 2131 alterna,
510 2074 682 2131 libera,
724 2074 882 2136 plana,
924 2074 1163 2137 aequalia,
1205 2075 1413 2136 integra,
1453 2073 1595 2119 bifida
1626 2091 1669 2121 v.
1705 2075 1945 2136 bipartita,

118 2161 443 2208 nonnunquam
486 2144 942 2202 fimbriato—lacera,
990 2145 1114 2192 nuda
1144 2161 1189 2193 v.
1221 2161 1376 2207 ungue
1409 2146 1531 2191 intus
1563 2145 1946 2208 appendiculam,

119 2215 350 2262 interdum
385 2217 593 2274 minima,
637 2217 1082 2278 squamulaeformia
1113 2233 1156 2262 v.
1190 2225 1408 2274 setacea,
1458 2232 1579 2262 nunc
1612 2216 1802 2264 sinubus
1836 2216 1949 2263 laci-

119 2288 296 2333 niarum
339 2288 541 2351 calycis,
590 2303 712 2333 nunc
753 2288 870 2333 disci
910 2304 952 2335 v.
985 2288 1143 2334 annuli
1182 2287 1532 2334 membranacei
1572 2296 1652 2333 aut
1683 2286 1951 2350 glandulosi

120 2359 317 2419 margini
358 2359 532 2422 extimo
572 2375 614 2404 v.
649 2367 779 2404 retro
822 2357 997 2404 discum
1038 2360 1238 2416 inserta,
1289 2375 1410 2405 nunc
1445 2375 1546 2404 cum
1580 2359 1853 2405 staminibus
1888 2360 1950 2405 si-

118 2429 207 2474 mul
242 2429 524 2490 carpophori
558 2430 871 2490 stipitiformis
904 2430 1028 2491 apici
1060 2430 1142 2475 sub
1177 2430 1390 2491 germine
1423 2431 1658 2492 imposita.
1685 2433 1690 2437 ”
1726 2431 1950 2476 Stamina

120 2515 241 2544 nunc
269 2499 446 2562 calycis
481 2499 663 2545 laciniis
695 2516 889 2545 numero
923 2501 1139 2563 aequalia
1171 2509 1219 2547 et
1250 2501 1491 2562 opposita,
1524 2501 1675 2547 rarius
1707 2501 1948 2564 pauciora,

119 2585 241 2616 nuuc
275 2569 436 2631 dupla,
470 2570 700 2616 interiora
729 2570 975 2627 breviora,
1010 2586 1160 2634 aeque
1189 2571 1364 2617 fertilia
1389 2587 1431 2619 v.
1460 2572 1699 2618 rarissime
1727 2580 1947 2627 castrata,

121 2657 224 2686 cum
272 2641 441 2703 petalis
493 2642 685 2687 inserta.
759 2643 1031 2690 Fc'lamenta
1071 2642 1307 2688 liliformia
1344 2658 1390 2689 v.
1430 2641 1668 2700 subulata,
1716 2642 1867 2689 libera
1904 2659 1947 2688 v.

116 2711 217 2758 basi
250 2712 295 2756 in
329 2710 539 2773 cupulam
574 2711 999 2769 membranaceam‚
1033 2712 1291 2759 obsoletam
1325 2713 1514 2759 coalita.
1587 2714 1844 2761 Alamos-ae
1877 2713 1950 2758 in-

117 2791 326 2839 trorsae,
373 2781 682 2839 biloculares,
733 2782 886 2829 medio
934 2782 1074 2829 dorso
1121 2784 1354 2840 insertae,
1411 2783 1818 2845 longitudinaliter
1865 2781 1948 2830 de-

117 2853 376 2900 hiscentes.
456 2855 657 2900 Germctz
690 2853 908 2912 liberum,
959 2854 1124 2901 sessile
1159 2871 1202 2901 v.
1238 2854 1518 2917 stipitatum‚
1567 2854 1861 2901 uniloculare
1901 2870 1945 2900 v.

118 2925 270 2971 rarius
308 2925 411 2986 plus
450 2925 598 2970 minus
639 2926 872 2987 complete
913 2925 1447 2988 tri·quinqueloculare.
1527 2925 1769 2971 Gemmzcla
1810 2924 1948 2972 unica

120 3011 162 3040 v.
196 2995 446 3056 plurimae,
486 2995 705 3042 funiculis
739 3012 764 3042 e
797 2996 1022 3057 germinis
1055 2995 1198 3044 fundo
1233 2997 1370 3054 ortis,
1414 2995 1576 3042 liberis
1607 3013 1650 3042 v.
1685 2996 1868 3042 inferne
1900 2996 1948 3041 in
2000 3036 2010 3042 ,

122 3065 416 3112 columellam
462 3067 646 3112 coalitis
695 3067 927 3124 insertae,
989 3068 1332 3130 amphitropae.
1419 3068 1585 3129 Stylecs
1629 3067 1815 3124 unicus,
1877 3065 1950 3112 bi-

121 3134 444 3199 quinquefidus
482 3153 530 3183 v.
572 3139 793 3200 partitus,
841 3155 883 3185 v.
924 3139 1033 3202 styli
1074 3137 1165 3184 duo
1208 3148 1287 3184 aut
1326 3139 1554 3201 quinque,
1601 3146 1681 3184 aut
1716 3140 1949 3200 stigmam

120 3205 316 3253 totidem
351 3223 377 3253 a
409 3205 509 3254 basi
542 3206 772 3266 discreta,
802 3209 928 3255 intus
954 3208 1360 3272 longitudinaliter
1386 3209 1947 3272 papilloso-stigmatosa,

122 3277 211 3324 filis
261 3276 584 3325 conductoriis
630 3278 849 3326 discretis
887 3297 933 3327 v.
978 3281 1185 3336 coalitis,
1250 3280 1534 3326 centralihus
1581 3288 1660 3325 aut
1705 3279 1946 3325 rarissime

120 3347 450 3411 parietalibus,
498 3364 525 3394 a
564 3350 729 3412 quovis
768 3351 985 3413 stigmate
1027 3368 1070 3397 v.
1103 3351 1226 3414 stylo
1266 3349 1326 3396 ad
1365 3350 1791 3413 trophospermium
1821 3349 1949 3396 basi-

122 3419 222 3466 lare
262 3417 582 3466 tendentibus.
657 3421 889 3468 Fructus.-
937 3423 1189 3471 viriculas,
1213 3420 1624 3477 membranaceus,
1674 3436 1949 3484 monosper-

122 3506 244 3549 mus,
305 3488 611 3540 indehiscens
651 3507 698 3539 v.
742 3491 842 3539 basi
880 3492 927 3539 in
967 3493 1162 3540 lacinias
1202 3492 1385 3556 plures,
1448 3493 1584 3556 apice
1632 3492 1948 3539 cohaerentes
