2147 3756
902 166 1021 217 ¹549

789 239 1134 261 *w*

195 335 615 391 Geographia.
674 340 983 381 Aurantiaceae
1005 340 1150 378 Asiam
1176 340 1369 383 tropicam
1394 343 1536 382 sponte
1567 350 1645 376 sua
1675 341 1870 385 incolunt,

52 404 275 438 nonnullae
305 401 486 435 hibernis
516 400 558 434 in
586 399 721 442 patria
744 398 952 434 mensibus
980 398 1135 432 fructus
1160 400 1430 440 maturantes,
1463 406 1569 430 nunc
1596 407 1664 439 per
1688 398 1873 437 regiones

53 458 211 494 calidas
231 456 352 491 totius
371 456 479 491 orbis
498 455 710 498 dispersae
726 458 840 500 sunt,
875 454 1013 490 florum
1032 455 1173 489 decore
1190 456 1225 488 et
1250 457 1368 496 grata
1394 452 1638 497 fragrantia,
1671 454 1872 495 malisque

53 523 156 558 quae
189 513 320 548 ferunt
348 512 485 547 aureis
517 511 758 547 mortalibus
787 509 1115 553 acceptissimae.
1172 511 1338 545 Paucae
1362 508 1404 544 in
1428 509 1747 551 Madagascaria
1766 510 1874 545 indi-

51 580 180 617 genae
198 574 304 605 sunt.
364 565 560 602 Limenia
579 564 796 602 Lam-ecla
813 569 942 603 w'all.
959 567 1001 603 in
1017 567 1160 603 Indiae
1176 566 1379 602 montibus
1395 564 1553 601 nivosis
1568 565 1767 601 nascitur.

172 676 174 678 ·
193 660 558 714 Qualitates
582 670 620 703 et
643 671 813 705 usus.
872 665 977 700 Mire
1000 664 1268 707 qualitatibus
1286 668 1323 700 et
1342 664 1488 700 virtute
1504 663 1751 700 conveniunt
1770 664 1878 699 ordi-

52 724 119 762 nis
135 735 230 761 vere
249 726 449 760 naturalis
469 726 629 766 stirpes.
674 726 773 759 Nam
792 721 1036 757 substantiis
1053 721 1291 756 extractivis
1309 722 1479 767 amaris,
1513 725 1549 757 et
1572 723 1681 766 oleo,
1714 722 1818 762 quod
1835 721 1877 756 in

53 782 305 817 diversarum
325 781 500 823 partium
517 780 727 824 glandulis
750 782 949 814 secretum
973 781 1137 820 gerunt,
1172 780 1360 812 aethereo
1383 778 1571 813 virtutem
1596 779 1742 812 debent
1763 780 1879 813 robo-

56 842 209 874 rantem
228 842 264 873 et
281 838 577 881 stimulantem,
603 841 639 871 et
656 845 709 871 ex
726 835 858 871 acidis
876 834 1043 878 liberis,
1067 833 1209 868 citrico
1227 837 1263 868 et
1282 834 1448 882 malico,
1476 833 1639 877 quaein
1662 837 1876 869 baccarum

52 897 179 939 pulpa
197 895 387 939 resident,
412 894 494 927 vim
512 896 693 934 repetunt
710 890 1098 934 antiplllogisticam,
1123 889 1402 925 antibiliosam
1419 894 1454 926 et
1473 890 1779 934 ant-isepticam,
1805 899 1882 926 nec

54 961 131 986 non
150 950 477 992 antiquissimam
494 949 598 983 inter
615 946 850 982 fructiferas
867 949 1031 981 arbores
1048 946 1220 993 famam,
1254 950 1290 981 et
1307 946 1508 991 ingentem
1525 947 1739 983 hodiedum
1763 957 1881 983 usum

53 1012 90 1042 et
110 1007 337 1041 utilitatem.
390 999 655 1039 Amantium
680 1007 717 1039 et
736 1002 882 1037 Cicras
899 1002 1031 1037 variis
1048 1012 1119 1045 per
1137 1006 1335 1038 terrarum
1353 1007 1487 1040 orbem
1506 1004 1602 1039 fatis
1620 1007 1883 1052 propagatae,

53 1062 282 1099 numerosis
299 1062 417 1096 hodie
436 1061 575 1101 formis
593 1061 632 1096 in
651 1062 816 1102 Europa
838 1059 1136 1095 mediterranea
1159 1059 1322 1105 vivunt,
1355 1062 1559 1102 longaeva
1582 1063 1744 1096 cultura
1765 1069 1882 1096 man-

54 1123 209 1156 suetae.
273 1116 418 1152 Citrus
444 1111 708 1152 Amantium
732 1117 851 1152 Linn.
885 1115 1132 1160 (Nagrunga
1149 1112 1349 1160 Suasa-tn,
1383 1118 1562 1163 orange,
1592 1118 1883 1165 Pomeranze]‚

53 1175 489 1220 quadragintapedalis
506 1177 638 1220 arbor,
663 1175 770 1217 apud
785 1175 908 1209 Indos
925 1176 1069 1215 sponte
1085 1181 1162 1208 sua
1178 1172 1376 1219 nascitur,
1408 1173 1450 1209 in
1467 1174 1702 1217 regionibus
1721 1174 1886 1216 tropicis

54 1237 93 1269 et
118 1232 385 1267 calidioribus
411 1231 534 1267 totius
562 1231 671 1266 orbis
696 1233 770 1267 sub
796 1230 861 1265 dio
884 1232 997 1273 sata,
1030 1228 1148 1264 nobis
1172 1229 1215 1264 in
1238 1229 1519 1265 hibernaculis
1543 1239 1568 1265 a
1586 1233 1727 1266 bruma
1744 1231 1886 1266 defen-

55 1291 200 1325 denda.
260 1291 461 1324 Malorum
478 1288 583 1323 inter
598 1296 846 1327 congeneres
872 1285 1151 1333 feracissima,
1181 1286 1425 1328 multiplicis
1451 1287 1572 1322 etiam
1596 1287 1639 1322 in
1662 1291 1748 1323 arte
1771 1290 1886 1323 salu-

56 1346 133 1383 tari
151 1345 352 1381 utilitatis.
398 1347 500 1380 Nam
520 1344 619 1380 folia
638 1341 784 1386 (Folia
799 1338 1140 1384 Aur-cmlioram)
1154 1365 1164 1385 ‚
1197 1351 1218 1378 e
1235 1344 1453 1385 superstite
1472 1343 1675 1379 terminali
1692 1344 1887 1386 pinnatae

56 1403 213 1439 frondis
244 1402 402 1445 foliolo‚
441 1410 566 1444 supra
600 1401 790 1443 petiolum
821 1403 977 1435 alatum
1006 1400 1244 1446 articulato,
1277 1400 1523 1445 composita,
1558 1403 1723 1443 pulchro
1753 1401 1887 1436 virore

55 1459 248 1504 nitentia,
282 1458 417 1493 odoris
433 1459 526 1493 dum
544 1462 727 1493 teruntur
742 1457 974 1501 gratissime
991 1456 1206 1492 aromatici
1229 1460 1268 1493 et
1292 1458 1453 1500 saporis
1477 1457 1885 1503 aromatico-amari,

56 1517 139 1552 vim
170 1516 448 1551 stimulantem
479 1518 518 1550 et>
548 1515 692 1550 leniter
723 1517 978 1549 roborantem
1006 1516 1222 1559 exserunt,
1262 1513 1400 1561 nervis
1432 1514 1656 1549 debilitatis
1686 1515 1889 1557 imprimis

58 1573 243 1610 amicam.
302 1571 636 1606 Jucundissimus
668 1573 892 1614 petalorum
911 1566 1107 1612 (Floram
1130 1565 1339 1615 Naphae)
1368 1571 1484 1617 odor,
1517 1581 1538 1606 e
1569 1571 1717 1613 quibus
1748 1571 1891 1606 destil-

57 1629 210 1666 latione
242 1630 375 1664 oleum
406 1631 639 1664 aethereum
671 1625 825 1669 (oleum
851 1623 1016 1670 Nerolz')
1052 1631 1089 1662 et
1122 1636 1239 1672 aqua
1268 1623 1459 1672 Nuptiae
1490 1627 1705 1664 obtinetur.
1763 1629 1891 1663 Poma.

58 1686 273 1722 immatura
298 1685 561 1720 amarissima
583 1688 698 1731 sunt;
730 1685 937 1720 detractus
961 1687 1036 1719 sub
1060 1683 1295 1719 maturitate
1320 1689 1458 1719 cortex
1484 1680 1690 1725 (Flac-edo
1716 1683 1891 1719 corticis

58 1737 394 1784 Aarmnmrum)
422 1741 501 1776 olei
525 1750 674 1785 magna
697 1736 815 1783 copia
841 1744 991 1785 turget,
1024 1744 1060 1775 et
1084 1750 1136 1775 ex
1160 1740 1343 1775 admixta
1372 1741 1605 1776 substantia
1635 1750 1778 1777 amara
1807 1741 1892 1778 vim

58 1800 337 1836 stimulantem
370 1803 406 1834 et
439 1801 692 1833 roborantem
716 1797 881 1842 repetit,
915 1796 1155 1841 digestionis
1180 1792 1345 1840 organis
1366 1797 1630 1833 labefactatis
1655 1801 1893 1834 salutarem.

58 1858 106 1893 In
142 1855 363 1899 spongiosa
399 1854 590 1890 interiore
620 1853 784 1889 corticis
815 1853 1013 1897 pellicula
1041 1853 1276 1889 substantia
1304 1854 1531 1897 peculiaris
1563 1851 1891 1900 (Hesperidma)

61 1912 291 1953 subdubiae
313 1911 467 1947 indolis
497 1911 661 1947 residet.
719 1912 856 1954 Pulpa
884 1910 1086 1953 peculiari
1117 1910 1344 1956 acidorum,
1376 1910 1509 1946 citrici
1539 1914 1578 1946 et
1608 1912 1768 1958 malici,
1801 1921 1893 1949 cum

61 1972 278 2016 sacellam,
318 1968 490 2016 gummi,
522 1968 733 2004 albumina
758 1972 796 2003 et
819 1967 981 2004 salibus
1005 1967 1178 2002 miscela
1200 1968 1341 2011 gustui
1363 1967 1604 2011 gratissima
1627 1972 1702 2005 est.
1761 1971 1896 2005 Multa

62 2022 268 2062 fructuum
298 2025 440 2068 stirpis
471 2027 606 2060 cultae
628 2024 810 2060 varietas
834 2027 872 2059 et
897 2023 1060 2059 diversa
1084 2023 1278 2067 dignatio.
1338 2026 1449 2060 Inter
1473 2034 1720 2069 congeneres
1747 2023 1895 2060 Citrus

61 2081 294 2118 decumana
312 2081 429 2117 Linn.
449 2080 751 2130 (PompelmuS,
784 2079 1016 2129 Shaddok),
1041 2079 1147 2116 inter
1163 2081 1338 2126 tropicos
1353 2081 1513 2125 passim
1529 2083 1658 2130 culta,
1686 2081 1892 2119 fructibus

64 2140 256 2178 maximis
281 2141 525 2175 celebratur.

208 2224 354 2260 Citrus
379 2222 541 2260 medica
563 2224 685 2263 Linn.
708 2223 936 2269 (Nimbuka
953 2221 1151 2271 Sanslcr„
1185 2224 1368 2273 Citrone,
1398 2224 1591 2270 Limone)
1614 2236 1706 2264 cum
1727 2226 1897 2263 Auran-

65 2282 134 2320 tiis
163 2284 320 2327 passim
350 2283 519 2329 seritur,
558 2283 774 2319 innumera
802 2284 1020 2320 varietate.
1077 2284 1300 2319 Fructuum
1330 2288 1468 2319 cortex
1501 2280 1686 2330 (flavedo
1721 2283 1897 2319 corticis

68 2339 198 2384 Citrzy
219 2344 255 2376 et
274 2343 424 2383 pulpae
440 2349 589 2376 succus
606 2340 648 2375 in
664 2340 910 2376 medicorum
926 2350 1007 2376 usu
1023 2343 1098 2376 est.
1129 2341 1206 2376 Ille
1223 2342 1310 2375 oleo
1328 2343 1516 2376 aethereo
1537 2338 1660 2383 (oleo
1679 2339 1728 2375 de
1741 2339 1895 2384 Cedro)

67 2401 105 2434 et
127 2397 383 2433 substantiae
407 2406 573 2433 amarae
595 2397 677 2433 vim
702 2397 981 2432 stimulantem
1013 2400 1052 2432 et
1080 2399 1352 2442 roborantem,
1386 2398 1473 2445 bic,
1504 2398 1827 2441 frequentissimi
1856 2398 1900 2434 in

68 2456 248 2498 parando
266 2456 361 2496 potu
377 2453 540 2489 acidulo
559 2457 595 2489 et
613 2453 655 2488 in
672 2454 910 2489 condiendis
928 2453 1032 2489 cib1s
1057 2463 1179 2498 usus,
1211 2453 1344 2488 acidis
1367 2453 1506 2489 citrico
1531 2458 1570 2490 et
1593 2455 1742 2491 malico
1767 2455 1900 2491 virtu-

68 2515 146 2546 tem
176 2509 484 2554 refrigerantem
515 2514 553 2545 et
583 2509 869 2553 antisepticam
903 2511 1030 2546 debet.
1089 2510 1267 2557 Seminis
1291 2511 1441 2557 amari,
1473 2510 1569 2546 olim
1592 2511 1699 2547 inter
1721 2512 1902 2548 remedia

70 2567 206 2602 tonica
223 2566 415 2611 admissi,
448 2576 548 2601 usus
565 2569 844 2603 exoletus-est.
903 2567 1103 2604 Corticem
1128 2566 1282 2603 radicis
1307 2569 1444 2603 cultae
1465 2567 1510 2604 in
1524 2568 1717 2605 America
1738 2569 1899 2606 arboris

70 2623 288 2661 medicinis
306 2622 520 2666 febrifugis
537 2624 817 2660 adnumerant.

209 2708 378 2743 Praeter
392 2708 640 2744 Aut-antium
664 2711 702 2744 et
719 2709 871 2745 Citrum
895 2710 1121 2753 complures
1146 2708 1301 2746 ordinis
1325 2708 1476 2753 stirpes
1501 2712 1548 2746 ob
1575 2709 1732 2747 fructus
1755 2712 1898 2748 edules

71 2765 179 2808 apud
196 2765 318 2800 Indos
336 2768 374 2800 et
389 2765 514 2800 Sinas
530 2765 572 2800 in
589 2766 719 2801 hortis
736 2768 915 2802 aluntur.
973 2767 1038 2801 Ex
1053 2766 1120 2802 his
1141 2763 1355 2811 Glycomae's
1372 2765 1589 2816 citraefolae‘a
1603 2768 1738 2804 Lindi.
1752 2795 1762 2814 ,
1800 2765 1901 2803 Tri-

62 2819 224 2868 phasz‘a
251 2819 476 2869 trifolium
497 2822 599 2869 Dc„
632 2818 821 2856 Feronia
839 2819 1125 2868 Elephantum
1152 2824 1284 2870 Corn,
1315 2818 1452 2870 Aegle
1475 2821 1707 2858 Marmelos
1726 2825 1836 2861 Corr.
1863 2830 1904 2872 et

76 2875 234 2913 σουλ-ἑοῖ
256 2881 470 2924 punctam
494 2880 664 2915 Sonner.
683 2878 902 2924 (Wampi)
927 2879 1197 2916 nominandae
1221 2884 1329 2916 sunt.
1388 2877 1601 2914 Feroniae
1625 2881 1726 2917 folia
1749 2881 1792 2917 in
1815 2891 1903 2917 mo-

72 2936 163 2971 dum
183 2935 370 2971 foliorum
386 2936 581 2972 Aurantii
605 2936 861 2973 adhibentur.
920 2938 986 2972 Ex
1008 2936 1139 2972 inciso
1163 2940 1304 2972 trunco
1330 2947 1481 2974 succus
1504 2940 1737 2982 glutinosus
1759 2937 1902 2983 effluit,

74 2992 142 3035 qui
172 2992 352 3028 siccatus
385 2992 545 3027 Gummi
575 2993 731 3028 arabici
762 2995 852 3028 loco
883 2993 1110 3029 adhibetur.
1167 2988 1321 3040 Aeg-les
1352 2992 1474 3038 [Bel]
1507 2994 1666 3030 fructus
1697 2995 1905 3031 Immaturi

75 3050 275 3084 adversus
292 3049 529 3084 diarrhoeas
546 3053 583 3085 et
601 3050 642 3084 in
660 3051 832 3085 Cholera
849 3051 1105 3086 adhibentur.
1166 3051 1325 3087 Cortice
1346 3051 1499 3087 radicis
1525 3051 1791 3095 digestionem
1814 3061 1906 3087 cor-

75 3105 224 3149 rigere,
259 3104 370 3140 foliis
401 3108 562 3141 asthma
590 3115 741 3142 sanare
769 3111 977 3152 satagunt.
1036 3108 1263 3144 Baccarum
1294 3112 1433 3143 cortex
1463 3109 1747 3155 adstringens,
1779 3108 1904 3149 flavo-

76 3161 304 3197 tinctorius.
376 3162 632 3198 Glutinosam
669 3166 835 3206 pulpam
872 3164 1032 3200 semina
1060 3164 1303 3201 vestientem
1334 3164 1442 3201 calci
1470 3165 1706 3212 arenariae,
1751 3174 1833 3208 qua
1860 3165 1905 3201 in

77 3217 365 3254 construendis
381 3218 552 3254 aedibus
568 3223 756 3268 utuntur,
787 3221 1016 3257 addendam
1032 3225 1189 3265 putant.

219 3313 440 3350 Limeniae
463 3315 712 3352 crenulatae
729 3320 859 3356 Roxb.
885 3319 1041 3357 fructus
1065 3318 1458 3356 aromatico-amari
1480 3319 1648 3357 remedii
1663 3320 1905 3359 stomachici

79 3376 186 3420 loco,
217 3373 337 3408 radix
352 3374 551 3409 adversus
567 3374 851 3412 intestinorum
867 3377 1039 3413 tormina
1054 3377 1280 3413 adhibetur.
1341 3377 1499 3412 Similis
1516 3381 1734 3413 baccarum
1750 3381 1789 3413 et
1811 3387 1902 3414 cor-

80 3429 173 3465 ticis
186 3423 432 3463 Atalantae
448 3428 742 3477 monophyllae
757 3433 841 3469 Dc.
857 3442 959 3470 usus
974 3437 1048 3470 est.
1093 3432 1311 3480 Bergerae
1329 3430 1506 3480 Kb‘m‘gz'i
1516 3434 1638 3471 Linn.
1655 3433 1769 3470 foliis
1785 3436 1907 3471 odore

79 3486 266 3528 hepatico
299 3486 496 3531 gravibus
525 3487 637 3526 cibos
667 3488 874 3527 condiunt.
931 3491 1208 3529 Plurimarum
1237 3490 1429 3527 materies
1460 3490 1608 3529 duritie
1630 3494 1671 3528 et
1694 3492 1906 3528 duratione

81 3546 311 3586 praestans.
