<?xml version="1.0" encoding="UTF-8"?>
<!DOCTYPE html PUBLIC "-//W3C//DTD XHTML 1.0 Transitional//EN"
    "http://www.w3.org/TR/xhtml1/DTD/xhtml1-transitional.dtd">
<html xmlns="http://www.w3.org/1999/xhtml" xml:lang="en" lang="en">
 <head>
  <title>
</title>
<meta http-equiv="Content-Type" content="text/html;charset=utf-8" />
  <meta name='ocr-system' content='tesseract 3.04.00' />
  <meta name='ocr-capabilities' content='ocr_page ocr_carea ocr_par ocr_line ocrx_word'/>
</head>
<body>
  <div class='ocr_page' id='page_1' title='image "./enchiridionbotan00endl/enchiridionbotan00endl_0490.png"; bbox 0 0 2147 3756; ppageno 0'>
   <div class='ocr_carea' id='block_1_1' title="bbox 1075 108 1892 157">
    <p class='ocr_par' dir='ltr' id='par_1_1' title="bbox 1075 108 1892 157">
     <span class='ocr_line' id='line_1_1' title="bbox 1075 108 1892 157; baseline 0.002 -1"><span class='ocrx_word' id='word_1_1' title='bbox 1075 108 1189 157; x_wconf 74' lang='lat'>472</span> <span class='ocrx_word' id='word_1_2' title='bbox 1861 112 1892 123; x_wconf 64' lang='grc'>““</span> 
     </span>
    </p>
   </div>
   <div class='ocr_carea' id='block_1_2' title="bbox 217 274 2044 2186">
    <p class='ocr_par' dir='ltr' id='par_1_2' title="bbox 219 274 2044 1900">
     <span class='ocr_line' id='line_1_2' title="bbox 231 274 2035 330; baseline 0.005 -21"><span class='ocrx_word' id='word_1_3' title='bbox 231 274 377 322; x_wconf 68' lang='lat' dir='ltr'>Poaya</span> <span class='ocrx_word' id='word_1_4' title='bbox 401 277 459 312; x_wconf 86' lang='lat' dir='ltr'>St.</span> <span class='ocrx_word' id='word_1_5' title='bbox 477 276 558 313; x_wconf 83' lang='lat' dir='ltr'>Hit.</span> <span class='ocrx_word' id='word_1_6' title='bbox 582 276 749 321; x_wconf 77' lang='lat' dir='ltr'>(Poaya</span> <span class='ocrx_word' id='word_1_7' title='bbox 771 278 819 313; x_wconf 89' lang='lat' dir='ltr'>do</span> <span class='ocrx_word' id='word_1_8' title='bbox 844 277 1018 325; x_wconf 56' lang='lat' dir='ltr'>prava),</span> <span class='ocrx_word' id='word_1_9' title='bbox 1051 277 1267 314; x_wconf 70' lang='lat' dir='ltr'>Jone&#39;de’nm</span> <span class='ocrx_word' id='word_1_10' title='bbox 1290 277 1528 315; x_wconf 70' lang='lat' dir='ltr'>brevic-aule</span> <span class='ocrx_word' id='word_1_11' title='bbox 1551 283 1692 330; x_wconf 63' lang='lat' dir='ltr'>Mam,</span> <span class='ocrx_word' id='word_1_12' title='bbox 1724 280 1938 319; x_wconf 66' lang='lat' dir='ltr'>Jom‘dium</span> <span class='ocrx_word' id='word_1_13' title='bbox 1962 293 2035 318; x_wconf 82' lang='lat' dir='ltr'>ur-</span> 
     </span>
     <span class='ocr_line' id='line_1_3' title="bbox 230 330 2037 385; baseline 0.004 -19"><span class='ocrx_word' id='word_1_14' title='bbox 230 331 492 381; x_wconf 76' lang='lat' dir='ltr'>le&#39;caefoh&#39;um</span> <span class='ocrx_word' id='word_1_15' title='bbox 510 336 628 369; x_wconf 86' lang='lat' dir='ltr'>Mart.</span> <span class='ocrx_word' id='word_1_16' title='bbox 641 361 651 380; x_wconf 92' lang='lat'>,</span> <span class='ocrx_word' id='word_1_17' title='bbox 677 332 891 369; x_wconf 70' lang='lat' dir='ltr'>Jnm‘dium</span> <span class='ocrx_word' id='word_1_18' title='bbox 903 330 1188 380; x_wconf 76' lang='lat' dir='ltr'>parmflorum</span> <span class='ocrx_word' id='word_1_19' title='bbox 1207 339 1324 372; x_wconf 89' lang='lat' dir='ltr'>Mart.</span> <span class='ocrx_word' id='word_1_20' title='bbox 1340 336 1381 371; x_wconf 88' lang='lat' dir='ltr'>in</span> <span class='ocrx_word' id='word_1_21' title='bbox 1401 337 1602 385; x_wconf 85' lang='lat' dir='ltr'>Brasilia,</span> <span class='ocrx_word' id='word_1_22' title='bbox 1627 336 1843 374; x_wconf 73' lang='lat' dir='ltr'>Jom&#39;dz‘um</span> <span class='ocrx_word' id='word_1_23' title='bbox 1863 338 2037 374; x_wconf 75' lang='lat' dir='ltr'>Calceo-</span> 
     </span>
     <span class='ocr_line' id='line_1_4' title="bbox 227 387 2039 443; baseline 0.004 -21"><span class='ocrx_word' id='word_1_24' title='bbox 227 387 344 423; x_wconf 72' lang='lat' dir='ltr'>Iaroe&#39;a</span> <span class='ocrx_word' id='word_1_25' title='bbox 374 390 513 436; x_wconf 86' lang='lat' dir='ltr'>Vent.,</span> <span class='ocrx_word' id='word_1_26' title='bbox 546 388 761 424; x_wconf 75' lang='lat' dir='ltr'>Jum‘dium</span> <span class='ocrx_word' id='word_1_27' title='bbox 793 388 1048 425; x_wconf 70' lang='lat' dir='ltr'>ce&#39;rcaeoides</span> <span class='ocrx_word' id='word_1_28' title='bbox 1077 392 1250 442; x_wconf 16' lang='lat' dir='ltr'>Kuvnth„</span> <span class='ocrx_word' id='word_1_29' title='bbox 1281 391 1496 427; x_wconf 64' lang='lat' dir='ltr'>Jona‘da&#39;mn</span> <span class='ocrx_word' id='word_1_30' title='bbox 1521 395 1717 429; x_wconf 74' lang='lat' dir='ltr'>strictum</span> <span class='ocrx_word' id='word_1_31' title='bbox 1739 398 1880 443; x_wconf 84' lang='lat' dir='ltr'>Vent.,</span> <span class='ocrx_word' id='word_1_32' title='bbox 1912 395 2039 431; x_wconf 84' lang='lat' dir='ltr'>Jom‘-</span> 
     </span>
     <span class='ocr_line' id='line_1_5' title="bbox 226 443 2040 494; baseline 0.006 -17"><span class='ocrx_word' id='word_1_33' title='bbox 226 443 336 480; x_wconf 78' lang='lat' dir='ltr'>dium</span> <span class='ocrx_word' id='word_1_34' title='bbox 354 443 735 494; x_wconf 65' lang='lat' dir='ltr'>pr›(ygc1laefole&#39;1zttc</span> <span class='ocrx_word' id='word_1_35' title='bbox 759 447 876 481; x_wconf 90' lang='lat' dir='ltr'>Vent.</span> <span class='ocrx_word' id='word_1_36' title='bbox 909 447 1097 489; x_wconf 82' lang='lat' dir='ltr'>aliaeque</span> <span class='ocrx_word' id='word_1_37' title='bbox 1125 448 1285 491; x_wconf 85' lang='lat' dir='ltr'>species</span> <span class='ocrx_word' id='word_1_38' title='bbox 1316 448 1360 484; x_wconf 92' lang='lat' dir='ltr'>in</span> <span class='ocrx_word' id='word_1_39' title='bbox 1384 449 1541 492; x_wconf 88' lang='lat' dir='ltr'>reliqua</span> <span class='ocrx_word' id='word_1_40' title='bbox 1563 451 1757 488; x_wconf 85' lang='lat' dir='ltr'>America</span> <span class='ocrx_word' id='word_1_41' title='bbox 1787 453 2040 489; x_wconf 81' lang='lat' dir='ltr'>adhibentur.</span> 
     </span>
     <span class='ocr_line' id='line_1_6' title="bbox 226 499 2039 556; baseline 0.004 -20"><span class='ocrx_word' id='word_1_42' title='bbox 226 500 392 537; x_wconf 69' lang='lat' dir='ltr'>Jom’diae·</span> <span class='ocrx_word' id='word_1_43' title='bbox 413 499 714 547; x_wconf 67' lang='lat' dir='ltr'>lpecaczcanlea</span> <span class='ocrx_word' id='word_1_44' title='bbox 737 501 875 548; x_wconf 82' lang='lat' dir='ltr'>radix,</span> <span class='ocrx_word' id='word_1_45' title='bbox 907 501 1012 537; x_wconf 89' lang='lat' dir='ltr'>inter</span> <span class='ocrx_word' id='word_1_46' title='bbox 1034 513 1187 550; x_wconf 80' lang='lat' dir='ltr'><strong>merces</strong></span> <span class='ocrx_word' id='word_1_47' title='bbox 1213 502 1538 550; x_wconf 63' lang='lat' dir='ltr'>[pecua-ammae</span> <span class='ocrx_word' id='word_1_48' title='bbox 1561 505 1685 541; x_wconf 80' lang='lat' dir='ltr'><em>albae</em></span> <span class='ocrx_word' id='word_1_49' title='bbox 1714 508 1874 544; x_wconf 88' lang='lat' dir='ltr'>nomine</span> <span class='ocrx_word' id='word_1_50' title='bbox 1905 509 2039 556; x_wconf 81' lang='lat' dir='ltr'>obvia,</span> 
     </span>
     <span class='ocr_line' id='line_1_7' title="bbox 226 558 2040 612; baseline 0.003 -18"><span class='ocrx_word' id='word_1_51' title='bbox 226 558 353 594; x_wconf 78' lang='lat' dir='ltr'>forma</span> <span class='ocrx_word' id='word_1_52' title='bbox 371 562 448 594; x_wconf 91' lang='lat' dir='ltr'>toto</span> <span class='ocrx_word' id='word_1_53' title='bbox 466 561 576 594; x_wconf 86' lang='lat' dir='ltr'>coelo</span> <span class='ocrx_word' id='word_1_54' title='bbox 595 561 644 593; x_wconf 86' lang='lat' dir='ltr'>ab</span> <span class='ocrx_word' id='word_1_55' title='bbox 661 560 947 600; x_wconf 84' lang='lat' dir='ltr'>Ipecacuanha</span> <span class='ocrx_word' id='word_1_56' title='bbox 963 560 1225 602; x_wconf 78' lang='lat' dir='ltr'>cephaelidea</span> <span class='ocrx_word' id='word_1_57' title='bbox 1240 561 1403 597; x_wconf 86' lang='lat' dir='ltr'>diversa</span> <span class='ocrx_word' id='word_1_58' title='bbox 1420 565 1498 607; x_wconf 89' lang='lat' dir='ltr'>est,</span> <span class='ocrx_word' id='word_1_59' title='bbox 1527 571 1548 597; x_wconf 88' lang='lat' dir='ltr'>e</span> <span class='ocrx_word' id='word_1_60' title='bbox 1565 564 1698 606; x_wconf 83' lang='lat' dir='ltr'>griseo</span> <span class='ocrx_word' id='word_1_61' title='bbox 1715 564 2040 612; x_wconf 78' lang='lat' dir='ltr'>fusco-flaveris,</span> 
     </span>
     <span class='ocr_line' id='line_1_8' title="bbox 225 614 2041 666; baseline 0.003 -16"><span class='ocrx_word' id='word_1_62' title='bbox 225 615 623 658; x_wconf 86' lang='lat' dir='ltr'>radiciSaponariae</span> <span class='ocrx_word' id='word_1_63' title='bbox 640 614 885 659; x_wconf 82' lang='lat' dir='ltr'>persimilis,</span> <span class='ocrx_word' id='word_1_64' title='bbox 917 614 1025 650; x_wconf 86' lang='lat' dir='ltr'>intra</span> <span class='ocrx_word' id='word_1_65' title='bbox 1043 617 1230 653; x_wconf 90' lang='lat' dir='ltr'>corticem</span> <span class='ocrx_word' id='word_1_66' title='bbox 1248 622 1426 663; x_wconf 89' lang='lat' dir='ltr'>tenuem,</span> <span class='ocrx_word' id='word_1_67' title='bbox 1457 620 1641 666; x_wconf 90' lang='lat' dir='ltr'>mollem,</span> <span class='ocrx_word' id='word_1_68' title='bbox 1674 620 1918 666; x_wconf 87' lang='lat' dir='ltr'>farinosum,</span> <span class='ocrx_word' id='word_1_69' title='bbox 1952 630 2041 656; x_wconf 91' lang='lat' dir='ltr'>cor-</span> 
     </span>
     <span class='ocr_line' id='line_1_9' title="bbox 224 671 2040 721; baseline 0.003 -15"><span class='ocrx_word' id='word_1_70' title='bbox 224 681 301 714; x_wconf 78' lang='lat' dir='ltr'>pus</span> <span class='ocrx_word' id='word_1_71' title='bbox 332 671 513 707; x_wconf 83' lang='lat' dir='ltr'>validius</span> <span class='ocrx_word' id='word_1_72' title='bbox 543 671 769 716; x_wconf 83' lang='lat' dir='ltr'>lignosum,</span> <span class='ocrx_word' id='word_1_73' title='bbox 808 671 961 714; x_wconf 87' lang='lat' dir='ltr'>pallide</span> <span class='ocrx_word' id='word_1_74' title='bbox 990 672 1162 719; x_wconf 86' lang='lat' dir='ltr'>flavum,</span> <span class='ocrx_word' id='word_1_75' title='bbox 1195 682 1320 716; x_wconf 88' lang='lat' dir='ltr'>saepe</span> <span class='ocrx_word' id='word_1_76' title='bbox 1349 675 1604 721; x_wconf 70' lang='lat' dir='ltr'>aliquomodo</span> <span class='ocrx_word' id='word_1_77' title='bbox 1635 679 1778 711; x_wconf 89' lang='lat' dir='ltr'>tortum</span> <span class='ocrx_word' id='word_1_78' title='bbox 1809 679 2040 713; x_wconf 87' lang='lat' dir='ltr'>concelans.</span> 
     </span>
     <span class='ocr_line' id='line_1_10' title="bbox 227 726 2041 778; baseline 0.003 -17"><span class='ocrx_word' id='word_1_79' title='bbox 227 728 414 762; x_wconf 75' lang='lat' dir='ltr'>{tecentis</span> <span class='ocrx_word' id='word_1_80' title='bbox 458 727 617 762; x_wconf 86' lang='lat' dir='ltr'>odorem</span> <span class='ocrx_word' id='word_1_81' title='bbox 653 726 867 763; x_wconf 88' lang='lat' dir='ltr'>inamoene</span> <span class='ocrx_word' id='word_1_82' title='bbox 911 728 1144 764; x_wconf 85' lang='lat' dir='ltr'>acriusculo</span> <span class='ocrx_word' id='word_1_83' title='bbox 1161 750 1180 756; x_wconf 92' lang='lat'><em>-</em></span> <span class='ocrx_word' id='word_1_84' title='bbox 1196 730 1546 778; x_wconf 89' lang='lat' dir='ltr'>subnarcoticum,</span> <span class='ocrx_word' id='word_1_85' title='bbox 1597 741 1783 774; x_wconf 88' lang='lat' dir='ltr'>saporem</span> <span class='ocrx_word' id='word_1_86' title='bbox 1819 741 2041 768; x_wconf 89' lang='lat' dir='ltr'>nauseoso-</span> 
     </span>
     <span class='ocr_line' id='line_1_11' title="bbox 224 783 2042 833; baseline 0.003 -15"><span class='ocrx_word' id='word_1_87' title='bbox 224 787 540 819; x_wconf 86' lang='lat' dir='ltr'>amarescentem</span> <span class='ocrx_word' id='word_1_88' title='bbox 572 783 794 825; x_wconf 81' lang='lat' dir='ltr'>perhibent.</span> <span class='ocrx_word' id='word_1_89' title='bbox 848 783 971 823; x_wconf 63' lang='lat' dir='ltr'>&gt;Sicca</span> <span class='ocrx_word' id='word_1_90' title='bbox 1002 784 1169 821; x_wconf 89' lang='lat' dir='ltr'>inodora</span> <span class='ocrx_word' id='word_1_91' title='bbox 1199 789 1277 833; x_wconf 90' lang='lat' dir='ltr'>est,</span> <span class='ocrx_word' id='word_1_92' title='bbox 1310 790 1346 822; x_wconf 90' lang='lat' dir='ltr'>et</span> <span class='ocrx_word' id='word_1_93' title='bbox 1375 796 1561 830; x_wconf 89' lang='lat' dir='ltr'>saporem</span> <span class='ocrx_word' id='word_1_94' title='bbox 1586 783 1746 831; x_wconf 42' lang='lat' dir='ltr'>*absque</span> <span class='ocrx_word' id='word_1_95' title='bbox 1769 788 2042 824; x_wconf 82' lang='lat' dir='ltr'>amaritudine</span> 
     </span>
     <span class='ocr_line' id='line_1_12' title="bbox 224 839 2042 889; baseline 0.003 -14"><span class='ocrx_word' id='word_1_96' title='bbox 224 839 397 875; x_wconf 80' lang='lat' dir='ltr'>ostendit</span> <span class='ocrx_word' id='word_1_97' title='bbox 420 847 567 874; x_wconf 87' lang='lat' dir='ltr'>acrem.</span> <span class='ocrx_word' id='word_1_98' title='bbox 626 839 743 874; x_wconf 89' lang='lat' dir='ltr'>Hanc</span> <span class='ocrx_word' id='word_1_99' title='bbox 756 848 793 886; x_wconf 32' lang='lat' dir='ltr'>,a</span> <span class='ocrx_word' id='word_1_100' title='bbox 808 840 1011 876; x_wconf 88' lang='lat' dir='ltr'>Brasiliae</span> <span class='ocrx_word' id='word_1_101' title='bbox 1027 841 1194 889; x_wconf 88' lang='lat' dir='ltr'>incolis,</span> <span class='ocrx_word' id='word_1_102' title='bbox 1225 845 1364 879; x_wconf 90' lang='lat' dir='ltr'>eadem</span> <span class='ocrx_word' id='word_1_103' title='bbox 1380 846 1455 880; x_wconf 87' lang='lat' dir='ltr'>sub</span> <span class='ocrx_word' id='word_1_104' title='bbox 1472 843 1720 880; x_wconf 85' lang='lat' dir='ltr'>indicatione</span> <span class='ocrx_word' id='word_1_105' title='bbox 1736 853 1784 880; x_wconf 89' lang='lat' dir='ltr'>ac</span> <span class='ocrx_word' id='word_1_106' title='bbox 1801 845 1934 888; x_wconf 86' lang='lat' dir='ltr'>ipsam</span> <span class='ocrx_word' id='word_1_107' title='bbox 1949 847 2042 887; x_wconf 84' lang='lat' dir='ltr'>Ipe-</span> 
     </span>
     <span class='ocr_line' id='line_1_13' title="bbox 223 896 2043 942; baseline 0.003 -12"><span class='ocrx_word' id='word_1_108' title='bbox 223 897 474 931; x_wconf 87' lang='lat' dir='ltr'>cacuanham</span> <span class='ocrx_word' id='word_1_109' title='bbox 503 903 665 941; x_wconf 83' lang='lat' dir='ltr'>veram,</span> <span class='ocrx_word' id='word_1_110' title='bbox 693 896 897 942; x_wconf 82' lang='lat' dir='ltr'>adhiberi,</span> <span class='ocrx_word' id='word_1_111' title='bbox 928 897 1120 934; x_wconf 88' lang='lat' dir='ltr'>Martium</span> <span class='ocrx_word' id='word_1_112' title='bbox 1151 902 1354 936; x_wconf 77' lang='lat' dir='ltr'>auctorem</span> <span class='ocrx_word' id='word_1_113' title='bbox 1382 902 1592 936; x_wconf 88' lang='lat' dir='ltr'>habemus.</span> <span class='ocrx_word' id='word_1_114' title='bbox 1652 900 1823 936; x_wconf 77' lang='lat' dir='ltr'>corticis</span> <span class='ocrx_word' id='word_1_115' title='bbox 1853 911 1875 936; x_wconf 91' lang='lat' dir='ltr'>e</span> <span class='ocrx_word' id='word_1_116' title='bbox 1904 901 2043 937; x_wconf 84' lang='lat' dir='ltr'>radice</span> 
     </span>
     <span class='ocr_line' id='line_1_14' title="bbox 223 951 2041 998; baseline 0.003 -11"><span class='ocrx_word' id='word_1_117' title='bbox 223 951 357 987; x_wconf 87' lang='lat' dir='ltr'>derasi</span> <span class='ocrx_word' id='word_1_118' title='bbox 381 961 470 987; x_wconf 93' lang='lat' dir='ltr'>cum</span> <span class='ocrx_word' id='word_1_119' title='bbox 487 959 594 993; x_wconf 85' lang='lat' dir='ltr'>aqua</span> <span class='ocrx_word' id='word_1_120' title='bbox 611 952 820 987; x_wconf 84' lang='lat' dir='ltr'>duodecim</span> <span class='ocrx_word' id='word_1_121' title='bbox 836 955 1024 988; x_wconf 89' lang='lat' dir='ltr'>horarum</span> <span class='ocrx_word' id='word_1_122' title='bbox 1041 954 1173 998; x_wconf 87' lang='lat' dir='ltr'>spatio</span> <span class='ocrx_word' id='word_1_123' title='bbox 1190 955 1318 992; x_wconf 86' lang='lat' dir='ltr'>infusi</span> <span class='ocrx_word' id='word_1_124' title='bbox 1334 956 1462 992; x_wconf 91' lang='lat' dir='ltr'>dosim</span> <span class='ocrx_word' id='word_1_125' title='bbox 1478 966 1569 992; x_wconf 90' lang='lat' dir='ltr'>esse</span> <span class='ocrx_word' id='word_1_126' title='bbox 1587 957 1818 993; x_wconf 85' lang='lat' dir='ltr'>drachmam</span> <span class='ocrx_word' id='word_1_127' title='bbox 1836 957 2041 993; x_wconf 88' lang='lat' dir='ltr'>dimidiam</span> 
     </span>
     <span class='ocr_line' id='line_1_15' title="bbox 223 1008 2041 1058; baseline 0.002 -14"><span class='ocrx_word' id='word_1_128' title='bbox 223 1009 274 1044; x_wconf 89' lang='lat' dir='ltr'>ad</span> <span class='ocrx_word' id='word_1_129' title='bbox 292 1016 434 1053; x_wconf 88' lang='lat' dir='ltr'>unam,</span> <span class='ocrx_word' id='word_1_130' title='bbox 453 1008 648 1050; x_wconf 77' lang='lat' dir='ltr'>perhibet.</span> <span class='ocrx_word' id='word_1_131' title='bbox 705 1008 944 1045; x_wconf 83' lang='lat' dir='ltr'>Efficaciam</span> <span class='ocrx_word' id='word_1_132' title='bbox 960 1011 1064 1052; x_wconf 81' lang='lat' dir='ltr'>quod</span> <span class='ocrx_word' id='word_1_133' title='bbox 1080 1011 1243 1058; x_wconf 76' lang='lat' dir='ltr'>attinet,</span> <span class='ocrx_word' id='word_1_134' title='bbox 1264 1012 1437 1048; x_wconf 89' lang='lat' dir='ltr'>celerius</span> <span class='ocrx_word' id='word_1_135' title='bbox 1454 1016 1490 1048; x_wconf 92' lang='lat' dir='ltr'>et</span> <span class='ocrx_word' id='word_1_136' title='bbox 1509 1013 1681 1058; x_wconf 75' lang='lat' dir='ltr'>suavius</span> <span class='ocrx_word' id='word_1_137' title='bbox 1698 1013 1740 1048; x_wconf 91' lang='lat' dir='ltr'>in</span> <span class='ocrx_word' id='word_1_138' title='bbox 1757 1013 1939 1049; x_wconf 91' lang='lat' dir='ltr'>homines</span> <span class='ocrx_word' id='word_1_139' title='bbox 1957 1013 2041 1048; x_wconf 88' lang='lat' dir='ltr'>dis-</span> 
     </span>
     <span class='ocr_line' id='line_1_16' title="bbox 225 1063 2037 1114; baseline 0.003 -15"><span class='ocrx_word' id='word_1_140' title='bbox 225 1063 436 1107; x_wconf 80' lang='lat' dir='ltr'>positionis</span> <span class='ocrx_word' id='word_1_141' title='bbox 466 1063 704 1111; x_wconf 88' lang='lat' dir='ltr'>pituitosae,</span> <span class='ocrx_word' id='word_1_142' title='bbox 734 1066 982 1108; x_wconf 87' lang='lat' dir='ltr'>lymphatico</span> <span class='ocrx_word' id='word_1_143' title='bbox 1013 1070 1234 1109; x_wconf 84' lang='lat' dir='ltr'>systemate</span> <span class='ocrx_word' id='word_1_144' title='bbox 1265 1069 1408 1114; x_wconf 86' lang='lat' dir='ltr'>debili,</span> <span class='ocrx_word' id='word_1_145' title='bbox 1440 1070 1561 1111; x_wconf 83' lang='lat' dir='ltr'>inque</span> <span class='ocrx_word' id='word_1_146' title='bbox 1593 1070 1890 1105; x_wconf 88' lang='lat' dir='ltr'>obstructiones</span> <span class='ocrx_word' id='word_1_147' title='bbox 1915 1079 2037 1112; x_wconf 87' lang='lat' dir='ltr'>prono</span> 
     </span>
     <span class='ocr_line' id='line_1_17' title="bbox 224 1121 2040 1171; baseline 0.004 -17"><span class='ocrx_word' id='word_1_148' title='bbox 224 1122 397 1167; x_wconf 82' lang='lat' dir='ltr'>dotatos,</span> <span class='ocrx_word' id='word_1_149' title='bbox 430 1121 862 1167; x_wconf 83' lang='lat' dir='ltr'>leucophlegmaticos‚</span> <span class='ocrx_word' id='word_1_150' title='bbox 895 1131 1016 1164; x_wconf 85' lang='lat' dir='ltr'>quam</span> <span class='ocrx_word' id='word_1_151' title='bbox 1045 1122 1088 1159; x_wconf 89' lang='lat' dir='ltr'>in</span> <span class='ocrx_word' id='word_1_152' title='bbox 1118 1132 1296 1171; x_wconf 88' lang='lat' dir='ltr'>macros,</span> <span class='ocrx_word' id='word_1_153' title='bbox 1328 1125 1428 1160; x_wconf 87' lang='lat' dir='ltr'>fibra</span> <span class='ocrx_word' id='word_1_154' title='bbox 1457 1127 1576 1161; x_wconf 88' lang='lat' dir='ltr'>valde</span> <span class='ocrx_word' id='word_1_155' title='bbox 1605 1125 1796 1161; x_wconf 88' lang='lat' dir='ltr'>irritabili</span> <span class='ocrx_word' id='word_1_156' title='bbox 1820 1125 2040 1162; x_wconf 86' lang='lat' dir='ltr'>instructos</span> 
     </span>
     <span class='ocr_line' id='line_1_18' title="bbox 220 1177 2040 1226; baseline 0.002 -13"><span class='ocrx_word' id='word_1_157' title='bbox 220 1187 362 1222; x_wconf 67' lang='lat' dir='ltr'>agere,</span> <span class='ocrx_word' id='word_1_158' title='bbox 395 1177 588 1219; x_wconf 87' lang='lat' dir='ltr'>comperit</span> <span class='ocrx_word' id='word_1_159' title='bbox 617 1178 797 1224; x_wconf 85' lang='lat' dir='ltr'>amicus,</span> <span class='ocrx_word' id='word_1_160' title='bbox 830 1177 898 1220; x_wconf 84' lang='lat' dir='ltr'>qui</span> <span class='ocrx_word' id='word_1_161' title='bbox 929 1180 1019 1221; x_wconf 90' lang='lat' dir='ltr'>ejus</span> <span class='ocrx_word' id='word_1_162' title='bbox 1043 1179 1235 1215; x_wconf 87' lang='lat' dir='ltr'>virtutem</span> <span class='ocrx_word' id='word_1_163' title='bbox 1259 1184 1371 1216; x_wconf 90' lang='lat' dir='ltr'>trans</span> <span class='ocrx_word' id='word_1_164' title='bbox 1395 1190 1505 1216; x_wconf 88' lang='lat' dir='ltr'>mare</span> <span class='ocrx_word' id='word_1_165' title='bbox 1529 1181 1783 1224; x_wconf 86' lang='lat' dir='ltr'>periclitatus</span> <span class='ocrx_word' id='word_1_166' title='bbox 1807 1184 1889 1226; x_wconf 86' lang='lat' dir='ltr'>est,</span> <span class='ocrx_word' id='word_1_167' title='bbox 1921 1186 2040 1225; x_wconf 87' lang='lat' dir='ltr'>atque</span> 
     </span>
     <span class='ocr_line' id='line_1_19' title="bbox 224 1229 2043 1277; baseline 0.003 -9"><span class='ocrx_word' id='word_1_168' title='bbox 224 1243 302 1268; x_wconf 91' lang='lat' dir='ltr'>non</span> <span class='ocrx_word' id='word_1_169' title='bbox 327 1233 513 1268; x_wconf 85' lang='lat' dir='ltr'>omnibus</span> <span class='ocrx_word' id='word_1_170' title='bbox 535 1242 663 1275; x_wconf 81' lang='lat' dir='ltr'>aeque</span> <span class='ocrx_word' id='word_1_171' title='bbox 688 1243 736 1269; x_wconf 89' lang='lat' dir='ltr'>ac</span> <span class='ocrx_word' id='word_1_172' title='bbox 752 1229 1081 1277; x_wconf 85' lang='lat' dir='ltr'>Ipecacuanham</span> <span class='ocrx_word' id='word_1_173' title='bbox 1104 1245 1243 1271; x_wconf 88' lang='lat' dir='ltr'>veram</span> <span class='ocrx_word' id='word_1_174' title='bbox 1260 1237 1483 1272; x_wconf 90' lang='lat' dir='ltr'>indicatum</span> <span class='ocrx_word' id='word_1_175' title='bbox 1496 1247 1589 1273; x_wconf 88' lang='lat' dir='ltr'>esse</span> <span class='ocrx_word' id='word_1_176' title='bbox 1605 1237 1940 1273; x_wconf 86' lang='lat' dir='ltr'>medicamentum</span> <span class='ocrx_word' id='word_1_177' title='bbox 1957 1247 2043 1273; x_wconf 90' lang='lat' dir='ltr'>mo-</span> 
     </span>
     <span class='ocr_line' id='line_1_20' title="bbox 222 1287 2042 1340; baseline 0.003 -16"><span class='ocrx_word' id='word_1_178' title='bbox 222 1293 300 1326; x_wconf 88' lang='lat' dir='ltr'>net.</span> <span class='ocrx_word' id='word_1_179' title='bbox 339 1287 554 1324; x_wconf 70' lang='lat' dir='ltr'>Jom&#39;dz&#39;ccm</span> <span class='ocrx_word' id='word_1_180' title='bbox 571 1287 905 1336; x_wconf 73' lang='lat' dir='ltr'>leeteropleyllum</span> <span class='ocrx_word' id='word_1_181' title='bbox 923 1293 1061 1339; x_wconf 89' lang='lat' dir='ltr'>Vent.,</span> <span class='ocrx_word' id='word_1_182' title='bbox 1077 1292 1119 1327; x_wconf 93' lang='lat' dir='ltr'>in</span> <span class='ocrx_word' id='word_1_183' title='bbox 1139 1292 1320 1336; x_wconf 84' lang='lat' dir='ltr'>Ceylona</span> <span class='ocrx_word' id='word_1_184' title='bbox 1337 1302 1545 1340; x_wconf 85' lang='lat' dir='ltr'>crescens,</span> <span class='ocrx_word' id='word_1_185' title='bbox 1564 1293 1731 1329; x_wconf 85' lang='lat' dir='ltr'>remedii</span> <span class='ocrx_word' id='word_1_186' title='bbox 1748 1293 1906 1329; x_wconf 88' lang='lat' dir='ltr'>emetici</span> <span class='ocrx_word' id='word_1_187' title='bbox 1921 1295 2042 1330; x_wconf 85' lang='lat' dir='ltr'>laude</span> 
     </span>
     <span class='ocr_line' id='line_1_21' title="bbox 219 1343 2043 1392; baseline 0.002 -11"><span class='ocrx_word' id='word_1_188' title='bbox 219 1347 380 1390; x_wconf 79' lang='lat' dir='ltr'>gaudet.</span> <span class='ocrx_word' id='word_1_189' title='bbox 433 1344 599 1380; x_wconf 70' lang='lat' dir='ltr'>Jom‘de‘i</span> <span class='ocrx_word' id='word_1_190' title='bbox 613 1343 1011 1392; x_wconf 60' lang='lat' dir='ltr'>siffreclz&#39;cosissom.</span> <span class='ocrx_word' id='word_1_191' title='bbox 1029 1353 1068 1384; x_wconf 88' lang='lat' dir='ltr'>et</span> <span class='ocrx_word' id='word_1_192' title='bbox 1085 1350 1238 1385; x_wconf 88' lang='lat' dir='ltr'>Schult.</span> <span class='ocrx_word' id='word_1_193' title='bbox 1256 1349 1596 1392; x_wconf 87' lang='lat' dir='ltr'>ramulijuniores</span> <span class='ocrx_word' id='word_1_194' title='bbox 1615 1353 1653 1384; x_wconf 81' lang='lat' dir='ltr'>et</span> <span class='ocrx_word' id='word_1_195' title='bbox 1669 1349 1770 1385; x_wconf 87' lang='lat' dir='ltr'>folia</span> <span class='ocrx_word' id='word_1_196' title='bbox 1787 1352 1834 1385; x_wconf 91' lang='lat' dir='ltr'>ob</span> <span class='ocrx_word' id='word_1_197' title='bbox 1853 1350 2043 1386; x_wconf 88' lang='lat' dir='ltr'>virtutem</span> 
     </span>
     <span class='ocr_line' id='line_1_22' title="bbox 221 1404 2042 1451; baseline 0.003 -15"><span class='ocrx_word' id='word_1_198' title='bbox 221 1404 513 1438; x_wconf 80' lang='lat' dir='ltr'>demulcentem</span> <span class='ocrx_word' id='word_1_199' title='bbox 544 1405 660 1438; x_wconf 88' lang='lat' dir='ltr'>cocta</span> <span class='ocrx_word' id='word_1_200' title='bbox 682 1407 914 1451; x_wconf 86' lang='lat' dir='ltr'>sumuntur,</span> <span class='ocrx_word' id='word_1_201' title='bbox 947 1413 987 1439; x_wconf 91' lang='lat' dir='ltr'>v.</span> <span class='ocrx_word' id='word_1_202' title='bbox 1019 1405 1193 1440; x_wconf 81' lang='lat' dir='ltr'>contrita</span> <span class='ocrx_word' id='word_1_203' title='bbox 1214 1409 1252 1440; x_wconf 88' lang='lat' dir='ltr'>et</span> <span class='ocrx_word' id='word_1_204' title='bbox 1276 1415 1365 1441; x_wconf 92' lang='lat' dir='ltr'>cum</span> <span class='ocrx_word' id='word_1_205' title='bbox 1389 1406 1631 1441; x_wconf 82' lang='lat' dir='ltr'>substantiis</span> <span class='ocrx_word' id='word_1_206' title='bbox 1655 1406 1876 1450; x_wconf 80' lang='lat' dir='ltr'>pinguibus</span> <span class='ocrx_word' id='word_1_207' title='bbox 1899 1406 1942 1441; x_wconf 94' lang='lat' dir='ltr'>in</span> <span class='ocrx_word' id='word_1_208' title='bbox 1967 1416 2042 1442; x_wconf 90' lang='lat' dir='ltr'>un-</span> 
     </span>
     <span class='ocr_line' id='line_1_23' title="bbox 220 1460 2042 1508; baseline 0.003 -15"><span class='ocrx_word' id='word_1_209' title='bbox 220 1463 411 1503; x_wconf 78' lang='lat' dir='ltr'>guentum</span> <span class='ocrx_word' id='word_1_210' title='bbox 436 1460 617 1504; x_wconf 89' lang='lat' dir='ltr'>redacta,</span> <span class='ocrx_word' id='word_1_211' title='bbox 649 1460 905 1496; x_wconf 89' lang='lat' dir='ltr'>adhibentur.</span> <span class='ocrx_word' id='word_1_212' title='bbox 961 1462 1070 1496; x_wconf 87' lang='lat' dir='ltr'>Inter</span> <span class='ocrx_word' id='word_1_213' title='bbox 1084 1461 1252 1497; x_wconf 85' lang='lat' dir='ltr'>Violeas</span> <span class='ocrx_word' id='word_1_214' title='bbox 1270 1461 1488 1497; x_wconf 86' lang='lat' dir='ltr'>fruticosas</span> <span class='ocrx_word' id='word_1_215' title='bbox 1509 1460 1802 1508; x_wconf 68' lang='lat' dir='ltr'>Corynostylz&#39;s</span> <span class='ocrx_word' id='word_1_216' title='bbox 1817 1462 2042 1505; x_wconf 86' lang='lat' dir='ltr'>specierum</span> 
     </span>
     <span class='ocr_line' id='line_1_24' title="bbox 220 1513 2044 1564; baseline 0.002 -14"><span class='ocrx_word' id='word_1_217' title='bbox 220 1515 337 1550; x_wconf 81' lang='lat' dir='ltr'>radix</span> <span class='ocrx_word' id='word_1_218' title='bbox 351 1515 541 1550; x_wconf 80' lang='lat' dir='ltr'>virtutem</span> <span class='ocrx_word' id='word_1_219' title='bbox 558 1515 769 1551; x_wconf 85' lang='lat' dir='ltr'>emeticam</span> <span class='ocrx_word' id='word_1_220' title='bbox 786 1516 950 1552; x_wconf 84' lang='lat' dir='ltr'>exserit.</span> <span class='ocrx_word' id='word_1_221' title='bbox 1009 1513 1265 1550; x_wconf 61' lang='lat' dir='ltr'>Anclcoeteae</span> <span class='ocrx_word' id='word_1_222' title='bbox 1281 1515 1492 1552; x_wconf 71' lang='lat' dir='ltr'>salutaris</span> <span class='ocrx_word' id='word_1_223' title='bbox 1510 1520 1568 1554; x_wconf 88' lang='lat' dir='ltr'>St.</span> <span class='ocrx_word' id='word_1_224' title='bbox 1585 1519 1665 1553; x_wconf 85' lang='lat' dir='ltr'>Hit.</span> <span class='ocrx_word' id='word_1_225' title='bbox 1677 1545 1687 1564; x_wconf 90' lang='lat'>,</span> <span class='ocrx_word' id='word_1_226' title='bbox 1705 1519 1865 1554; x_wconf 85' lang='lat' dir='ltr'>fruticis</span> <span class='ocrx_word' id='word_1_227' title='bbox 1881 1519 1924 1554; x_wconf 91' lang='lat' dir='ltr'>in</span> <span class='ocrx_word' id='word_1_228' title='bbox 1940 1520 2044 1555; x_wconf 88' lang='lat' dir='ltr'>Bra-</span> 
     </span>
     <span class='ocr_line' id='line_1_25' title="bbox 219 1571 2042 1618; baseline 0.003 -12"><span class='ocrx_word' id='word_1_229' title='bbox 219 1572 317 1607; x_wconf 60' lang='lat' dir='ltr'>aitia</span> <span class='ocrx_word' id='word_1_230' title='bbox 344 1572 589 1618; x_wconf 87' lang='lat' dir='ltr'>crescentis,</span> <span class='ocrx_word' id='word_1_231' title='bbox 615 1571 735 1607; x_wconf 85' lang='lat' dir='ltr'>radix</span> <span class='ocrx_word' id='word_1_232' title='bbox 756 1574 924 1617; x_wconf 83' lang='lat' dir='ltr'>purgat,</span> <span class='ocrx_word' id='word_1_233' title='bbox 955 1572 998 1607; x_wconf 90' lang='lat' dir='ltr'>in</span> <span class='ocrx_word' id='word_1_234' title='bbox 1014 1574 1174 1608; x_wconf 90' lang='lat' dir='ltr'>modum</span> <span class='ocrx_word' id='word_1_235' title='bbox 1189 1576 1339 1612; x_wconf 86' lang='lat' dir='ltr'>herbae</span> <span class='ocrx_word' id='word_1_236' title='bbox 1354 1575 1504 1610; x_wconf 87' lang='lat' dir='ltr'>Jaceae</span> <span class='ocrx_word' id='word_1_237' title='bbox 1520 1575 1714 1610; x_wconf 85' lang='lat' dir='ltr'>nostratis</span> <span class='ocrx_word' id='word_1_238' title='bbox 1731 1575 1773 1610; x_wconf 92' lang='lat' dir='ltr'>in</span> <span class='ocrx_word' id='word_1_239' title='bbox 1790 1575 1918 1611; x_wconf 87' lang='lat' dir='ltr'>variis</span> <span class='ocrx_word' id='word_1_240' title='bbox 1935 1575 2042 1612; x_wconf 85' lang='lat' dir='ltr'>cutis</span> 
     </span>
     <span class='ocr_line' id='line_1_26' title="bbox 219 1626 2041 1684; baseline 0.002 -21"><span class='ocrx_word' id='word_1_241' title='bbox 219 1629 368 1664; x_wconf 84' lang='lat' dir='ltr'>morbis</span> <span class='ocrx_word' id='word_1_242' title='bbox 399 1628 545 1663; x_wconf 85' lang='lat' dir='ltr'>efficax</span> <span class='ocrx_word' id='word_1_243' title='bbox 575 1628 762 1664; x_wconf 90' lang='lat' dir='ltr'>creditur.</span> <span class='ocrx_word' id='word_1_244' title='bbox 821 1626 1024 1662; x_wconf 67' lang='lat' dir='ltr'>Radia-em</span> <span class='ocrx_word' id='word_1_245' title='bbox 1058 1627 1383 1665; x_wconf 72' lang='lat' dir='ltr'>Cuz‘chunclmllz·</span> <span class='ocrx_word' id='word_1_246' title='bbox 1410 1629 1751 1673; x_wconf 82' lang='lat' dir='ltr'>(Cuicnuncnulli</span> <span class='ocrx_word' id='word_1_247' title='bbox 1782 1632 1829 1667; x_wconf 89' lang='lat' dir='ltr'>de</span> <span class='ocrx_word' id='word_1_248' title='bbox 1853 1631 2041 1684; x_wconf 61' lang='lat' dir='ltr'>Quenca]</span> 
     </span>
     <span class='ocr_line' id='line_1_27' title="bbox 219 1684 2041 1735; baseline 0.002 -15"><span class='ocrx_word' id='word_1_249' title='bbox 219 1686 418 1721; x_wconf 84' lang='lat' dir='ltr'>adversus</span> <span class='ocrx_word' id='word_1_250' title='bbox 441 1684 755 1727; x_wconf 85' lang='lat' dir='ltr'>elephantiasim</span> <span class='ocrx_word' id='word_1_251' title='bbox 777 1687 1075 1721; x_wconf 87' lang='lat' dir='ltr'>tuberculatam</span> <span class='ocrx_word' id='word_1_252' title='bbox 1100 1685 1211 1730; x_wconf 82' lang='lat' dir='ltr'>[Mal</span> <span class='ocrx_word' id='word_1_253' title='bbox 1235 1688 1283 1723; x_wconf 91' lang='lat' dir='ltr'>de</span> <span class='ocrx_word' id='word_1_254' title='bbox 1306 1688 1390 1723; x_wconf 89' lang='lat' dir='ltr'>San</span> <span class='ocrx_word' id='word_1_255' title='bbox 1406 1688 1587 1735; x_wconf 79' lang='lat' dir='ltr'>Lazaro,</span> <span class='ocrx_word' id='word_1_256' title='bbox 1613 1688 1826 1732; x_wconf 84' lang='lat' dir='ltr'>Cocobay)</span> <span class='ocrx_word' id='word_1_257' title='bbox 1850 1687 2041 1724; x_wconf 86' lang='lat' dir='ltr'>maximis</span> 
     </span>
     <span class='ocr_line' id='line_1_28' title="bbox 220 1741 2043 1790; baseline 0.002 -13"><span class='ocrx_word' id='word_1_258' title='bbox 220 1742 329 1785; x_wconf 82' lang='lat' dir='ltr'>apud</span> <span class='ocrx_word' id='word_1_259' title='bbox 351 1741 618 1778; x_wconf 88' lang='lat' dir='ltr'>Americanos</span> <span class='ocrx_word' id='word_1_260' title='bbox 643 1744 888 1779; x_wconf 85' lang='lat' dir='ltr'>celebratam</span> <span class='ocrx_word' id='word_1_261' title='bbox 912 1743 1126 1789; x_wconf 86' lang='lat' dir='ltr'>laudibus,</span> <span class='ocrx_word' id='word_1_262' title='bbox 1159 1753 1180 1779; x_wconf 91' lang='lat' dir='ltr'>e</span> <span class='ocrx_word' id='word_1_263' title='bbox 1197 1741 1368 1778; x_wconf 79' lang='lat' dir='ltr'>Jom&#39;dz’o</span> <span class='ocrx_word' id='word_1_264' title='bbox 1385 1741 1660 1790; x_wconf 69' lang='lat' dir='ltr'>mz&#39;crophyllo</span> <span class='ocrx_word' id='word_1_265' title='bbox 1677 1745 1822 1780; x_wconf 86' lang='lat' dir='ltr'>Humb.</span> <span class='ocrx_word' id='word_1_266' title='bbox 1845 1744 1889 1780; x_wconf 92' lang='lat' dir='ltr'>in</span> <span class='ocrx_word' id='word_1_267' title='bbox 1905 1744 2043 1780; x_wconf 87' lang='lat' dir='ltr'>Chim-</span> 
     </span>
     <span class='ocr_line' id='line_1_29' title="bbox 220 1798 2042 1846; baseline 0.002 -13"><span class='ocrx_word' id='word_1_268' title='bbox 220 1798 361 1834; x_wconf 82' lang='lat' dir='ltr'>borazi</span> <span class='ocrx_word' id='word_1_269' title='bbox 391 1798 538 1833; x_wconf 88' lang='lat' dir='ltr'>montis</span> <span class='ocrx_word' id='word_1_270' title='bbox 563 1798 770 1834; x_wconf 89' lang='lat' dir='ltr'>radicibus</span> <span class='ocrx_word' id='word_1_271' title='bbox 794 1802 1023 1846; x_wconf 90' lang='lat' dir='ltr'>crescente,</span> <span class='ocrx_word' id='word_1_272' title='bbox 1057 1799 1281 1836; x_wconf 85' lang='lat' dir='ltr'>derivatam</span> <span class='ocrx_word' id='word_1_273' title='bbox 1310 1803 1467 1843; x_wconf 83' lang='lat' dir='ltr'>putant.</span> <span class='ocrx_word' id='word_1_274' title='bbox 1525 1800 1826 1837; x_wconf 83' lang='lat' dir='ltr'>Cuchunchulli</span> <span class='ocrx_word' id='word_1_275' title='bbox 1853 1801 2042 1836; x_wconf 89' lang='lat' dir='ltr'>colorado</span> 
     </span>
     <span class='ocr_line' id='line_1_30' title="bbox 219 1852 1571 1900; baseline 0.001 -9"><span class='ocrx_word' id='word_1_276' title='bbox 219 1854 453 1891; x_wconf 82' lang='lat' dir='ltr'>Rubiaceae</span> <span class='ocrx_word' id='word_1_277' title='bbox 470 1856 635 1896; x_wconf 85' lang='lat' dir='ltr'>plantae</span> <span class='ocrx_word' id='word_1_278' title='bbox 655 1852 929 1896; x_wconf 59' lang='lat' dir='ltr'>(Micelaellae</span> <span class='ocrx_word' id='word_1_279' title='bbox 945 1855 1129 1899; x_wconf 76' lang='lat' dir='ltr'>repentis</span> <span class='ocrx_word' id='word_1_280' title='bbox 1140 1854 1184 1898; x_wconf 68' lang='lat'>2)</span> <span class='ocrx_word' id='word_1_281' title='bbox 1205 1856 1434 1900; x_wconf 84' lang='lat' dir='ltr'>fragmenta</span> <span class='ocrx_word' id='word_1_282' title='bbox 1448 1856 1571 1892; x_wconf 87' lang='lat' dir='ltr'>sistit.</span> 
     </span>
    </p>

    <p class='ocr_par' dir='ltr' id='par_1_3' title="bbox 217 1910 2044 2186">
     <span class='ocr_line' id='line_1_31' title="bbox 357 1910 2044 1958; baseline 0 -10"><span class='ocrx_word' id='word_1_283' title='bbox 357 1910 679 1948; x_wconf 87' lang='lat' dir='ltr'>Alsodinearum</span> <span class='ocrx_word' id='word_1_284' title='bbox 706 1911 838 1947; x_wconf 89' lang='lat' dir='ltr'>virtus</span> <span class='ocrx_word' id='word_1_285' title='bbox 869 1911 911 1947; x_wconf 92' lang='lat' dir='ltr'>in</span> <span class='ocrx_word' id='word_1_286' title='bbox 936 1914 1106 1947; x_wconf 88' lang='lat' dir='ltr'>obscuro</span> <span class='ocrx_word' id='word_1_287' title='bbox 1130 1915 1211 1958; x_wconf 89' lang='lat' dir='ltr'>est,</span> <span class='ocrx_word' id='word_1_288' title='bbox 1243 1921 1269 1948; x_wconf 87' lang='lat' dir='ltr'>a</span> <span class='ocrx_word' id='word_1_289' title='bbox 1291 1913 1526 1949; x_wconf 88' lang='lat' dir='ltr'>Violearum</span> <span class='ocrx_word' id='word_1_290' title='bbox 1547 1913 1706 1949; x_wconf 88' lang='lat' dir='ltr'>viribus</span> <span class='ocrx_word' id='word_1_291' title='bbox 1728 1916 1772 1948; x_wconf 87' lang='lat' dir='ltr'>ut</span> <span class='ocrx_word' id='word_1_292' title='bbox 1795 1912 1955 1948; x_wconf 85' lang='lat' dir='ltr'>videtur</span> <span class='ocrx_word' id='word_1_293' title='bbox 1978 1913 2044 1949; x_wconf 86' lang='lat' dir='ltr'>di-</span> 
     </span>
     <span class='ocr_line' id='line_1_32' title="bbox 217 1961 2043 2016; baseline 0.001 -13"><span class='ocrx_word' id='word_1_294' title='bbox 217 1977 361 2015; x_wconf 85' lang='lat' dir='ltr'>versa,</span> <span class='ocrx_word' id='word_1_295' title='bbox 378 1976 473 2003; x_wconf 91' lang='lat' dir='ltr'>nam</span> <span class='ocrx_word' id='word_1_296' title='bbox 490 1963 694 2001; x_wconf 80' lang='lat' dir='ltr'>Alsodeae</span> <span class='ocrx_word' id='word_1_297' title='bbox 711 1966 1010 2013; x_wconf 82' lang='lat' dir='ltr'>[Conohoriae)</span> <span class='ocrx_word' id='word_1_298' title='bbox 1031 1967 1172 2014; x_wconf 79' lang='lat' dir='ltr'>Cuspa</span> <span class='ocrx_word' id='word_1_299' title='bbox 1181 1970 1347 2016; x_wconf 88' lang='lat' dir='ltr'>Kunth.,</span> <span class='ocrx_word' id='word_1_300' title='bbox 1362 1970 1405 2004; x_wconf 94' lang='lat' dir='ltr'>in</span> <span class='ocrx_word' id='word_1_301' title='bbox 1415 1969 1626 2005; x_wconf 86' lang='lat' dir='ltr'>Columbia</span> <span class='ocrx_word' id='word_1_302' title='bbox 1637 1961 1885 2015; x_wconf 72' lang='lat' dir='ltr'>crescentis,</span> <span class='ocrx_word' id='word_1_303' title='bbox 1904 1973 2043 2005; x_wconf 89' lang='lat' dir='ltr'>cortex</span> 
     </span>
     <span class='ocr_line' id='line_1_33' title="bbox 218 2019 2042 2074; baseline 0 -15"><span class='ocrx_word' id='word_1_304' title='bbox 218 2029 257 2060; x_wconf 84' lang='lat' dir='ltr'>et</span> <span class='ocrx_word' id='word_1_305' title='bbox 282 2024 379 2059; x_wconf 83' lang='lat' dir='ltr'>folia</span> <span class='ocrx_word' id='word_1_306' title='bbox 401 2031 542 2058; x_wconf 85' lang='lat' dir='ltr'>amara</span> <span class='ocrx_word' id='word_1_307' title='bbox 565 2027 661 2059; x_wconf 84' lang='lat' dir='ltr'>sunt.</span> <span class='ocrx_word' id='word_1_308' title='bbox 682 2028 721 2059; x_wconf 86' lang='lat' dir='ltr'>et</span> <span class='ocrx_word' id='word_1_309' title='bbox 744 2024 1053 2069; x_wconf 84' lang='lat' dir='ltr'>adstringentia.</span> <span class='ocrx_word' id='word_1_310' title='bbox 1111 2019 1324 2061; x_wconf 82' lang='lat' dir='ltr'>Alsodeae</span> <span class='ocrx_word' id='word_1_311' title='bbox 1349 2023 1648 2069; x_wconf 79' lang='lat' dir='ltr'>(Conohoriae)</span> <span class='ocrx_word' id='word_1_312' title='bbox 1673 2024 2042 2074; x_wconf 77' lang='lat' dir='ltr'>castaneaefoliae</span> 
     </span>
     <span class='ocr_line' id='line_1_34' title="bbox 218 2075 2042 2129; baseline 0.002 -15"><span class='ocrx_word' id='word_1_313' title='bbox 218 2082 274 2116; x_wconf 85' lang='lat' dir='ltr'>St.</span> <span class='ocrx_word' id='word_1_314' title='bbox 292 2081 374 2116; x_wconf 88' lang='lat' dir='ltr'>Hil.</span> <span class='ocrx_word' id='word_1_315' title='bbox 390 2084 437 2115; x_wconf 90' lang='lat' dir='ltr'>-et</span> <span class='ocrx_word' id='word_1_316' title='bbox 460 2075 677 2115; x_wconf 75' lang='lat' dir='ltr'>Alsodeae</span> <span class='ocrx_word' id='word_1_317' title='bbox 700 2078 998 2125; x_wconf 82' lang='lat' dir='ltr'>[Conohoriae)</span> <span class='ocrx_word' id='word_1_318' title='bbox 1020 2078 1227 2116; x_wconf 83' lang='lat' dir='ltr'>Lobolobo</span> <span class='ocrx_word' id='word_1_319' title='bbox 1253 2083 1310 2118; x_wconf 88' lang='lat' dir='ltr'>St.</span> <span class='ocrx_word' id='word_1_320' title='bbox 1327 2082 1427 2129; x_wconf 90' lang='lat' dir='ltr'>Hil.,</span> <span class='ocrx_word' id='word_1_321' title='bbox 1458 2082 1685 2125; x_wconf 86' lang='lat' dir='ltr'>specierum</span> <span class='ocrx_word' id='word_1_322' title='bbox 1708 2081 1752 2117; x_wconf 92' lang='lat' dir='ltr'>in</span> <span class='ocrx_word' id='word_1_323' title='bbox 1774 2082 1957 2120; x_wconf 87' lang='lat' dir='ltr'>Brasilia</span> <span class='ocrx_word' id='word_1_324' title='bbox 1977 2082 2042 2118; x_wconf 89' lang='lat' dir='ltr'>in-</span> 
     </span>
     <span class='ocr_line' id='line_1_35' title="bbox 219 2135 1785 2186; baseline 0.003 -15"><span class='ocrx_word' id='word_1_325' title='bbox 219 2137 458 2181; x_wconf 80' lang='lat' dir='ltr'>digenarum</span> <span class='ocrx_word' id='word_1_326' title='bbox 468 2162 480 2185; x_wconf 89' lang='lat'>,</span> <span class='ocrx_word' id='word_1_327' title='bbox 511 2135 611 2174; x_wconf 85' lang='lat' dir='ltr'>folia</span> <span class='ocrx_word' id='word_1_328' title='bbox 626 2145 815 2186; x_wconf 74' lang='lat' dir='ltr'>mucosa,</span> <span class='ocrx_word' id='word_1_329' title='bbox 846 2140 960 2174; x_wconf 90' lang='lat' dir='ltr'>cocta</span> <span class='ocrx_word' id='word_1_330' title='bbox 975 2146 1002 2173; x_wconf 88' lang='lat' dir='ltr'>a</span> <span class='ocrx_word' id='word_1_331' title='bbox 1014 2138 1185 2182; x_wconf 84' lang='lat' dir='ltr'>Nigritis</span> <span class='ocrx_word' id='word_1_332' title='bbox 1203 2138 1309 2176; x_wconf 89' lang='lat' dir='ltr'>inter</span> <span class='ocrx_word' id='word_1_333' title='bbox 1324 2139 1495 2176; x_wconf 79' lang='lat' dir='ltr'>obsonia</span> <span class='ocrx_word' id='word_1_334' title='bbox 1510 2139 1785 2176; x_wconf 83' lang='lat' dir='ltr'>comeduntur.</span> 
     </span>
    </p>
   </div>
   <div class='ocr_carea' id='block_1_3' title="bbox 613 2287 1646 2347">
    <p class='ocr_par' dir='ltr' id='par_1_4' title="bbox 613 2287 1646 2347">
     <span class='ocr_line' id='line_1_36' title="bbox 613 2287 1646 2347; baseline -0.001 -12"><span class='ocrx_word' id='word_1_335' title='bbox 613 2289 783 2335; x_wconf 73' lang='lat' dir='ltr'>ordo</span> <span class='ocrx_word' id='word_1_336' title='bbox 815 2287 1092 2336; x_wconf 77' lang='lat' dir='ltr'>cxclss.</span> <span class='ocrx_word' id='word_1_337' title='bbox 1151 2287 1646 2347; x_wconf 77' lang='lat' dir='ltr'>Sauvagesieae.</span> 
     </span>
    </p>
   </div>
   <div class='ocr_carea' id='block_1_4' title="bbox 217 2386 2042 3525">
    <p class='ocr_par' dir='ltr' id='par_1_5' title="bbox 217 2386 2042 3525">
     <span class='ocr_line' id='line_1_37' title="bbox 360 2386 2038 2452; baseline 0.002 -17"><span class='ocrx_word' id='word_1_338' title='bbox 360 2386 652 2452; x_wconf 77' lang='lat' dir='ltr'>Suffi·2ctz‘ees</span> <span class='ocrx_word' id='word_1_339' title='bbox 698 2389 994 2452; x_wconf 78' lang='lat' dir='ltr'>glaberrimi,</span> <span class='ocrx_word' id='word_1_340' title='bbox 1041 2392 1193 2439; x_wconf 88' lang='lat' dir='ltr'>rarius</span> <span class='ocrx_word' id='word_1_341' title='bbox 1230 2392 1413 2440; x_wconf 72' lang='lat' dir='ltr'>herbae</span> <span class='ocrx_word' id='word_1_342' title='bbox 1447 2386 1657 2451; x_wconf 82' lang='lat' dir='ltr'>annuae,</span> <span class='ocrx_word' id='word_1_343' title='bbox 1705 2391 1841 2439; x_wconf 90' lang='lat' dir='ltr'>caule</span> <span class='ocrx_word' id='word_1_344' title='bbox 1879 2392 2038 2450; x_wconf 86' lang='lat' dir='ltr'>tereti,</span> 
     </span>
     <span class='ocr_line' id='line_1_38' title="bbox 221 2460 2042 2526; baseline 0.001 -20"><span class='ocrx_word' id='word_1_345' title='bbox 221 2460 469 2517; x_wconf 87' lang='lat' dir='ltr'>continuo,</span> <span class='ocrx_word' id='word_1_346' title='bbox 517 2460 717 2523; x_wconf 86' lang='lat' dir='ltr'>simplici</span> <span class='ocrx_word' id='word_1_347' title='bbox 756 2478 798 2508; x_wconf 88' lang='lat' dir='ltr'>v.</span> <span class='ocrx_word' id='word_1_348' title='bbox 832 2478 1036 2509; x_wconf 87' lang='lat' dir='ltr'>ramoso.</span> <span class='ocrx_word' id='word_1_349' title='bbox 1111 2464 1255 2510; x_wconf 65' lang='lat' dir='ltr'>Folia</span> <span class='ocrx_word' id='word_1_350' title='bbox 1293 2463 1498 2520; x_wconf 88' lang='lat' dir='ltr'>alterna,</span> <span class='ocrx_word' id='word_1_351' title='bbox 1545 2479 1704 2526; x_wconf 86' lang='lat' dir='ltr'>sparsa</span> <span class='ocrx_word' id='word_1_352' title='bbox 1743 2479 1787 2510; x_wconf 84' lang='lat' dir='ltr'>v.</span> <span class='ocrx_word' id='word_1_353' title='bbox 1818 2463 2042 2526; x_wconf 54' lang='lat' dir='ltr'>approxi÷</span> 
     </span>
     <span class='ocr_line' id='line_1_39' title="bbox 219 2529 2041 2596; baseline 0.002 -20"><span class='ocrx_word' id='word_1_354' title='bbox 219 2540 363 2588; x_wconf 84' lang='lat' dir='ltr'>mata,</span> <span class='ocrx_word' id='word_1_355' title='bbox 399 2529 630 2577; x_wconf 86' lang='lat' dir='ltr'>interdurn</span> <span class='ocrx_word' id='word_1_356' title='bbox 664 2532 880 2578; x_wconf 86' lang='lat' dir='ltr'>conferta</span> <span class='ocrx_word' id='word_1_357' title='bbox 912 2541 959 2579; x_wconf 87' lang='lat' dir='ltr'>et</span> <span class='ocrx_word' id='word_1_358' title='bbox 990 2532 1258 2591; x_wconf 84' lang='lat' dir='ltr'>imbricata,</span> <span class='ocrx_word' id='word_1_359' title='bbox 1292 2534 1550 2596; x_wconf 89' lang='lat' dir='ltr'>simplicia,</span> <span class='ocrx_word' id='word_1_360' title='bbox 1585 2534 1796 2596; x_wconf 84' lang='lat' dir='ltr'>integra,</span> <span class='ocrx_word' id='word_1_361' title='bbox 1832 2535 2041 2595; x_wconf 86' lang='lat' dir='ltr'>integer-</span> 
     </span>
     <span class='ocr_line' id='line_1_40' title="bbox 218 2600 2041 2667; baseline 0.001 -19"><span class='ocrx_word' id='word_1_362' title='bbox 218 2603 333 2648; x_wconf 82' lang='lat' dir='ltr'>rima</span> <span class='ocrx_word' id='word_1_363' title='bbox 380 2618 422 2648; x_wconf 88' lang='lat' dir='ltr'>v.</span> <span class='ocrx_word' id='word_1_364' title='bbox 469 2600 907 2661; x_wconf 84' lang='lat' dir='ltr'>(lentato-serrata,</span> <span class='ocrx_word' id='word_1_365' title='bbox 960 2605 1231 2667; x_wconf 87' lang='lat' dir='ltr'>saepissime</span> <span class='ocrx_word' id='word_1_366' title='bbox 1278 2605 1489 2666; x_wconf 82' lang='lat' dir='ltr'>margine</span> <span class='ocrx_word' id='word_1_367' title='bbox 1529 2604 1727 2661; x_wconf 86' lang='lat' dir='ltr'>callosa,</span> <span class='ocrx_word' id='word_1_368' title='bbox 1775 2603 2041 2650; x_wconf 84' lang='lat' dir='ltr'>lanceolata</span> 
     </span>
     <span class='ocr_line' id='line_1_41' title="bbox 219 2672 2042 2736; baseline 0 -18"><span class='ocrx_word' id='word_1_369' title='bbox 219 2682 298 2719; x_wconf 84' lang='lat' dir='ltr'>aut</span> <span class='ocrx_word' id='word_1_370' title='bbox 330 2672 549 2728; x_wconf 84' lang='lat' dir='ltr'>linearia,</span> <span class='ocrx_word' id='word_1_371' title='bbox 582 2673 912 2734; x_wconf 88' lang='lat' dir='ltr'>penninervia,</span> <span class='ocrx_word' id='word_1_372' title='bbox 945 2674 992 2720; x_wconf 92' lang='lat' dir='ltr'>in</span> <span class='ocrx_word' id='word_1_373' title='bbox 1024 2675 1248 2736; x_wconf 89' lang='lat' dir='ltr'>petiolum</span> <span class='ocrx_word' id='word_1_374' title='bbox 1280 2673 1472 2721; x_wconf 90' lang='lat' dir='ltr'>brevem</span> <span class='ocrx_word' id='word_1_375' title='bbox 1504 2682 1771 2736; x_wconf 86' lang='lat' dir='ltr'>angustata,</span> <span class='ocrx_word' id='word_1_376' title='bbox 1811 2673 2042 2720; x_wconf 89' lang='lat' dir='ltr'>subsessi-</span> 
     </span>
     <span class='ocr_line' id='line_1_42' title="bbox 218 2742 2032 2807; baseline 0.001 -18"><span class='ocrx_word' id='word_1_377' title='bbox 218 2744 280 2789; x_wconf 87' lang='lat' dir='ltr'>lia</span> <span class='ocrx_word' id='word_1_378' title='bbox 315 2759 357 2789; x_wconf 92' lang='lat' dir='ltr'>v.</span> <span class='ocrx_word' id='word_1_379' title='bbox 399 2742 641 2789; x_wconf 82' lang='lat' dir='ltr'>rarissime</span> <span class='ocrx_word' id='word_1_380' title='bbox 680 2743 885 2790; x_wconf 88' lang='lat' dir='ltr'>sessilia.</span> <span class='ocrx_word' id='word_1_381' title='bbox 961 2745 1184 2807; x_wconf 64' lang='lat' dir='ltr'>Stepzclae</span> <span class='ocrx_word' id='word_1_382' title='bbox 1216 2745 1436 2792; x_wconf 80' lang='lat' dir='ltr'>laterales</span> <span class='ocrx_word' id='word_1_383' title='bbox 1469 2745 1709 2807; x_wconf 85' lang='lat' dir='ltr'>geminae,</span> <span class='ocrx_word' id='word_1_384' title='bbox 1759 2744 2032 2806; x_wconf 83' lang='lat' dir='ltr'>saepissime</span> 
     </span>
     <span class='ocr_line' id='line_1_43' title="bbox 217 2813 2038 2878; baseline 0.001 -19"><span class='ocrx_word' id='word_1_385' title='bbox 217 2813 713 2877; x_wconf 87' lang='lat' dir='ltr'>pectinato-ciliatae,</span> <span class='ocrx_word' id='word_1_386' title='bbox 746 2815 1077 2878; x_wconf 83' lang='lat' dir='ltr'>persistentes.</span> <span class='ocrx_word' id='word_1_387' title='bbox 1152 2816 1325 2863; x_wconf 74' lang='lat' dir='ltr'>Flores</span> <span class='ocrx_word' id='word_1_388' title='bbox 1354 2816 1582 2878; x_wconf 86' lang='lat' dir='ltr'>perfecti,</span> <span class='ocrx_word' id='word_1_389' title='bbox 1615 2814 1882 2876; x_wconf 86' lang='lat' dir='ltr'>regulares,</span> <span class='ocrx_word' id='word_1_390' title='bbox 1915 2830 2038 2860; x_wconf 91' lang='lat' dir='ltr'>nunc</span> 
     </span>
     <span class='ocr_line' id='line_1_44' title="bbox 217 2884 2037 2946; baseline -0.001 -15"><span class='ocrx_word' id='word_1_391' title='bbox 217 2884 438 2931; x_wconf 81' lang='lat' dir='ltr'>axillares</span> <span class='ocrx_word' id='word_1_392' title='bbox 477 2884 677 2930; x_wconf 88' lang='lat' dir='ltr'>solitarii</span> <span class='ocrx_word' id='word_1_393' title='bbox 715 2901 758 2932; x_wconf 93' lang='lat' dir='ltr'>v.</span> <span class='ocrx_word' id='word_1_394' title='bbox 791 2886 989 2946; x_wconf 86' lang='lat' dir='ltr'>gemini,</span> <span class='ocrx_word' id='word_1_395' title='bbox 1039 2901 1160 2931; x_wconf 91' lang='lat' dir='ltr'>nunc</span> <span class='ocrx_word' id='word_1_396' title='bbox 1194 2885 1489 2942; x_wconf 84' lang='lat' dir='ltr'>terminaleS,</span> <span class='ocrx_word' id='word_1_397' title='bbox 1538 2885 1771 2930; x_wconf 89' lang='lat' dir='ltr'>racemosi</span> <span class='ocrx_word' id='word_1_398' title='bbox 1801 2900 1849 2931; x_wconf 88' lang='lat' dir='ltr'>v.</span> <span class='ocrx_word' id='word_1_399' title='bbox 1883 2885 2037 2930; x_wconf 88' lang='lat' dir='ltr'>rarius</span> 
     </span>
     <span class='ocr_line' id='line_1_45' title="bbox 217 2953 2038 3020; baseline -0.001 -18"><span class='ocrx_word' id='word_1_400' title='bbox 217 2954 496 3020; x_wconf 72' lang='lat' dir='ltr'>paniculati,</span> <span class='ocrx_word' id='word_1_401' title='bbox 541 2953 660 3011; x_wconf 85' lang='lat' dir='ltr'>albi,</span> <span class='ocrx_word' id='word_1_402' title='bbox 705 2956 833 3001; x_wconf 87' lang='lat' dir='ltr'>rosei</span> <span class='ocrx_word' id='word_1_403' title='bbox 877 2972 920 3001; x_wconf 88' lang='lat' dir='ltr'>v.</span> <span class='ocrx_word' id='word_1_404' title='bbox 966 2955 1192 3013; x_wconf 86' lang='lat' dir='ltr'>violacei,</span> <span class='ocrx_word' id='word_1_405' title='bbox 1240 2955 1340 3002; x_wconf 88' lang='lat' dir='ltr'>sive</span> <span class='ocrx_word' id='word_1_406' title='bbox 1390 2956 1455 3013; x_wconf 89' lang='lat' dir='ltr'>(in</span> <span class='ocrx_word' id='word_1_407' title='bbox 1500 2953 1870 3017; x_wconf 80' lang='lat' dir='ltr'>Luxemburgia)</span> <span class='ocrx_word' id='word_1_408' title='bbox 1915 2954 2038 3012; x_wconf 87' lang='lat' dir='ltr'>flavi,</span> 
     </span>
     <span class='ocr_line' id='line_1_46' title="bbox 217 3024 2036 3089; baseline -0.001 -17"><span class='ocrx_word' id='word_1_409' title='bbox 217 3024 495 3089; x_wconf 87' lang='lat' dir='ltr'>pedunculis</span> <span class='ocrx_word' id='word_1_410' title='bbox 526 3025 800 3088; x_wconf 89' lang='lat' dir='ltr'>plerumque</span> <span class='ocrx_word' id='word_1_411' title='bbox 833 3024 1156 3083; x_wconf 85' lang='lat' dir='ltr'>filiformibus,</span> <span class='ocrx_word' id='word_1_412' title='bbox 1198 3024 1472 3072; x_wconf 83' lang='lat' dir='ltr'>bracteatis.</span> <span class='ocrx_word' id='word_1_413' title='bbox 1551 3026 1708 3087; x_wconf 58' lang='grc' dir='ltr'>θαῖμα·</span> <span class='ocrx_word' id='word_1_414' title='bbox 1737 3025 1878 3082; x_wconf 89' lang='lat' dir='ltr'>liber,</span> <span class='ocrx_word' id='word_1_415' title='bbox 1924 3041 2036 3088; x_wconf 90' lang='lat' dir='ltr'>pro-</span> 
     </span>
     <span class='ocr_line' id='line_1_47' title="bbox 220 3094 2037 3159; baseline -0.002 -16"><span class='ocrx_word' id='word_1_416' title='bbox 220 3094 361 3143; x_wconf 84' lang='lat' dir='ltr'>funde</span> <span class='ocrx_word' id='word_1_417' title='bbox 396 3095 796 3158; x_wconf 77' lang='lat' dir='ltr'>quinquepartitus</span> <span class='ocrx_word' id='word_1_418' title='bbox 827 3111 868 3142; x_wconf 89' lang='lat' dir='ltr'>v.</span> <span class='ocrx_word' id='word_1_419' title='bbox 895 3095 1247 3159; x_wconf 85' lang='lat' dir='ltr'>pentaphyllus,</span> <span class='ocrx_word' id='word_1_420' title='bbox 1280 3095 1456 3142; x_wconf 88' lang='lat' dir='ltr'>foliolis</span> <span class='ocrx_word' id='word_1_421' title='bbox 1488 3096 1764 3158; x_wconf 83' lang='lat' dir='ltr'>aequalibus</span> <span class='ocrx_word' id='word_1_422' title='bbox 1787 3113 1828 3143; x_wconf 87' lang='lat' dir='ltr'>v.</span> <span class='ocrx_word' id='word_1_423' title='bbox 1857 3094 2037 3141; x_wconf 90' lang='lat' dir='ltr'>duobus</span> 
     </span>
     <span class='ocr_line' id='line_1_48' title="bbox 221 3164 2035 3229; baseline -0.002 -15"><span class='ocrx_word' id='word_1_424' title='bbox 221 3165 538 3214; x_wconf 81' lang='lat' dir='ltr'>exterioribus</span> <span class='ocrx_word' id='word_1_425' title='bbox 570 3165 840 3211; x_wconf 87' lang='lat' dir='ltr'>lateralibus</span> <span class='ocrx_word' id='word_1_426' title='bbox 871 3164 1102 3212; x_wconf 89' lang='lat' dir='ltr'>interdum</span> <span class='ocrx_word' id='word_1_427' title='bbox 1134 3165 1416 3223; x_wconf 89' lang='lat' dir='ltr'>minoribus,</span> <span class='ocrx_word' id='word_1_428' title='bbox 1467 3168 1710 3222; x_wconf 88' lang='lat' dir='ltr'>concavis,</span> <span class='ocrx_word' id='word_1_429' title='bbox 1757 3165 2035 3229; x_wconf 86' lang='lat' dir='ltr'>quandoque</span> 
     </span>
     <span class='ocr_line' id='line_1_49' title="bbox 221 3235 2035 3299; baseline -0.002 -14"><span class='ocrx_word' id='word_1_430' title='bbox 221 3237 472 3294; x_wconf 81' lang='lat' dir='ltr'>coloratiS,</span> <span class='ocrx_word' id='word_1_431' title='bbox 517 3236 826 3284; x_wconf 88' lang='lat' dir='ltr'>aestivatione</span> <span class='ocrx_word' id='word_1_432' title='bbox 866 3236 1148 3294; x_wconf 87' lang='lat' dir='ltr'>imbricatis,</span> <span class='ocrx_word' id='word_1_433' title='bbox 1195 3236 1278 3282; x_wconf 90' lang='lat' dir='ltr'>suh</span> <span class='ocrx_word' id='word_1_434' title='bbox 1320 3236 1501 3283; x_wconf 85' lang='lat' dir='ltr'>anthesi</span> <span class='ocrx_word' id='word_1_435' title='bbox 1533 3237 1824 3299; x_wconf 86' lang='lat' dir='ltr'>patentibus,</span> <span class='ocrx_word' id='word_1_436' title='bbox 1870 3235 2035 3282; x_wconf 88' lang='lat' dir='ltr'>fructi-</span> 
     </span>
     <span class='ocr_line' id='line_1_50' title="bbox 219 3305 2037 3373; baseline -0.001 -19"><span class='ocrx_word' id='word_1_437' title='bbox 219 3309 334 3354; x_wconf 80' lang='lat' dir='ltr'>feris</span> <span class='ocrx_word' id='word_1_438' title='bbox 367 3306 748 3365; x_wconf 84' lang='lat' dir='ltr'>conniventibus,</span> <span class='ocrx_word' id='word_1_439' title='bbox 796 3323 842 3355; x_wconf 76' lang='grc' dir='ltr'>ν.</span> <span class='ocrx_word' id='word_1_440' title='bbox 878 3306 946 3373; x_wconf 88' lang='lat' dir='ltr'>(in</span> <span class='ocrx_word' id='word_1_441' title='bbox 978 3306 1345 3369; x_wconf 81' lang='lat' dir='ltr'>Luxemburgia)</span> <span class='ocrx_word' id='word_1_442' title='bbox 1380 3305 1617 3356; x_wconf 76' lang='lat' dir='ltr'>deciduis,</span> <span class='ocrx_word' id='word_1_443' title='bbox 1699 3307 1924 3354; x_wconf 85' lang='lat' dir='ltr'>Corollae</span> <span class='ocrx_word' id='word_1_444' title='bbox 1953 3321 2037 3368; x_wconf 87' lang='lat' dir='ltr'>pe-</span> 
     </span>
     <span class='ocr_line' id='line_1_51' title="bbox 221 3375 2036 3441; baseline -0.002 -17"><span class='ocrx_word' id='word_1_445' title='bbox 221 3379 313 3425; x_wconf 79' lang='lat' dir='ltr'>tala</span> <span class='ocrx_word' id='word_1_446' title='bbox 345 3383 398 3435; x_wconf 89' lang='lat'>5,</span> <span class='ocrx_word' id='word_1_447' title='bbox 445 3378 751 3441; x_wconf 84' lang='lat' dir='ltr'>receptaculo</span> <span class='ocrx_word' id='word_1_448' title='bbox 791 3379 990 3436; x_wconf 86' lang='lat' dir='ltr'>inserta,</span> <span class='ocrx_word' id='word_1_449' title='bbox 1037 3377 1214 3441; x_wconf 87' lang='lat' dir='ltr'>calycis</span> <span class='ocrx_word' id='word_1_450' title='bbox 1245 3378 1422 3424; x_wconf 79' lang='lat' dir='ltr'>foliolis</span> <span class='ocrx_word' id='word_1_451' title='bbox 1452 3377 1656 3435; x_wconf 83' lang='lat' dir='ltr'>alterna,</span> <span class='ocrx_word' id='word_1_452' title='bbox 1681 3385 1870 3437; x_wconf 60' lang='lat' dir='ltr'>¹ovata,</span> <span class='ocrx_word' id='word_1_453' title='bbox 1920 3375 2036 3422; x_wconf 92' lang='lat' dir='ltr'>obo-</span> 
     </span>
     <span class='ocr_line' id='line_1_52' title="bbox 222 3446 2036 3525; baseline -0.002 -28"><span class='ocrx_word' id='word_1_454' title='bbox 222 3459 326 3497; x_wconf 76' lang='lat' dir='ltr'>vata</span> <span class='ocrx_word' id='word_1_455' title='bbox 353 3466 396 3496; x_wconf 77' lang='lat' dir='ltr'>v.</span> <span class='ocrx_word' id='word_1_456' title='bbox 425 3448 709 3508; x_wconf 82' lang='lat' dir='ltr'>lanceolata,</span> <span class='ocrx_word' id='word_1_457' title='bbox 742 3447 1015 3525; x_wconf 68' lang='lat' dir='ltr'>brevissime</span> <span class='ocrx_word' id='word_1_458' title='bbox 1042 3448 1365 3510; x_wconf 84' lang='lat' dir='ltr'>unguiculata,</span> <span class='ocrx_word' id='word_1_459' title='bbox 1398 3448 1708 3496; x_wconf 86' lang='lat' dir='ltr'>aestivatione</span> <span class='ocrx_word' id='word_1_460' title='bbox 1742 3446 2036 3495; x_wconf 85' lang='lat' dir='ltr'>dextrorsum</span> 
     </span>
    </p>
   </div>
  </div>
 </body>
</html>
