2147 3756
291 285 413 321 4583.
446 283 761 320 Ar‹·eutnobium
783 280 988 318 Bae‘eberst.

504 332 818 365 Razoumowskia
840 331 985 377 llagll'm.

289 385 413 420 4584.
443 383 612 419 Viscum
638 381 839 432 Tourms.

348 445 386 466 α.
412 431 557 464 Euixos
575 432 688 465 Endl.

348 475 381 508 b.
407 474 606 507 l'loiuixia
625 472 768 507 Korrh.

347 528 378 551 c.
405 517 610 559 Aspidixia
632 516 768 550 Korth.

349 562 384 594 (I.
413 559 706 602 Baratostachys
723 558 865 593 Korth.

289 606 413 661 4582}
447 611 638 646 Ginalloa
654 607 816 646 Kortlt.

288 668 412 703 4585.
444 667 602 710 Tupeia
621 664 765 703 eham.
783 671 821 703 et.
838 662 950 700 Schl.

290 726 414 761 4586.
443 725 674 760 Loranthus
695 721 815 758 Le'nn.

501 772 690 805 Lonicera
705 772 834 806 Plum.

503 813 780 847 Helixanthera
801 814 913 849 Lour.

502 855 685 889 Scin-ruia
705 856 800 889 Doti.

1036 87 1154 161 599
1180 175 1185 178 ³

1288 273 1333 320 f.
1359 273 1627 325 Tapinnnthus
1646 274 1773 310 Blum.

1452 317 1756 352 lichtcnstcinia
1779 318 1813 351 l!
1819 316 1930 355 end?-

1449 359 1645 402 Moquinia
1666 360 1831 405 ὕμνους.
1843 362 1888 407 s.

1297 418 1335 452 g
1362 407 1391 441 1
1397 409 1609 442 oxanthera
1626 409 1755 443 Blum.

1298 458 1335 493 11.
1360 458 1650 493 Psittacanthus
1668 459 1790 492 ,Μαι-ι,

1369 501 1746 556 „Fupsittacanthus
1764 503 1877 537 F.n‹11

1337 544 1377 588 β.
1405 544 1439 577 'l
1445 556 1484 586 ry
1491 544 1701 586 gonanthus
1718 545 1832 579 Endl.

1294 592 1321 627 ἰ.
1347 593 1554 627 Phthirusa
1569 593 1694 627 ΙΙΙαιη(

1294 641 1330 677 lc.
1356 643 1608 685 Elythranthe
1627 644 1750 677 DInrt.

1296 692 1322 726 l.
1347 692 1588 727 Macrosolen
1608 693 1737 726 mum.

1279 752 1330 775 ηι.
1350 742 1550 776 Tristerix
1570 743 1694 778 ,Mai-t.

1292 802 1330 824 u.
1358 791 1591 835 Spirostylis
1611 792 1729 826 Presl.

1293 851 1328 875 o.
1354 841 1628 875 Struthanttms
1646 842 1770 877 Marc.

1288 900 1334 935 p.
1361 891 1668 934 Lepeostegeres
1689 892 1816 926 Blmn.

1297 952 1330 985 q.
1359 939 1628 984 Tolypanthus
1646 942 1775 975 Illum.

1237 991 1362 1027 4587.
1393 992 1570 1035 Nustsia
1592 990 1639 1028 R.
1658 991 1735 1028 ΒΓ.

500 898 741 931 Nutanthera
760 898 856 931 Don.

503 940 748 973 Gaidendron
768 940 865 974 Don.

346 994 385 1017 α.
409 981 670 1015 Eum-anthus
687 984 800 1016 Endl.

500 1025 715 1058 Loranthus
734 1025 858 1058 ,Mara

501 1067 778 1102 Bai-atranthus
798 1065 934 1101 Kortlz.

500 1109 690 1152 &Glutago
713 1110 916 1144 Commers.

349 1152 383 1187 b.
409 1153 703 1196 Dendropemou
722 1153 851 1186 Hlum.

347 1207 381 1230 c.
408 1197 633 1239 Lipotactes
653 1197 781 1230 Illum.

346 1241 382 1273 d.
409 1238 797 1272 phoenicam-hemum
816 1238 944 1273 Blum.
1141 1252 1156 1268 ν

347 1293 378 1316 e.
404 1281 708 1324 ΒειιᾶιὊῑιΙιίΙιοὲΞ
726 1283 850 1316 Mart.
1050 1293 1052 1295 ·

391 1333 433 1357 α.
461 1323 710 1357 Cichlanttms
728 1325 841 1358 End).

389 1368 431 1409 β.
456 1366 804 1411 Eudendrophthoe
821 1365 936 1402 Emll.

1141 1099 1326 1140 Genus
1359 1098 1771 1142 Loranthaceis
1804 1099 1998 1144 affine.

1240 1185 1365 1240 458⁷.
1399 1191 1585 1232 Schopfia
1604 1187 1773 1228 westreh.

1296 1249 1334 1271 α.
1361 1238 1530 1271 Cotlonia
1553 1238 1660 1272 ῙηΙιΙ.

1452 1280 1585 1314 Haenk
1592 1292 1635 1314 ea
1652 1280 1757 1315 Ruiz
1774 1286 1812 1316 et
1827 1282 1925 1318 Pav.

1294 1321 1328 1357 b.
1355 1321 1535 1367 δοΙιὸΡίιῑι
1560 1323 1592 1355 11
1598 1323 1676 1357 all.

1293 1384 1336 1392 -
1358 1366 1681 1412 Diacaccarpium
1698 1367 1827 1402 Blum.

317 1481 639 1528 Affinitas.
697 1489 1008 1526 Loranthaceae
1030 1486 1173 1525 habitu
1197 1490 1236 1524 et
1258 1487 1426 1524 vivendi
1445 1488 1602 1525 ratione
1620 1489 1847 1533 parasitica
1863 1490 2011 1527 distin-

177 1546 410 1593 ctissimae,
444 1546 634 1593 Corneis,
667 1547 986 1582 Hamamelideis
1004 1551 1042 1582 et
1060 1545 1399 1592 caprifoliaceis,
1432 1546 1585 1582 arctius
1610 1547 1800 1583 fortassis
1817 1549 2012 1584 Santala-

177 1605 264 1640 ceis
296 1608 331 1639 et
363 1603 599 1639 Protcaceis
629 1602 774 1639 affines
806 1607 922 1648 sunt,
969 1606 1186 1646 embryone
1216 1603 1257 1638 in
1290 1602 1513 1638 albuminis
1545 1604 1724 1640 cavitate
1762 1605 2012 1648 superficiali

177 1663 400 1707 collocato,
432 1670 506 1696 nec
529 1660 693 1695 incluso
717 1661 919 1697 diversae.
977 1663 1351 1704 Integumentorum
1374 1659 1573 1695 floralium
1598 1660 1779 1703 dignitas
1802 1661 1844 1697 in
1873 1663 2012 1704 aprico

177 1719 355 1753 nondum
373 1721 453 1762 est,
485 1717 593 1752 unde
610 1717 765 1754 ordinis
780 1719 896 1754 locus
914 1717 1077 1753 dubius.
1135 1717 1254 1752 Hunc
1277 1725 1380 1760 pone
1397 1718 1670 1752 Santalaceas
1693 1717 1788 1753 olim
1812 1726 2011 1761 quaeren-

178 1775 294 1823 dum,
327 1773 580 1810 crediderim.

322 1850 752 1908 Geographi'a0
810 1857 974 1894 Ordinis
995 1857 1062 1894 vis
1078 1856 1183 1893 inter
1198 1854 1376 1893 circulos
1393 1856 1567 1901 tropicos
1584 1854 1833 1907 continetur,
1863 1861 2010 1904 paucis

175 1915 221 1953 in
243 1915 429 1961 regiones
453 1918 700 1959 temperatas
723 1918 762 1951 et
786 1914 1101 1959 frigidiusculas
1125 1915 1434 1958 hemisphaerae
1457 1915 1653 1961 borealis,
1685 1917 1871 1958 pluribus
1896 1922 2010 1955 trans

175 1973 460 2016 capricornum
477 1973 763 2017 evagantibus.
821 1973 1032 2009 Maximus
1048 1974 1345 2008 Loranthorum
1360 1982 1554 2008 numerus
1578 1973 1620 2007 in
1637 1973 1832 2010 America
1855 1975 2010 2019 tropica

176 2030 297 2066 nasci
324 2029 508 2076 videtur,
556 2029 746 2072 quamvis
777 2029 882 2065 Asia
913 2039 1015 2065 novo
1047 2028 1271 2064 continenti
1309 2029 1481 2065 istarum
1519 2029 1732 2065 feracitate
1766 2031 1841 2066 vix
1878 2033 2008 2068 cedat.

175 2087 311 2124 Etiam
321 2086 464 2123 Africa
480 2085 795 2128 aequinoctialis
811 2086 1040 2129 specierum
1052 2086 1172 2135 dives
1190 2089 1265 2122 est.
1294 2087 1460 2130 Europa
1477 2086 1626 2130 triplex
1635 2088 2009 2125 Loranthacearum

175 2152 305 2188 genus
323 2143 410 2179 alit.
474 2140 643 2177 Viscum
661 2140 800 2178 album
817 2143 938 2179 Linn.
955 2143 1144 2187 vulgaris
1161 2142 1331 2178 notitiae
1348 2147 1428 2189 est,
1460 2146 1617 2179 nullum
1637 2144 1799 2180 omnino
1822 2148 2010 2182 arborum

175 2209 215 2236 v.
233 2199 423 2236 fruticum
440 2209 569 2245 genus
586 2210 806 2248 respuens,
839 2200 880 2235 in
899 2200 989 2243 ipso
1005 2201 1210 2236 Lorantho
1228 2208 1428 2243 europaeo
1453 2201 1721 2243 parasiticum
1744 2201 1860 2238 vivit.
1921 2199 2009 2236 Lo-

176 2253 364 2291 remthus
393 2266 470 2292 eur
473 2266 628 2302 opacus
649 2257 770 2294 Linn.
803 2267 856 2293 ex
876 2246 1044 2301 Europa
1074 2257 1265 2292 orientali
1295 2260 1331 2293 et
1364 2258 1539 2293 australi
1570 2267 1642 2301 per
1664 2257 1811 2294 Asiam
1834 2259 2009 2296 mediam

177 2313 432 2362 diffunditur,
463 2313 506 2349 in
530 2316 766 2358 Quercubus
797 2318 833 2349 et
859 2314 1075 2350 castaneis
1110 2314 1321 2350 victitans.
1379 2309 1716 2349 Arceuthobmm
1748 2316 1791 2351 in
1815 2316 2008 2359 Junipem

181 2371 392 2414 Oxycedm
423 2371 628 2417 nascitur,
675 2371 934 2407 Salicorniae
965 2370 1183 2414 imaginem
1212 2372 1374 2407 ludens.
1432 2367 1714 2406 Misodendra
1745 2371 1787 2408 in
1816 2372 2010 2409 America

180 2428 427 2474 antarctica,
459 2427 501 2462 in
523 2427 651 2472 Fagis
674 2428 932 2471 potissimum
954 2427 1112 2464 vivunt.
1177 2425 1338 2474 Trapeia
1366 2427 1409 2463 in
1432 2430 1545 2464 Nova
1568 2428 1797 2464 Zeelandia
1826 2429 1869 2465 in
1894 2432 2009 2473 Myr-

181 2483 312 2519 taceis
345 2484 558 2520 arboribus
580 2484 750 2521 habitat.
808 2486 1034 2528 Plerasque
1052 2483 1259 2523 ,fructibus
1282 2488 1336 2521 ab
1358 2485 1506 2521 avibus
1532 2485 1707 2522 comesis
1729 2495 1800 2528 per
1822 2489 2009 2523 arborum

177 2547 314 2579 ramos
339 2540 602 2576 disseminari
631 2544 804 2578 constat.
832 2561 835 2562 ν
862 2537 1050 2587 Nuytsm
1079 2543 1201 2577 arbor
1230 2544 1314 2589 est,
1344 2541 1387 2576 in
1412 2543 1548 2576 Novae
1570 2542 1818 2578 Hollandiae
1847 2545 2010 2580 austro-

178 2596 447 2632 occidentalis
463 2599 548 2633 solo
566 2599 766 2641 plantata.
822 2598 1095 2636 Americanae
1111 2597 1278 2643 epigeae
1293 2607 1373 2634 non
1390 2597 1493 2648 satis
1509 2602 1628 2634 notae
1644 2602 1753 2635 sunt.
2009 2613 2011 2615 ·

241 2722 244 2725 ,
320 2674 684 2727 (ιιιαΙίίῖθίῐθδ
715 2683 756 2718 et
783 2688 954 2722 usus·
994 2679 998 2681 “
1039 2684 1415 2719 Loranthacearum
1459 2687 1612 2719 cortex
1633 2687 1796 2727 praeter
1830 2693 2005 2731 mucum,

180 2738 455 2774 substantiam
472 2739 763 2786 extractivam,
796 2743 835 2775 et
849 2739 1059 2775 minimam
1074 2739 1154 2775 olei
1176 2740 1356 2791 aetherei
1377 2740 1618 2786 portionem,
1648 2741 1861 2777 materiam
1882 2741 2009 2785 gluti-

179 2803 322 2831 nosam
345 2795 568 2838 peculiaris
591 2795 763 2841 indolis,
794 2804 898 2839 quae
926 2793 1076 2830 Viscus
1100 2793 1224 2843 [Glu,
1254 2796 1508 2841 Vogeueim]
1533 2797 1784 2844 nominatur,
1814 2798 2007 2834 continet.

178 2851 350 2888 Viscum
367 2851 631 2897 pinguedinis
647 2856 686 2888 et
708 2861 845 2899 cerae,
879 2861 971 2890 cum
993 2852 1224 2889 substantia
1249 2854 1422 2895 quadarn
1445 2852 1600 2900 tenaci,
1631 2856 1781 2890 natura
1800 2861 1879 2890 sua
1901 2853 2009 2890 inter

180 2908 361 2944 resinam
392 2912 430 2945 et
458 2908 610 2954 gummi
639 2909 859 2946 elasticum
886 2909 1043 2957 media,
1086 2909 1337 2953 peculiarem
1365 2909 1577 2946 miscelam
1605 2910 1840 2958 pernibent,
1885 2912 2007 2954 cujus

183 2964 370 3001 diversae
387 2965 431 3001 in
448 2965 627 3002 diversis
645 2967 799 3010 plantis
822 2966 1004 3013 species,
1035 2965 1245 3002 tutissima
1267 2970 1403 3002 autem
1426 2976 1447 3002 e
1462 2966 1778 3014 Loranthaceis,
1809 2967 2008 3011 imprimis

181 3030 204 3056 e
226 3021 494 3070 nostratibus,
526 3033 548 3059 e
577 3020 702 3058 Vise-o
727 3021 824 3058 albo
845 3023 968 3059 Linn.
1000 3026 1038 3060 et
1069 3032 1091 3058 e
1113 3020 1337 3057 Lorantho
1368 3032 1577 3069 europaeo
1600 3023 1720 3059 Linn.
1751 3025 1900 3061 messis
1930 3028 2008 3060 est.

183 3077 344 3113 Baccae
367 3078 484 3114 Visci
506 3078 641 3116 minus
665 3079 824 3116 feraces
849 3083 958 3118 sunt.
1014 3078 1206 3128 Viscum,
1238 3079 1366 3123 quiin
1381 3079 1656 3117 mercimoniis
1673 3085 1711 3117 et
1726 3079 1912 3124 opificum
1927 3091 2007 3117 usu

184 3136 264 3181 est,
296 3133 553 3177 potissimum
575 3145 597 3171 e
619 3137 824 3172 Lorantho
847 3146 1049 3181 europaeo
1070 3136 1115 3173 in
1138 3136 1311 3173 Graecia
1334 3140 1373 3173 et
1392 3138 1515 3173 Italia
1538 3137 1697 3185 parari,
1728 3141 1899 3174 constat.
1956 3140 2006 3174 In

188 3187 313 3224 Vise-0
331 3189 425 3229 albo
443 3192 767 3229 diversissimam
782 3193 899 3230 Visci
916 3194 1095 3242 copiam,
1125 3194 1349 3230 secundum
1371 3194 1528 3230 arboris
1549 3203 1700 3240 genus,
1733 3194 1799 3230 cui
1821 3194 2008 3230 innasci-

182 3249 269 3294 tur,
299 3242 504 3284 asserunt.
561 3248 900 3291 copiosissimum
928 3253 1091 3301 gluten,
1121 3251 1159 3287 si
1180 3251 1352 3287 Viscum
1381 3251 1425 3286 in
1445 3252 1578 3286 Acere
1607 3261 1646 3287 v.
1670 3251 1808 3298 Ulmo,
1838 3251 2004 3294 parcius

183 3305 277 3339 dum
307 3304 349 3340 in
373 3305 520 3340 Betula
547 3309 587 3341 et
608 3307 754 3352 Sorbo,
774 3307 1074 3350 parcissimum
1103 3308 1172 3343 ubi
1202 3307 1246 3342 in
1268 3310 1379 3343 Malo
1409 3311 1447 3342 et
1470 3309 1605 3342 Pruno
1635 3307 1803 3354 crescit,
1833 3308 2005 3344 obtineri

182 3360 406 3403 perhibent.
452 3358 1036 3411 Loranthz‘emvpaee'Linn.,
1066 3367 1134 3400 vel
1152 3367 1194 3400 ut
1209 3363 1306 3400 aliis
1319 3364 1479 3399 videtur
1501 3361 1617 3398 Visci
1630 3361 1851 3400 albe'Linn.
1869 3373 2005 3401 ramu-

182 3419 246 3452 los
264 3427 356 3452 cum
374 3416 484 3453 foliis
500 3418 766 3461 inpulverem
784 3419 900 3455 tritos
916 3420 1113 3457 comitiali
1129 3423 1263 3456 morbo
1286 3421 1455 3465 mederi,
1486 3424 1605 3456 vetus
1628 3419 1740 3472 fama
1761 3424 1843 3469 est,
1875 3421 2005 3458 nullis

182 3474 403 3511 etiamnum
419 3475 667 3517 medicorum
682 3476 972 3522 experimentis
987 3478 1235 3515 confirmata.
1286 3477 1711 3515 Boreali-ame1·icani
1727 3487 1749 3514 e
1771 3474 1810 3512 V
1806 3476 1894 3515 isco
1905 3474 2003 3526 fla-
