2147 3756
1089 104 1166 153 80

221 280 375 317 ordinis
392 283 571 315 centrum
589 281 626 315 et
644 278 762 315 ditem
779 277 995 320 speciebus
1019 281 1177 318 gentem
1200 275 1463 312 constituunt.
1523 275 1675 311 Harum
1699 282 1782 309 una
1805 272 1923 310 tertia
1946 281 2039 317 pars

220 337 451 375 Americam
474 339 698 381 borealem,
732 338 861 370 altera
876 334 1059 369 Africam
1084 335 1306 369 australem
1331 332 1639 374 extratropicam
1664 332 1826 377 incolit,
1858 330 2040 372 reliquae

220 404 293 438 per
314 393 480 428 Africae
503 392 681 427 borealis
704 392 818 426 littus
841 390 1101 433 atlanticum,
1132 389 1289 424 Indiam
1313 388 1571 434 orientalem,
1601 389 1756 436 Novam
1779 386 2039 422 Hollandiam

223 450 417 492 tropicam
442 452 478 484 et
504 448 839 492 extratropicam,
871 446 1016 482 Asiam
1033 446 1225 505 mediam-3,
1256 446 1457 486 Europam
1476 443 1656 486 alpinam
1673 449 1708 479 et
1726 444 1986 485 subalpinam
2003 446 2043 477 et

220 506 387 541 extremi
406 505 705 548 septemtrionis
728 512 820 538 oras
845 510 1038 546 sparsae,
1071 500 1345 543 paucissimae
1368 499 1410 534 in
1434 500 1610 536 excelsis
1626 500 1840 536 Americae
1864 498 2041 542 tropicae

215 563 329 606 jugis
361 566 542 604 repertae
576 561 747 596 fuerunt.
807 558 975 600 Species
1007 557 1310 602 angustioribus
1339 556 1539 592 limitibus
1569 556 1777 601 inclusae,
1810 555 1972 590 indicae
2003 557 2042 589 et

219 618 517 654 australasicae
548 619 769 652 nonnullae
801 623 1069 659 congeneres,
1109 614 1326 649 'Fotieldiae
1356 613 1395 648 in
1422 614 1586 655 Europa
1617 616 1654 647 et
1675 611 1866 648 Amerina
1886 608 2043 646 boreali

222 675 426 716 habitant,
473 682 678 716 per-uanae
708 671 922 706 andicolae
952 674 1001 706 ab
1033 671 1097 706 his
1127 671 1199 705 vix
1228 670 1496 712 separandae.
1562 668 1788 704 Uvulariae
1816 667 1974 702 Indiam
2004 669 2043 702 et

220 731 450 768 Americam
475 731 674 764 borealem
699 727 902 771 incolunt,
935 735 1086 770 genera
1101 727 1325 761 Uvulariae
1343 726 1549 771 proxima,
1581 724 1770 760 fortassis
1788 734 1809 759 e
1825 721 2043 758 Veratrea-

220 797 308 822 rum
325 779 583 822 contubernio
602 784 810 830 pellenda,
842 784 1017 819 asiatica
1033 787 1139 819 sunt.
1177 782 1464 825 Erythrosticti
1480 791 1608 826 genus
1624 779 2043 817 boreali-africanum

221 843 419 879 affinitate
457 841 704 883 capensibus
736 839 959 882 proximum
989 843 1064 875 est.
1136 839 1297 875 Veratri
1328 839 1488 881 species
1520 837 1975 874 boreali-americanae
2005 838 2045 871 et

221 901 448 935 antillanae
485 900 534 932 ab
574 896 787 938 europaeis
824 896 1105 931 verisimiliter
1134 905 1280 938 genere
1311 895 1511 930 diversae.
1577 893 1815 929 Colchiceae
1844 891 2042 936 perigonii

219 955 372 992 foliolis
390 953 627 997 longissime
644 952 943 997 unguiculatis,
974 955 1210 995 plerumque
1227 952 1268 986 in
1293 954 1430 986 tubum
1454 950 1640 986 connatis
1666 950 1853 985 diversae
1876 952 1913 983 et
1937 948 2042 984 facie

220 1021 247 1048 a
268 1011 438 1054 reliquis
461 1010 620 1045 abunde
644 1008 883 1054 distinctae,
913 1010 1140 1053 Europam,
1173 1007 1374 1051 regionem
1393 1006 1848 1042 taurico-caucasicam
1864 1008 1901 1040 et
1916 1004 2044 1040 medi-

220 1071 446 1104 terraneam
475 1066 672 1101 incolunt.
730 1065 787 1100 W
791 1064 993 1100 eldeniam
1022 1064 1489 1101 boreali-americanam
1520 1062 1747 1099 Colchiceis
1777 1059 2044 1099 adnumerare

219 1134 299 1160 non
316 1124 465 1159 dubito.

333 1199 697 1254 allalitates
723 1207 762 1242 et
783 1210 953 1245 usus.
1013 1207 1324 1241 Melanthaceae
1353 1203 1507 1248 plantis
1533 1203 1718 1250 acribus,
1751 1201 1924 1239 drastice
1946 1212 2045 1246 pur-

221 1265 415 1311 gantibus
439 1268 476 1300 et
501 1263 702 1308 emeticis,
734 1262 1024 1298 vehementiori
1049 1262 1211 1297 stimulo
1235 1262 1276 1296 in
1298 1263 1411 1297 vitae
1436 1261 1636 1304 plasticae
1660 1268 1813 1303 organa
1830 1259 2045 1304 agentibus

220 1322 561 1358 adnumerandae.
618 1320 740 1355 Vires
777 1317 959 1352 Veram
986 1322 1022 1353 et
1058 1315 1245 1352 Colchica·
1272 1327 1296 1354 a
1327 1318 1571 1354 substantiis
1596 1316 1842 1354 alkaloideis
1865 1315 2044 1356 acribus,

219 1378 426 1423 Veratrio,
459 1375 706 1422 SalJadillm,
737 1375 941 1410 Colcliicio
964 1376 1158 1419 pendent,
1191 1378 1227 1410 et
1251 1375 1293 1409 in
1313 1375 1497 1409 omnibus
1515 1376 1747 1416 plantarum
1763 1373 1934 1408 istarum
1949 1380 2047 1414 par·-

219 1434 348 1478 tibus,
381 1434 423 1468 in
440 1432 667 1476 radicibus,
698 1432 855 1476 bulbis,
889 1430 1022 1473 foliiS,
1052 1429 1216 1466 floribus
1242 1434 1278 1465 et
1303 1431 1528 1465 seminibus
1546 1430 1738 1465 resident.
1793 1431 1903 1464 Inter
1919 1427 2073 1463 offici--

218 1492 336 1526 nales
359 1491 577 1524 habentur:
608 1487 743 1522 Radix
774 1484 953 1520 Veratrz‘
980 1484 1068 1519 albe·
1088 1488 1133 1522 L.
1158 1485 1390 1529 (Hellebori
1421 1486 1505 1522 albi
1535 1486 1690 1521 Officin.
1720 1487 1844 1529 vulgo
1868 1487 2045 1529 Germer,

218 1547 371 1581 weisse
386 1543 667 1589 Niesswurz)‚
692 1546 857 1586 plantae
872 1545 1060 1585 Europae
1077 1547 1196 1585 prata
1211 1542 1432 1585 subalpina
1449 1546 1485 1577 et
1502 1542 1644 1585 alpina
1658 1541 1889 1576 incolentis.
1947 1540 2046 1576 Cum

219 1603 389 1639 Veratro
415 1604 506 1637 albo
524 1601 654 1636 mixta
671 1600 815 1635 crescit
832 1600 990 1642 species
1007 1601 1171 1641 plantae
1187 1599 1383 1634 officinali
1400 1599 1571 1643 similis,
1608 1595 1837 1631 Veratrum
1847 1594 2047 1631 Lobelz'a-

220 1669 317 1693 num
333 1659 480 1693 Bernli.
497 1657 654 1692 viribus
670 1658 777 1691 baud
796 1656 938 1698 impar.
1005 1653 1185 1690 Vct-atri
1204 1654 1319 1701 m‘grz·
1337 1657 1382 1691 L.
1395 1682 1405 1702 ,
1438 1656 1480 1691 in
1504 1654 1637 1698 sylvis
1662 1654 1833 1690 caeduis
1856 1657 1895 1689 et
1917 1653 2046 1696 pratis

219 1714 423 1752 montanis
447 1713 688 1749 siccioribus
706 1714 894 1755 Europae
916 1712 1074 1747 mediae
1097 1716 1135 1747 et
1158 1712 1356 1748 australis
1373 1712 1502 1758 obvii,
1534 1711 1655 1747 radix
1668 1711 1805 1747 minus
1820 1712 1944 1747 valet.
1999 1711 2048 1746 In

220 1772 412 1808 America
431 1769 586 1806 boreali
601 1769 808 1804 radicibus
830 1766 1012 1808 Veratrz‘
1024 1766 1172 1803 viridis
1187 1769 1274 1804 Ait.
1289 1772 1469 1805 utuntur.

367 1851 598 1889 Veratrum
630 1850 851 1887 Sabadilla
876 1854 1016 1897 Rem,
1061 1852 1105 1888 in
1141 1852 1317 1888 Antillis
1356 1861 1571 1899 crescens,
1615 1848 1861 1886 Sabadillae
1890 1851 2049 1888 semina

221 1909 550 1955 (LausesamenJ
569 1909 752 1953 largitur.
793 1910 904 1952 Quae
920 1909 963 1945 in
979 1908 1150 1946 officinis
1167 1912 1347 1952 prostant
1367 1911 1564 1952 capsulae
1582 1912 1619 1944 et
1635 1909 1793 1944 semina
1809 1908 2047 1944 Sabadillae

221 1979 243 2004 e
267 1968 478 2011 republica
494 1967 715 2002 Mexicana
739 1967 1016 2012 advehuntur,
1049 1976 1070 2001 e
1095 1966 1282 2008 pluribus
1306 1963 1614 1999 Schoenocanlae·
1632 1964 1793 2008 generis
1817 1965 2046 2008 speciebus,

220 2034 351 2069 nuper
372 2024 544 2068 primum
567 2023 609 2058 in
632 2022 910 2058 botanicorum
934 2024 1143 2066 catalogos
1160 2022 1327 2068 relatis,
1355 2022 1554 2064 imprimis
1573 2032 1595 2057 e
1613 2018 1925 2055 Schoenocaulo
1944 2015 2048 2069 offi-

222 2079 356 2116 cinali
383 2081 436 2116 A.
469 2082 534 2115 Gr.
567 2077 804 2121 (Sabadilla
834 2078 1029 2115 officinali
1053 2080 1240 2125 Brandt.,
1273 2079 1444 2114 Veratro
1474 2078 1667 2119 officinali
1698 2075 1925 2120 schlecht.)
1956 2080 1996 2113 et
2025 2086 2048 2111 e

223 2134 535 2172 Schoenocaulo
561 2133 804 2184 carz'cifolz'o
819 2135 871 2170 A.
890 2137 955 2171 Gr.
979 2135 1173 2179 (veratro
1190 2134 1416 2170 caricisolio
1433 2134 1661 2178 semen-ht.)
1679 2136 1863 2169 collecta.
1908 2130 2046 2167 Vera-
2071 2161 2077 2164 .

223 2197 335 2229 trum
353 2190 573 2228 Sabadz'llet
588 2193 703 2228 Retz.
715 2218 725 2237 ,
758 2192 877 2234 quus
895 2194 1092 2235 capsulae
1110 2195 1147 2227 et
1164 2191 1324 2228 semina
1339 2190 1414 2226 vix
1430 2191 1513 2228 nisi
1528 2191 1572 2227 in
1590 2189 1752 2227 Galliae
1767 2189 1942 2227 officinis
1957 2198 2046 2226 ser-

220 2253 391 2298 vantur,
422 2251 565 2293 planta
579 2248 780 2284 botanicis
802 2251 999 2295 obscura,
1032 2247 1143 2284 dubii
1159 2247 1334 2293 generis.

365 2330 555 2368 Colchica·
574 2331 837 2367 autumnalis
859 2334 905 2369 L.
932 2331 1325 2378 (Herbstzeitlose),
1355 2331 1398 2367 in
1428 2331 1557 2375 pratis
1586 2332 1777 2375 Europae
1805 2329 1893 2368 fere
1923 2330 2047 2367 totius

222 2389 432 2428 nascentis
451 2391 619 2437 bulbus,
652 2388 769 2425 flores
787 2393 825 2426 et
841 2389 1000 2426 semina
1014 2389 1058 2425 in
1074 2398 1193 2426 usum
1208 2389 1408 2425 medicum
1423 2388 1681 2432 colliguntur.

367 2471 554 2508 Colchica·
567 2471 785 2520 variegati
796 2476 842 2510 L.
867 2473 909 2509 in
925 2475 1089 2517 Europa
1111 2475 1148 2509 et
1163 2473 1269 2509 Asia
1292 2473 1587 2509 mediterranea
1608 2469 1789 2516 indigeni
1803 2469 1924 2506 radix
1938 2469 2048 2508 sistit

221 2528 601 2577 Hermodaecylos,
633 2539 806 2572 magnae
836 2531 944 2573 apud
966 2529 1186 2566 Arabistas
1209 2530 1370 2575 laudis,
1400 2529 1557 2565 viribus
1583 2529 1772 2565 Colchico
1795 2527 1965 2563 nostrati
1988 2527 2048 2563 si-

222 2589 359 2634 miles,
393 2591 431 2623 et
453 2591 499 2623 ob
525 2589 749 2623 salutarem
771 2587 815 2623 in
839 2587 1019 2623 sedando
1043 2589 1203 2622 artuum
1228 2587 1364 2622 dolore
1393 2585 1617 2622 efficaciam
1649 2585 1824 2633 „anima
1854 2585 2047 2620 articulo-

222 2641 339 2681 ru1n“
358 2645 500 2680 dictos.
1372 2651 1377 2655 “

361 2711 572 2748 Helonius
595 2710 736 2748 dv‘m’ca
757 2714 892 2749 Pursh
915 2712 1063 2757 (vulgo
1078 2713 1398 2759 metzing-star,
1429 2710 1683 2755 Divils-bit]
1707 2711 2048 2748 boreali-ameri-

223 2770 341 2808 canis
371 2770 549 2807 radicem
580 2770 955 2806 anthelminthicam
984 2770 1170 2814 largitur.
1230 2769 1454 2806 Masticana
1484 2768 1792 2813 salivationem,
1837 2767 2046 2813 vomitum,

223 2837 422 2864 nauscam
453 2830 618 2873 causat,
664 2827 760 2862 vino
790 2826 932 2862 infusa
962 2827 1180 2861 remedium
1211 2821 1575 2861 amaro-ionicum.
1648 2825 1863 2859 Decoctum
1893 2823 2046 2859 radicis

224 2882 433 2918 Helom’ae
449 2881 638 2917 bullatae
653 2885 697 2918 L.
718 2883 759 2918 in
777 2885 983 2918 obstructa
1000 2885 1092 2918 alvo
1109 2881 1428 2918 administratur.
1489 2876 1727 2913 Amiantln'e'
1739 2877 2051 2914 muscaetoae'z’cn‘

222 2940 275 2976 A.
308 2942 373 2977 Gr.
405 2936 551 2983 [vulgo
579 2938 884 2983 Fly-poisson)
916 2937 1073 2974 semina
1102 2937 1322 2973 nai-colica.
1380 2938 1491 2972 Usus
1521 2937 1563 2972 in
1593 2935 1848 2971 inebriandis
1876 2935 2047 2972 muscis.

222 2994 509 3030 Ledebonriae
525 2992 681 3040 lapsacin
688 2992 966 3042 thaidisfioth.
979 2993 1092 3034 bulbi
1107 2993 1275 3030 medicis
1289 2993 1332 3029 in
1340 2993 1460 3029 India
1473 2995 1696 3030 salutarem
1710 2995 1837 3028 artem
1852 3001 2047 3028 exercen-

225 3053 334 3089 tibus
349 3050 507 3087 radz‘cz's
525 3049 714 3098 Squillae
728 3053 818 3087 loco
835 3053 942 3087 sunt.
1642 3040 1653 3043 “

369 3133 606 3170 {samariae
635 3135 938 3171 characteribus
970 3133 1152 3171 nonnihil
1184 3135 1416 3180 anomalae,
1453 3132 1723 3176 qualitatibus
1744 3131 1909 3178 longius
1932 3140 1958 3169 a
1978 3141 2045 3169 re-

223 3191 349 3235 liquis
372 3192 531 3228 alienae
553 3192 756 3228 videntur.
822 3188 1059 3226 Uenlariae
1082 3189 1302 3240 latifoliae
1315 3192 1362 3226 L.
1380 3193 1419 3226 et
1433 3191 1481 3226 U.
1496 3186 1651 3236 flavae
1665 3191 1712 3226 L.
1729 3189 1849 3226 radix
1863 3197 2045 3235 mucosa,

224 3248 379 3284 modice
409 3248 687 3292 adstringens,
718 3247 859 3284 infusa
887 3251 938 3283 ab
963 3246 1397 3291 Anglo-Americanis
1427 3255 1498 3290 pro
1523 3246 1791 3290 gargarismis
1812 3249 2045 3289 usurpatur.

231 3301 467 3339 Uvulariae
493 3301 786 3350 grandzflorae
809 3307 890 3340 Sm.
923 3304 1022 3340 folia
1053 3307 1224 3340 contusa
1254 3307 1290 3338 et
1322 3302 1440 3338 radix
1463 3303 1628 3338 decocta
1652 3305 1810 3340 celebre
1831 3301 2046 3339 Americae

223 3360 401 3397 borealis
417 3361 728 3397 autoclitonibus
745 3361 944 3397 adversus
963 3361 1213 3397 Crotalorum
1229 3368 1388 3395 morsus
1403 3358 1635 3396 remedium.

366 3445 426 3479 De
442 3443 628 3488 stirpium
644 3443 882 3489 capensium
896 3444 1054 3491 viribus
1069 3444 1173 3481 nihil
1190 3444 1298 3488 apud
1315 3446 1500 3481 auctores
1516 3442 1686 3488 reperio.
