2147 3756
1061 120 1136 167 54

194 295 364 343 virides
404 292 677 340 stomatibus
716 293 990 336 instructae.
1067 290 1207 336 Ramz'
1242 287 1298 334 ad
1331 287 1478 334 basim
1510 290 1779 351 vaginarum
1814 297 1948 335 extus
1982 304 2006 333 e

195 367 328 413 caule
362 365 475 422 orti,
510 361 802 418 verticillnti,
837 360 982 407 caulis
1016 367 1273 416 structura,
1305 359 1385 404 scd
1422 367 1585 405 centro
1619 358 1772 406 solidi.
1819 361 2005 406 Fructi-

177 437 356 500 ficalz'o
390 436 435 481 in
471 435 604 481 caule
639 449 681 479 v.
715 433 877 488 ramis,
916 439 995 476 aut
1029 429 1071 474 in
1104 445 1248 491 scapo
1283 428 1534 486 decolori,
1559 445 1586 474 a
1624 425 1862 476 sterilibus
1904 429 2011 475 hcrn

194 508 356 554 baccis
391 505 613 551 distincto
648 502 918 549 terminalis.
989 499 1311 562 Receptacula
1345 499 1563 560 plurima,
1605 500 2009 562 squamael'ormia,

194 577 403 640 peltatim
451 575 684 637 stipitata,
739 571 1083 635 subpolygona,
1136 569 1442 626 verticillata,
1498 570 1542 615 in
1591 569 1772 616 strobili
1818 569 2009 616 formam

195 648 410 695 collecta.
495 645 775 707 Sporange'a
817 658 929 689 sena
969 658 1011 688 v.
1051 649 1270 704 septena,
1311 639 1690 696 membranacea,
1731 648 2012 703 receptacu-

195 720 344 764 lorum
376 717 573 780 paginae
607 714 821 760 infcriori
861 711 1052 769 adnata,
1092 711 1428 768 uniloculnria,
1471 711 1720 757 introrsum
1760 708 2014 772 longitndi-

195 789 365 836 nalitcr
405 785 720 840 dehiscentia,
774 783 924 846 sporis
963 783 1172 846 plurimis
1212 781 1355 827 foeta.
1429 783 1620 844 Sporae
1651 779 1857 837 liberae,
1912 779 2013 825 basi

197 857 450 905 clateribns
491 856 610 902 binis
649 854 965 910 filiformilmS,
1008 853 1240 908 clasticiS,
1285 853 1499 915 utrinque
1540 852 1584 898 in
1625 852 1786 915 apices
1825 849 2016 913 spathu—

196 930 338 987 latos,
380 926 657 989 grannlosos
691 923 1032 973 desinentibus.

963 1069 1243 1104 GENERA.

308 1157 403 1193 601.
434 1153 672 1198 Equisetum
689 1150 811 1189 Lv‘nn.
1252 1147 1347 1202 60-}.
1377 1151 1724 1196 Oncylogonatum
1742 1145 1894 1196 Kiim‘g,

336 1261 658 1308 Affinitas.
719 1267 822 1303 Ordo
852 1265 957 1302 nulli
987 1263 1237 1310 cognitorum
1268 1263 1424 1312 affinis,
1458 1267 1494 1300 et
1527 1265 1656 1307 quoad
1681 1272 1819 1300 veram
1845 1262 2021 1306 partium

198 1325 524 1362 fructificationis
555 1329 744 1360 naturam
776 1327 811 1359 et
844 1326 977 1360 locum
1009 1322 1049 1357 in
1083 1324 1305 1364 systemate
1335 1321 1543 1365 plerisque
1572 1330 1822 1363 summopere
1859 1319 2020 1360 dubius,

198 1383 296 1419 aliis
321 1383 468 1418 faciem
493 1381 834 1428 casum-inarum,
868 1380 964 1415 aliis
995 1377 1322 1414 fructificationis
1354 1377 1581 1413 terminalis
1613 1377 1801 1423 formam,
1835 1376 2020 1419 Cycade-

199 1449 391 1476 acearum
407 1441 446 1474 et
462 1437 742 1474 Coniferarnm
759 1434 1083 1471 infloresceiltiae
1100 1435 1388 1476 quodammodo
1413 1434 1588 1470 similem
1611 1433 1864 1477 urgentibus.
1923 1433 2023 1467 Plu-

198 1496 292 1531 rimi
308 1498 495 1530 naturam
512 1496 731 1539 elaterum,
762 1501 906 1535 speras
923 1490 1190 1537 cingentium,
1222 1490 1264 1525 in
1288 1490 1408 1526 duilio
1435 1489 1688 1535 relinquunt,
1720 1489 1906 1524 nonnulli
1929 1497 2024 1532 spo-

199 1561 286 1588 ram
302 1554 566 1597 gemmulam,
589 1553 763 1586 elateres
781 1534 1038 1591 pollini'ornm
1056 1555 1184 1591 grana
1202 1556 1272 1589 per
1288 1546 1405 1589 paria
1421 1545 1582 1581 coalida
1598 1547 1777 1581 credunt.
1824 1543 2025 1588 Quidquid

134 1614 145 1624 ²
199 1609 268 1655 sit,
285 1612 491 1644 structura
509 1607 640 1642 caulis
659 1609 693 1641 et
713 1604 953 1649 germinatio
970 1606 1148 1646 bryacea
1164 1603 1359 1651 ordinem,
1379 1612 1400 1638 e
1416 1605 1632 1646 protogeae
1647 1601 2024 1648 florasuperstitem‚

200 1666 243 1701 in
260 1665 349 1709 ipso
368 1665 670 1706 Acrobryorum
688 1662 851 1698 exordio
870 1663 1072 1697 collocare
1089 1661 1277 1696 suadent.

342 1739 770 1797 Geograllhia.
828 1744 1280 1788 Equisetaceaeplures
1297 1743 1533 1790 giganteae,
1567 1741 1753 1789 fossiles,
1785 1740 2028 1785 superstites

200 1813 378 1851 paneae,
411 1805 449 1841 si
475 1804 721 1839 exstinctam
752 1805 911 1847 gentem
941 1800 1175 1836 consideres
1206 1807 1422 1847 pygmeae,
1456 1799 1499 1834 in
1529 1799 1762 1843 regionibus
1794 1797 2028 1840 temperatis

201 1861 456 1906 potissimum
480 1860 646 1906 obviae,
678 1868 825 1895 versus
851 1861 985 1901 polum
1009 1859 1168 1894 statura
1191 1858 1490 1902 decrescentes,
1521 1855 1564 1891 in
1594 1855 1830 1901 regionibus
1862 1853 2030 1896 tropicis

205 1927 321 1955 rarae
336 1945 346 1965 ,
378 1921 615 1961 plerumque
633 1919 765 1952 tamen
782 1916 976 1961 majores,
1008 1913 1048 1948 in
1075 1913 1277 1956 plerisque
1300 1912 1612 1955 hemisphaerae
1630 1911 1828 1948 australis
1849 1909 2030 1955 regioni-

206 1978 282 2016 bus
299 1975 476 2011 nondum
494 1976 735 2008 observatae
751 1971 928 2007 fuerunt.

346 2051 708 2105 &ualitates
740 2060 779 2092 et
808 2060 977 2094 usus·
1051 2055 1220 2090 Praeter
1248 2052 1452 2097 insignem
1481 2055 1613 2089 terrae
1650 2051 1823 2089 siliceae
1857 2049 2029 2099 copiam,

207 2125 311 2159 quae
335 2119 410 2152 sub
429 2114 674 2158 epidermide
691 2113 958 2156 plurimarum
976 2113 1096 2157 latet,
1129 2115 1164 2146 et
1182 2112 1346 2146 herbam
1363 2109 1566 2152 poliendis
1581 2108 1761 2146 metallis
1777 2107 2032 2144 mollioribus

207 2177 344 2216 aptam
361 2171 481 2218 facit,
511 2171 878 2213 Equisetacearum
903 2166 1161 2204 substantiae
1183 2168 1294 2202 sales
1316 2166 1424 2202 varii
1448 2169 1487 2202 et
1510 2166 1673 2201 acidum
1696 2165 1820 2201 fixum
1846 2161 2032 2207 (acidum

205 2226 499 2276 equiseticam)
532 2227 754 2270 peculiaris
784 2230 829 2262 ut
857 2225 1021 2261 videtur
1051 2223 1202 2258 indolis
1232 2222 1387 2258 insunt.
1459 2221 1704 2258 Rliizoniata
1743 2222 2033 2256 nonnullarum

209 2288 344 2330 amylo
362 2287 533 2322 scatent,
578 2284 700 2320 Vires
716 2283 863 2319 leniter
880 2280 1200 2327 adstringentes,
1232 2279 1486 2321 quarundam
1500 2277 1781 2315 vehementius
1798 2276 2032 2313 diureticae.

349 2371 415 2405 Ex
431 2366 705 2404 officinalibus
722 2365 840 2402 hodie
856 2364 1030 2401 exoletis
1046 2363 1294 2400 nominanda
1310 2366 1424 2400 sunt:
1461 2359 1612 2397 Herba
1627 2359 1826 2409 Equae'seti
1844 2359 2033 2408 minoris,

211 2427 350 2462 caules
374 2425 536 2461 steriles
552 2423 738 2466 Equiseti
761 2421 952 2459 arvensis
973 2423 1042 2467 L.;
1074 2418 1225 2455 Herba
1250 2417 1448 2466 Eqm'setz‘
1466 2417 1666 2467 majoris,
1695 2418 1935 2462 Equisetum
1960 2416 2036 2453 ssu-

209 2482 353 2518 viatile
377 2483 423 2516 L.
448 2473 678 2530 (ἵππουρις
700 2479 839 2515 mose.
864 2481 919 2514 M.
943 2486 994 2517 m.
1016 2478 1089 2513 IV.
1113 2475 1206 2520 46.)
1239 2479 1276 2512 et
1306 2478 1355 2512 Ε.
1379 2476 1566 2512 limosum
1589 2477 1636 2511 L.
1661 2468 1889 2525 (ἵππουρις
1912 2468 2036 2523 ἑτέρα

210 2538 349 2574 Diosc.
367 2541 422 2574 M.
439 2547 489 2572 m.
507 2538 577 2573 1V.
596 2536 709 2583 47.];
756 2532 907 2568 Herba
923 2531 1120 2580 Equisetz'
1139 2531 1318 2579 majoris
1345 2541 1378 2568 s.
1404 2530 1658 2578 mechanici,
1689 2531 1929 2574 Equisetum
1949 2524 2038 2566 hie*

215 2597 323 2631 male
337 2596 401 2635 L.>
444 2595 579 2636 Hujus
596 2592 638 2627 in
655 2591 858 2636 poliendis
874 2590 1002 2635 lignis
1019 2593 1055 2625 et
1071 2589 1210 2637 vasis,
1242 2588 1442 2633 imprimis
1457 2588 1665 2638 stanneis,
1696 2597 1812 2624 usus.

352 2697 807 2744 *Calamiteae-
867 2700 1053 2737 Plantae
1074 2696 1262 2738 fossiles
1297 2701 1348 2737 ut
1377 2696 1625 2750 plurimum
1650 2695 1895 2745 arboreae,
1927 2693 2036 2735 arti-

215 2758 420 2808 culatae,
451 2756 762 2798 vertit-,illatim
778 2767 1012 2804 ramosae,
1046 2766 1238 2807 corpore
1263 2753 1447 2807 lignoso
1473 2752 1720 2793 medullam
1744 2750 1943 2805 amplam
1966 2750 2038 2789 in-

215 2815 449 2865 cludente,
477 2826 518 2866 ,e
551 2813 674 2854 vasis
706 2812 905 2866 duplicis
947 2810 1145 2861 ordinis,
1185 2810 1405 2850 radiatim
1446 2807 1784 2850 alternantibus
1824 2805 2038 2856 conflato,

214 2874 331 2911 vasis
361 2870 617 2924 maj0ribus
650 2866 1072 2917 sealariformibus,
1101 2865 1356 2907 minoribus
1387 2862 1863 2919 prosencliymatosis,
1897 2862 2038 2902 radiis

214 2924 553 2968 medullaribus
588 2926 810 2978 copiosis,
847 2926 1005 2962 cortice
1035 2920 1502 2976 prosenchymatoso‚
1549 2919 1828 2973 regulariter
1858 2920 2039 2970 striato,

207 2986 338 3038 soliis
370 2981 686 3032 verticillatis,
730 2980 779 3020 in
809 2979 1021 3033 vaginam
1053 2978 1256 3030 coalitis,
1300 2991 1340 3018 v.
1366 2989 1529 3018 eorum
1559 2977 1664 3017 loco
1700 2974 1959 3016 tuberculis
1990 2974 2038 3015 in

216 3039 500 3080 verticillum
519 3037 780 3092 dispositis,
798 3036 1149 3091 fructificatione
1164 3034 1338 3088 ignota.

993 3168 1025 3203 G
1044 3175 1068 3203 Ε
1087 3175 1117 3203 Ν
1138 3174 1162 3202 Ε
1180 3175 1208 3202 n
1227 3175 1274 3202 A.
1551 3206 1559 3213 ,

331 3255 426 3290 602.
459 3253 678 3290 calamites
696 3247 880 3288 Suet-ow.
1271 3247 1365 3301 60}
1397 3247 1622 3285 Calamitea
1641 3245 1783 3284 Colla.

363 3366 612 3402 Calamiteae
628 3365 670 3401 in
688 3368 795 3401 terra
818 3344 1075 3400 transitionis
1094 3371 1232 3409 rarae,
1264 3362 1305 3397 in
1331 3361 1472 3398 stratis
1496 3359 1763 3398 carboniferis
1790 3357 2042 3402 frequentius

223 3422 387 3469 obviae,
419 3421 618 3458 affinitate
633 3420 917 3464 Equisetaceis
933 3419 1162 3466 proximae,
1194 3427 1323 3462 nuper
1341 3421 1389 3454 ab
1407 3418 1566 3461 Ungero
1584 3417 1625 3454 in
1643 3415 1822 3454 ordinem
1840 3415 2041 3459 proprium

223 3481 481 3526 segregatae,
513 3482 548 3513 et
567 3477 871 3516 characteribus
887 3474 1127 3514 anatomicis
1145 3473 1360 3512 distinctae
1377 3473 1550 3511 fuerunt.
1598 3503 1601 3505 Α
