2147 3756
943 96 1059 145 205

89 272 371 320 manducando
394 268 697 316 mucilaginosi.
758 266 921 305 Cortex
947 266 1185 304 Cnlzlawan
1209 265 1355 313 ruber,
1386 266 1431 303 in
1459 263 1729 301 Omnamomo
1754 275 1911 313 caryo—

82 327 298 377 phylloz'de
314 330 445 365 Blum.
461 337 661 375 nascens,
693 328 744 365 ab
759 330 835 363 hoc
852 326 926 363 vix
942 326 1083 362 differt.

232 397 316 433 Cor
320 401 395 434 lez·
420 396 567 433 Se‘ntoe
589 407 622 434 s.
641 394 793 432 Smdoc
816 405 941 432 verus
963 406 986 433 e
1005 394 1275 430 Οιηηαηιοηιο
1292 388 1500 438 jamenu-0
1515 392 1647 428 Blum.
1671 389 1715 429 in
1737 392 1912 428 nemori-

89 457 166 491 bus
188 455 354 491 insulae
372 456 478 491 Java
494 458 702 491 crescente
727 454 968 498 decerpitur.
1029 455 1184 497 Sapore
1205 449 1347 487 cortici
1364 449 1604 487 Culilawan
1624 457 1722 483 vero
1743 457 1824 483 non
1850 453 1913 484 est

88 514 259 549 multum
290 512 515 558 absimilis,
562 510 781 546 identidem
819 509 1060 555 aromatico,
1106 509 1204 545 licet
1240 507 1376 543 minus
1413 509 1549 552 grato,
1595 512 1742 548 sapore
1779 504 1911 547 magis

89 577 228 605 amaro
245 570 537 613 subsequente;
567 567 851 602 manducando
869 575 1026 608 quoque
1045 569 1106 601 est
1122 564 1273 601 siccior
1288 568 1326 599 et,
1341 561 1623 608 granulosior,
1656 561 1776 595 odore
1793 569 1912 602 prae-

87 628 201 660 terea
222 626 347 667 pollet
368 624 503 660 minus
525 625 727 672 jucundo,
759 623 868 659 haud
890 622 950 660 ita
972 631 1074 667 pure
1106 622 1442 667 caryophyllato,
1474 618 1548 654 sed
1577 616 1758 662 graviter
1783 625 1912 652 nuces

90 682 325 718 moschatas
342 681 561 716 redolente.

231 748 394 784 Cortex·
420 748 658 784 Caclv‘lmoan
681 745 914 793 Papnanecs
943 757 966 782 e
995 749 1112 784 Nova
1142 746 1302 783 Guinea
1330 745 1532 792 adfertur,
1564 744 1608 781 in
1641 741 1912 777 Oz'nnamomo

87 803 390 842 saumonem-0
408 808 540 841 Blum.
557 805 614 841 ibi
638 806 848 840 collectus.
909 806 956 840 In
978 803 1122 839 frustis
1144 803 1283 839 minus
1307 802 1376 838 diu
1401 801 1628 838 asservatis
1650 800 1719 836 hic
1742 803 1806 835 est
1829 798 1914 834 fra-

88 862 399 910 grantissimus,
438 863 830 906 caryopbyllaceus,
869 860 1060 896 acredine
1091 864 1129 895 et
1159 859 1317 896 fervore
1344 859 1523 900 reliquos
1553 855 1913 893 cinnamomifera-

88 929 176 956 rum
193 921 380 954 arborum
398 918 570 954 cortices
587 921 775 964 superat,
808 916 1074 953 diuturnitate
1098 915 1290 961 temporis
1315 924 1413 951 vero
1435 914 1568 950 virtus
1592 912 1824 959 evanescit,
1856 912 1915 947 ita

87 979 133 1012 ut
148 975 344 1018 qualitate
360 976 409 1010 ad
428 975 618 1010 corticem
635 975 773 1010 Sintoc
788 983 931 1009 verum
948 973 1129 1009 accedat.
1193 970 1508 1006 cinnamomum
1525 968 1671 1005 Sz‘ntoc
1686 970 1818 1004 Blum.
1830 994 1840 1014 ,
1872 968 1915 1003 in

87 1032 229 1068 Indiae
258 1031 504 1067 continentis
532 1031 737 1067 montibus
759 1031 985 1074 Nellygery
1007 1027 1102 1072 [ubi
1125 1021 1288 1062 Belem-e!
1306 1026 1477 1070 dicitur]
1509 1036 1584 1062 nec
1608 1036 1689 1062 non
1714 1025 1759 1060 in
1780 1024 1916 1061 archi-

89 1087 228 1133 pelagi
251 1082 447 1123 Sundaici
469 1087 644 1133 insulis,
676 1095 846 1130 quarum
871 1086 1020 1122 incolis
1043 1082 1214 1131 Sintok,
1248 1081 1400 1119 Simul·
1421 1094 1460 1121 v.
1480 1080 1640 1118 Sendoc
1663 1085 1766 1118 haec
1797 1083 1916 1117 arbor

89 1144 258 1190 dicitur,
304 1143 525 1180 monticola
557 1144 770 1194 habitanS,
816 1142 1008 1179 corticem
1043 1141 1198 1185 profert
1226 1141 1472 1177 medicatum
1505 1138 1738 1184 (Corticem
1769 1135 1916 1172 Simon

88 1199 297 1246 spurium,
334 1198 446 1234 Culic
477 1197 672 1244 Sv‘ntoU,
705 1200 773 1235 cui
802 1200 1002 1242 quaedam
1032 1208 1123 1234 cum
1153 1198 1304 1234 cortice
1334 1206 1525 1241 papuano
1556 1195 1803 1242 similitudo,
1843 1195 1915 1230 sed

88 1265 228 1294 aroma
249 1256 402 1299 profert
422 1257 559 1293 minus
585 1265 679 1292 acre
704 1259 744 1292 et
765 1257 886 1300 longe
903 1254 1129 1299 jucundius
1152 1255 1204 1291 ad
1226 1263 1376 1291 nucum
1398 1252 1704 1297 myristicarum
1724 1251 1915 1295 fragran-

90 1313 188 1349 tiam
204 1313 461 1356 aliquomodo
478 1314 691 1349 accedens.

231 1367 394 1403 Cortex·
411 1367 594 1415 Mass-oi,
625 1369 767 1414 ignota
788 1367 906 1404 nobis
927 1372 1098 1412 parente
1110 1395 1119 1412 ,
1151 1376 1273 1411 quam
1289 1367 1341 1404 ad
1358 1365 1594 1402 distinctum
1611 1373 1637 1401 a
1653 1363 1916 1401 Cinnamomo

88 1434 237 1470 genere
251 1425 507 1463 referendum
524 1426 604 1462 sibi
620 1429 868 1467 compertum
885 1435 978 1461 esse
993 1425 1182 1460 Blumius
1208 1423 1378 1467 asserit,
1410 1424 1517 1467 apud
1534 1423 1718 1458 Javanos
1741 1420 1916 1456 circum-

90 1481 238 1528 fertur,
279 1482 423 1518 cortici
452 1492 643 1527 papuano
675 1481 781 1518 facie
811 1481 983 1530 similis,
1022 1483 1144 1518 Odore
1174 1480 1281 1529 acri,
1312 1482 1543 1526 balsameo,
1574 1478 1740 1515 minime
1769 1485 1916 1519 caryo-

87 1541 306 1583 phyllaceo
322 1543 385 1575 est.
401 1538 749 1575 distinctissimus.

226 1598 274 1631 In
291 1596 387 1631 aliis
405 1595 659 1632 cinnamomi
675 1594 915 1640 speciebus,
939 1604 960 1630 e
977 1594 1126 1637 quibus
1146 1591 1463 1628 cinnamomum
1482 1589 1714 1637 Capparu-
1726 1586 1916 1624 Coronde

87 1652 221 1688 Blum.
251 1653 532 1699 ceylanicum,
585 1655 625 1688 et
656 1649 971 1685 Cz'nnamomum
1002 1647 1327 1696 camphoratum
1357 1651 1489 1685 Blum.
1517 1647 1757 1691 javanicum
1785 1645 1918 1681 nomi-

88 1710 251 1744 nandae
279 1713 394 1754 sunt,
427 1711 691 1752 camphorata
719 1707 893 1743 miscela
915 1707 957 1742 in
982 1707 1133 1743 cortice
1157 1708 1388 1752 praevalet,
1421 1706 1562 1741 eadem
1584 1704 1626 1739 in
1649 1702 1918 1747 plurimarum

85 1764 294 1801 radicibus
311 1766 481 1810 residet,
515 1769 636 1807 atque
653 1773 705 1799 ex
720 1764 810 1807 ipso
831 1762 1095 1797 Cv'mmmomz'
1116 1761 1333 1809 zeylamffcz
1352 1762 1535 1798 radicum
1558 1760 1706 1797 cortice
1731 1759 1917 1795 destilla-

90 1822 198 1858 tione
228 1822 403 1857 elicitur.
465 1817 739 1856 malabathri
767 1817 992 1880 (Tam-tla-
1001 1819 1146 1864 patra]
1177 1829 1216 1856 v.
1242 1817 1345 1854 Inde
1361 1816 1486 1868 folm
1508 1817 1635 1861 [Tej-
1616 1820 1734 1862 -pat,
1767 1815 1917 1858 Saduj-

88 1877 283 1925 hindee),
315 1887 419 1921 quae
434 1878 477 1913 in
499 1877 687 1921 plurimis
703 1859 832 1912 Asiae
854 1876 1046 1919 emporiis
1068 1876 1240 1912 xerialia
1261 1879 1376 1922 sunt,
1408 1877 1457 1911 ob
1483 1873 1677 1911 aromatis
1699 1876 1918 1917 praestan-

89 1934 187 1970 tiam
213 1934 399 1978 populari
425 1935 597 1970 istarum
627 1934 808 1978 gentium
838 1933 1133 1969 consuetudine
1161 1933 1419 1969 masticanda
1447 1933 1514 1967 vel
1540 1939 1594 1966 ex
1622 1938 1732 1973 aqua
1760 1928 1918 1965 fervida

87 1991 334 2037 haurienda,
368 1991 624 2027 diversarum
647 1989 901 2027 Cinnamomi
931 1989 1163 2032 specierum
1194 1989 1296 2025 folia
1320 1989 1491 2034 sistunt,
1524 1997 1546 2023 e
1569 1985 1788 2030 multiplici
1809 1984 1917 2021 mix-

90 2051 182 2083 tura
194 2044 414 2083 'difficulter
433 2049 485 2084 ad
502 2056 603 2083 suas
618 2049 785 2091 plantas
803 2046 1028 2082 referenda.
1089 2047 1201 2089 Quae
1222 2046 1265 2081 in
1280 2048 1586 2088 Europaeorum
1608 2044 1917 2087 pharmacothe-

88 2103 149 2140 cis
166 2112 261 2140 rara
275 2104 394 2140 hodie
409 2108 606 2150 prostant,
631 2113 652 2139 e
667 2101 936 2138 Coe'nnamomo
954 2101 1087 2137 inerti
1100 2105 1233 2139 Blum.
1251 2106 1290 2138 et
1306 2112 1328 2138 e
1347 2100 1617 2136 cinnamomo
1635 2096 1768 2133 nitido
1786 2100 1918 2133 Hook.

87 2160 346 2206 potissimum
369 2161 498 2204 petita
518 2160 729 2208 videntur;
757 2158 802 2196 in
822 2159 965 2196 Indiae
987 2160 1220 2196 continente
1240 2169 1262 2196 e
1290 2157 1562 2194 Ce'nnamomo
1591 2153 1776 2191 Tamalcc
1797 2157 1916 2191 Nees.

89 2221 130 2254 et
145 2228 167 2253 e
179 2215 450 2251 cinnamomo
469 2215 714 2266 obtusz'folio
731 2219 852 2253 Nees.
868 2216 1070 2260 imprimis
1088 2217 1353 2260 colliguntur.

229 2273 381 2309 Rarius
399 2278 462 2310 est
476 2273 827 2310 inLaurinearum
844 2273 1172 2310 americanarum
1187 2273 1407 2309 corticibus
1423 2271 1746 2308 cinnamomeum
1763 2275 1916 2313 aroma,

90 2329 212 2374 idque
233 2330 400 2367 minime
429 2331 474 2367 in
503 2333 590 2367 ullo
621 2340 787 2379 purum,
817 2331 890 2366 sed
921 2329 1116 2366 admixtis
1145 2330 1392 2366 substantiis
1423 2326 1774 2373 adstringentibus
1803 2326 1916 2369 rude,

87 2389 156 2423 vel
173 2386 312 2423 addita
334 2388 594 2432 caryophylli
615 2397 691 2423 seu
711 2390 874 2431 naphae
899 2385 1128 2431 fragrantia
1149 2386 1332 2423 alienum
1352 2389 1583 2430 generatur.
1643 2380 1729 2417 Nec·
1722 2378 1918 2416 -tandrae

88 2441 435 2479 cmnamomoidis
457 2447 576 2480 Nees.
602 2443 800 2488 [canella
821 2445 870 2479 do
893 2443 1030 2488 Maio]
1054 2446 1089 2478 N
1092 2442 1487 2488 ovo-granatensls,
1517 2437 1791 2475 Nectandrae
1814 2446 1918 2472 scm-

86 2499 267 2547 guineae
294 2502 429 2537 Rottb.
459 2500 706 2548 antillanae,
740 2497 1014 2534 Nectandrae
1043 2499 1288 2546 cymbarum
1311 2502 1429 2536 Nees.
1459 2494 1727 2542 (Sassafras)
1758 2494 1920 2531 orinoc-

89 2556 250 2603 censis,
281 2553 487 2591 Le‘enrz’ae
506 2555 753 2603 gm‘anensr's
775 2558 899 2594 Aubl.
924 2554 1298 2603 [Licari-Kanali,
1330 2556 1429 2592 Bois
1459 2557 1507 2591 de
1529 2552 1686 2599 Rose],
1731 2561 1807 2587 nec
1836 2559 1918 2586 non

89 2610 325 2659 Dc‘cypellii
344 2611 667 2660 caryophyllati
685 2615 803 2649 Nees.
835 2611 995 2656 [Moira
1017 2613 1207 2657 Quiynha
1236 2623 1271 2650 s.
1295 2615 1421 2655 Ibyra
1442 2612 1605 2655 Giynha
1631 2610 1659 2646 i.
1686 2619 1719 2645 e.
1742 2608 1920 2651 Lignum

89 2668 281 2714 Capsici)
298 2671 498 2713 quaedam
514 2672 609 2706 laus
625 2674 700 2706 est.
758 2669 984 2712 Dicypellii
999 2674 1138 2705 cortex
1156 2669 1331 2712 (cortex
1350 2667 1527 2703 Cassiae
1544 2662 1916 2712 caryQplefsllaecte,

94 2724 273 2761 Canella
303 2725 490 2774 cubam,
525 2724 666 2760 Cravo
695 2723 747 2759 do
771 2722 1039 2768 Maranlzao)
1072 2726 1116 2761 in
1138 2727 1344 2769 Europam
1370 2723 1662 2761 transvehitur.
1719 2717 1920 2764 Mespila-

91 2779 281 2829 daplmes
296 2782 519 2829 pretiosae
533 2784 637 2819 Nees
655 2786 694 2819 et
708 2785 829 2818 Mart.
847 2777 956 2824 [Pao
979 2791 1018 2818 v.
1037 2782 1169 2818 Casca
1190 2782 1380 2825 preciosa
1393 2780 1703 2825 Lusitanorum,
1736 2776 1919 2813 Canelil-

87 2841 157 2876 lae
186 2839 552 2884 Maypurensium)
584 2847 724 2876 aroma
751 2838 1155 2883 praestantissimum
1190 2838 1378 2874 creditur.
1452 2836 1609 2872 Similis
1646 2833 1743 2870 huic
1780 2832 1918 2869 odoris

90 2897 296 2933 suavitate
316 2894 623 2942 Oreodapknae
640 2895 1011 2940 [Ceramophorae]
1029 2893 1247 2940 capularis
1263 2896 1382 2931 Nees.
1401 2892 1523 2938 (Bois
1540 2893 1588 2928 de
1604 2889 1817 2936 Canelle),
1850 2897 1920 2924 ar-

40 2949 46 2954 '
89 2953 201 2990 boris
230 2953 275 2989 in
304 2956 642 2990 Mascarenarum
670 2952 821 2988 insulis
852 2952 1102 3000 sylvicolae,
1140 2956 1290 2988 cortex.
1348 2946 1659 2997 Agathophylli
1687 2943 1922 2981 aromatica

90 3010 237 3046 Willd.
255 3007 371 3054 [Rav
373 3009 583 3057 entsara),
615 3007 1019 3054 madagascariensis
1037 3017 1088 3044 ex
1103 3008 1426 3045 americanorum
1442 3014 1634 3051 generum
1656 3002 1918 3039 contubernio

93 3065 274 3114 arboris,
306 3066 408 3102 folia
428 3066 675 3103 cinnamomi
697 3067 838 3112 odore,
869 3065 989 3101 nucis
1011 3068 1250 3101 moschatae
1265 3069 1305 3101 et
1321 3073 1419 3106 cary
1421 3065 1678 3107 ophyllorum
1692 3059 1920 3104 fragrantia

91 3125 332 3169 temperato,
369 3123 557 3167 praedita
585 3126 695 3160 sunt.
765 3123 942 3159 Fructus
970 3121 1091 3157 ηαστε
1121 3118 1479 3168 caryophyllatae
1508 3119 1672 3156 nomine
1699 3117 1745 3155 in
1770 3115 1918 3153 merci-

92 3179 242 3216 moniis
259 3183 368 3215 sunt.

236 3231 500 3281 camphora,
546 3244 652 3278 quae
681 3244 704 3272 e
730 3234 862 3272 variis
893 3234 1048 3272 diversi
1077 3233 1233 3271 ordinis
1263 3233 1462 3278 stirpibus
1492 3239 1587 3268 rara
1616 3229 1839 3276 obtinetur,
1873 3227 1917 3264 in

91 3289 287 3327 Laurinis
303 3291 516 3328 arboribus
532 3290 722 3335 frequens
740 3292 955 3339 reperitur,
987 3292 1030 3327 in
1047 3290 1144 3327 aliis
1161 3292 1214 3328 ad
1228 3291 1335 3327 imas
1351 3291 1513 3326 radices
1537 3290 1721 3333 detrusa,
1752 3285 1797 3321 in
1821 3284 1919 3321 aliis

93 3356 166 3390 per
185 3347 425 3384 universam
445 3350 629 3390 plantam
653 3347 822 3394 diffusa,
848 3348 922 3385 sed
944 3348 1140 3384 aromatis
1165 3347 1366 3383 connubio
1384 3346 1589 3392 cicurata,
1619 3343 1663 3379 in
1678 3341 1919 3386 quibusdam

94 3406 272 3447 expulsa
293 3404 402 3440 omni
424 3403 678 3441 Cinnamomi
701 3403 910 3440 suavitate
929 3403 1129 3440 indomita
1151 3407 1308 3449 regnat.
1369 3398 1613 3447 camphora
1634 3401 1824 3435 arborum
1847 3406 1918 3443 ge-

95 3467 173 3497 nus
201 3460 460 3498 substantiae
487 3460 740 3500 vehementis
772 3459 1096 3510 feracissimum,
1145 3460 1408 3498 cinnamomo
1439 3456 1636 3495 affinitate
1664 3454 1847 3493 naturali
1875 3455 1918 3490 in
