2147 3756
1069 97 1189 146 444

221 259 249 297 S
257 260 321 296 UB
329 260 451 296 TRIR
460 258 521 296 US
544 260 594 296 11.
636 259 1048 296 CORYDALmEAE.
1326 259 1646 305 c.Bu1b00apnos
1664 259 1806 296 Bernh.

327 327 451 362 4838.
482 326 775 369 Phacocapnos
792 322 951 360 Bernlz.
1325 344 1361 378 α
1387 303 1662 379 Leofiffl'osfflgss
1675 305 1757 381 gg:

327 383 451 419 4839.
480 382 693 425 corydalis
710 379 802 417 DC·
1267 395 1391 431 4840.
1420 395 1698 438 Discocapnos
1718 391 2031 433 Cham.etSehl.

538 430 755 473 Capnoides
771 427 911 462 Roerh.

536 477 734 512 Neckeria
752 475 870 522 Scop.
1265 450 1390 488 4841·
1420 452 1700 494 SssfCOCRDssOS
1716 448 1817 503 DC„

388 538 425 561 a
453 525 669 572 Capnoides
691 525 829 559 Gdrtn
1265 505 1390 542 4842.
1420 506 1690 586 Cygticapnos
1709 476 1866 542 Boerh.

538 574 828 609 Borkhausenia
843 571 1080 610 Flor.1Vet-
1477 554 1848 640 Cgp{‘g{}igtgeffgss

384 659 419 695 b.
445 659 523 704 Cap
528 660 628 692 nites
644 657 758 691 Endl.
987 620 1058 651 ter
1266 644 1391 682 4843.
1419 645 1614 682 Fumaria
1636 643 1838 696 Tournef.

542 707 758 749 Capnoides
777 705 854 741 Dc.
1479 693 1795 738 Sphaerocapnos
1812 694 1892 731 Dc·

539 748 743 792 Corydalis
765 745 907 785 Bernh-
1269 744 1394 780 4844.
1424 744 1547 788 Platy
1550 753 1702 789 capnos
1717 742 1811 782 DC.

351 847 676 896 Affinitas.
732 854 835 891 Ordo
858 853 953 891 hinc
967 854 1224 892 Berberideis
1246 859 1284 891 et
1299 855 1650 904 Ranunculaceis,
1681 855 1797 893 illinc
1812 854 2035 895 Cruciferis

213 916 253 951 et
273 912 599 957 Nymphaeaceis
629 911 766 947 affinis
798 914 873 947 est.
929 913 996 947 Ex
1027 915 1244 955 embryone
1273 912 1382 948 intra
1403 915 1595 948 albumen
1622 913 1829 957 copiosum
1851 913 2033 961 minimo,

213 979 266 1006 ex
283 969 462 1014 germine
479 976 603 1011 saepe
618 969 855 1012 polypliyllo
872 970 909 1003 et
926 977 947 1003 e
964 968 1172 1016 carpidiis‚
1197 968 1239 1004 in
1257 978 1334 1004 uno
1351 969 1488 1004 saltim
1504 978 1650 1019 genere
1667 967 2033 1017 (Platystemone),

214 1025 403 1062 discretis
434 1025 486 1060 ad
509 1026 674 1068 plantas
696 1023 993 1067 Polycarpicas
1017 1024 1194 1072 accedit,
1227 1033 1279 1060 ex
1303 1025 1706 1067 trophospermiorum
1728 1025 2034 1062 intravalvula-

213 1083 318 1117 rium
347 1081 502 1126 indole,
535 1083 573 1115 et
603 1089 655 1115 ex
685 1074 879 1115 universa
909 1079 1063 1116 fructus
1093 1080 1254 1116 fabrica
1282 1081 1495 1118 arctiorem
1524 1089 1615 1117 cum
1644 1082 1861 1126 subsequis
1892 1082 1936 1120 in
1958 1084 2034 1118 hoo

213 1140 439 1183 systemate
455 1138 688 1180 plantarum
705 1135 875 1172 familiis
892 1136 1129 1172 affinitatem
1148 1138 1283 1173 habet

354 1199 783 1256 Geographia·
835 1207 980 1250 Papav
982 1215 1152 1243 eraceae
1170 1205 1212 1241 in
1229 1205 1461 1251 regionibus
1479 1206 1710 1250 temperatis
1726 1205 2036 1250 hemisphaerae

212 1262 393 1302 borealis
416 1263 594 1300 maximo
611 1272 774 1299 numero
790 1266 1052 1310 generantur,
1077 1262 1120 1298 in
1136 1264 1301 1306 Europa
1318 1267 1355 1298 et
1369 1263 1562 1299 America
1578 1263 1733 1299 boreali
1748 1263 1947 1307 imprimis
1966 1273 2036 1300 co-

212 1321 376 1366 piosae,
402 1321 527 1355 multo
544 1319 586 1354 in
601 1319 707 1355 Asia
723 1319 913 1355 rariores.
955 1320 1064 1354 Inter
1079 1319 1255 1362 tropicos
1272 1322 1311 1354 et.
1327 1322 1440 1355 trans
1457 1319 1739 1362 capricornum
1756 1318 2035 1363 paucissimae

212 1376 412 1413 habitant.
467 1376 528 1411 De
546 1372 807 1419 Papavereis
831 1374 1116 1420 dispicientes,
1148 1384 1299 1419 genera
1321 1384 1444 1410 succo
1461 1378 1592 1410 lacteo
1610 1375 1836 1418 petalisque
1852 1375 2038 1411 aestiva-

213 1434 322 1468 tione
339 1431 475 1474 planis
493 1432 642 1466 donata
658 1429 958 1473 (Boc-comeus)
978 1431 1021 1466 in
1035 1431 1227 1466 America
1241 1431 1397 1467 boreali
1412 1431 1529 1467 nasci
1547 1434 1828 1468 observamus.
1884 1428 2036 1475 Papa-

214 1496 365 1524 vereae
384 1495 531 1534 verae,
555 1489 606 1522 ab
623 1486 687 1522 his
703 1487 853 1529 petalis
870 1485 1141 1522 aestivatione
1157 1487 1572 1531 corrugato-plicatis
1588 1487 1825 1534 distinctae,
1848 1486 1892 1523 in
1906 1486 2039 1523 veteri

213 1542 469 1589 potissimum
491 1545 586 1579 orbe
609 1544 807 1579 habitant.
866 1540 1105 1588 Papaveris
1129 1543 1291 1586 species
1313 1543 1356 1578 in
1371 1544 1537 1585 Europa
1553 1547 1590 1578 et
1607 1543 1710 1578 Asia
1727 1547 1947 1586 temperata
1964 1545 2037 1579 ob-

212 1601 306 1636 viae
331 1603 446 1646 sunt,
479 1599 601 1635 etiam
617 1599 659 1634 in
675 1603 852 1635 extremo
874 1599 1159 1642 septemtrione
1175 1602 1211 1635 et
1229 1599 1271 1634 in
1286 1599 1456 1635 summis
1473 1599 1634 1641 alpibus
1649 1599 1784 1646 visae3
1815 1601 2038 1635 nonnullae

213 1657 257 1694 in
280 1656 422 1699 Capite
446 1658 577 1691 bonae
600 1655 687 1698 spei
719 1660 755 1691 et
785 1655 828 1691 in
850 1657 966 1691 Nova
990 1655 1212 1691 Hollandia
1238 1659 1421 1698 repertae
1444 1655 1619 1691 fuerunt.
1679 1653 1974 1700 Meconopseos
1997 1658 2038 1691 et

213 1711 470 1759 Argemones
485 1721 678 1755 generum
694 1713 812 1747 sedes
827 1711 1029 1747 latissime
1046 1716 1201 1757 patent,
1234 1714 1309 1747 hoc
1325 1711 1430 1747 inter
1446 1711 1619 1754 tropicos
1638 1712 1909 1758 divulgatum,
1933 1711 2037 1747 illud

213 1778 286 1814 per
310 1771 463 1805 montes
485 1770 634 1812 plagae
662 1767 955 1810 extratropicae
976 1768 1155 1804 borealis
1178 1767 1381 1804 diffusum.
1438 1762 1884 1803 Etiam'Claelz'dom‘um
1907 1776 2038 1812 genus

214 1825 499 1869 amphigaeum
530 1827 605 1861 est.
665 1820 966 1869 Scylopleorum
992 1824 1227 1860 Amerinam
1258 1826 1481 1870 borealem,
1516 1820 1759 1869 Rb'merz'ae,
1791 1820 1976 1858 Glaucia
2000 1825 2038 1859 et
2104 1862 2106 1864 ,

217 1878 550 1916 Closterandrae
563 1877 766 1924 regionem
782 1880 1117 1916 mediterraneam
1135 1880 1383 1915 etOrientem
1400 1879 1594 1916 incolunt.
1626 1877 1900 1925 Papavereae
1915 1888 2039 1915 succo

215 1946 343 1980 aqueo
369 1934 769 1980 (Hunnemannieae
799 1939 838 1971 et
862 1933 1253 1981 Platystemoneae)
1287 1945 1427 1972 omnes
1458 1936 1501 1971 in
1530 1936 1723 1971 America
1753 1935 1929 1982 boreali,
1960 1935 2039 1972 im-

214 1994 357 2038 primis
389 1992 635 2029 occidentali
663 1991 822 2028 vivunt.
881 1988 1136 2026 Fumat-icae
1166 1991 1210 2026 in
1241 1991 1474 2034 temperatis
1505 1991 1815 2034 hemispliaerae
1843 1990 2038 2038 borealis,

214 2049 413 2099 imprimis
435 2048 479 2084 in
500 2047 664 2092 regione
685 2048 981 2085 mediterranea
998 2051 1036 2084 et
1050 2048 1092 2083 in
1108 2046 1299 2084 America
1313 2047 1469 2084 boreali
1485 2048 1752 2091 reperiuntur.
1809 2049 2041 2084 Nonnullae

217 2105 261 2143 in
277 2104 419 2149 Capite
436 2107 566 2141 bonae
581 2104 669 2147 spei
683 2104 888 2153 habitant,
920 2103 986 2140 sui
1001 2103 1176 2148 generis.
1233 2105 1266 2140 E
1285 2103 1521 2146 regionibus
1538 2103 1705 2146 tropicis
1721 2106 1905 2141 exulant.

361 2167 723 2221 Qualitates
746 2177 785 2211 et
805 2179 975 2213 usus.
1032 2175 1414 2216 Papaveracearum
1438 2182 1589 2209 succus
1612 2173 1856 2210 substantiis
1872 2181 2039 2217 prorsus

217 2231 518 2281 peculiaribus,
549 2230 770 2267 narcoticis
787 2232 825 2266 et
843 2230 1029 2276 acribus,
1055 2230 1220 2265 diversa
1236 2231 1359 2272 plane
1374 2228 1416 2264 in
1434 2229 1610 2265 diversis
1627 2229 1800 2266 miscela
1816 2229 1948 2267 foetus
1964 2233 2037 2266 est.

219 2291 332 2334 Quae
348 2290 556 2332 lympham
573 2289 791 2323 coloratam
807 2290 980 2333 vehunt,
1013 2294 1110 2329 prae
1127 2285 1295 2328 reliquis
1311 2285 1411 2321 mihi
1425 2287 1500 2320 hoc
1516 2287 1603 2321 loco
1619 2286 1891 2323 memoranda.

357 2356 625 2403 Papaveram
655 2366 805 2393 succus
836 2359 995 2392 lacteus
1027 2355 1279 2399 inspissatus
1306 2351 1453 2401 opium
1477 2347 1634 2400 (ὀπός)
1665 2359 1744 2404 est,
1774 2355 1922 2392 veneni
1943 2363 2040 2392 nar-

218 2414 338 2452 cotici
359 2424 507 2462 genuS,
538 2422 712 2458 magnae
738 2414 846 2456 apud
869 2412 1045 2448 medicos
1068 2411 1301 2459 dignitatis,
1332 2411 1500 2455 majoris
1522 2412 1565 2447 in
1582 2415 1823 2455 populorum
1839 2412 1938 2448 fatis
1953 2421 2040 2448 mo-

177 2471 187 2473 “
219 2471 359 2509 menti.
416 2473 517 2507 Nam
535 2470 672 2515 gliscit.
688 2470 795 2513 apud
811 2472 971 2516 gentes,
996 2477 1099 2512 quae
1116 2468 1462 2510 perniciosissimo
1481 2470 1624 2504 temeto
1642 2471 1828 2516 utuntur,
1851 2468 2038 2515 vesania,

220 2533 259 2564 et
284 2527 398 2564 brevi
424 2537 492 2571 per
517 2531 713 2562 terrarum
730 2528 864 2562 orbem
882 2528 1026 2561 curret.
1086 2526 1261 2560 Graecos
1278 2524 1450 2568 primum
1468 2524 1565 2567 Opio
1581 2524 1685 2560 inter
1701 2524 1924 2561 medicinas
1940 2533 2039 2561 usos

219 2583 352 2620 fuisse
375 2586 553 2630 constat,
584 2584 858 2618 Romanorum
881 2582 1077 2624 quosdam
1099 2581 1210 2617 vitae
1233 2580 1365 2617 taedio
1382 2580 1608 2624 Papaveris
1623 2590 1792 2618 succum
1806 2582 1859 2618 ad
1875 2584 2040 2628 mortem

219 2640 425 2677 hausisse.
491 2641 557 2675 Ex
585 2639 773 2683 Aegypto
805 2640 843 2673 et
871 2637 1040 2673 Perside
1066 2646 1141 2680 per
1170 2637 1412 2673 Mahometis
1443 2639 1647 2684 asseclas,
1685 2637 1774 2674 vini
1803 2636 2039 2683 abstemios,

219 2699 467 2741 propagatus
483 2698 545 2732 est
559 2694 768 2738 pharmaci
782 2694 883 2730 mire
899 2697 1108 2730 cerebrum
1124 2693 1392 2729 demulcentis
1409 2696 1578 2730 abusus.
1637 2695 1735 2729 Sero
1752 2694 1803 2729 ad
1817 2693 1937 2729 Indos
1952 2700 2041 2728 ma-

220 2753 354 2799 navit,
381 2752 450 2795 qui
464 2751 581 2788 hodie
596 2751 728 2788 vastis
745 2751 855 2795 agris
872 2750 1051 2793 opiferae
1066 2752 1232 2793 plantae
1249 2751 1450 2785 culturam
1466 2753 1674 2796 exercent3
1698 2749 1887 2792 sinisque
1903 2750 2041 2785 scelus

221 2809 431 2853 sapienter
460 2807 716 2855 arcentibuS,
748 2806 872 2844 armis
901 2816 1059 2844 merces
1088 2805 1326 2843 obtruditur.
1380 2807 1490 2843 Inter
1518 2815 1592 2843 nos
1621 2805 1736 2842 virus
1766 2803 1914 2853 serpit,
1945 2811 2041 2842 mox

227 2866 374 2902 effrene
389 2866 589 2901 elaturum
607 2867 742 2907 caput.

365 2935 567 2979 Quomodo
591 2932 736 2977 opium
758 2933 801 2969 in
825 2932 987 2969 Oriente
1011 2942 1032 2969 e
1048 2929 1270 2977 papavere
1286 2929 1514 2979 somnifero
1537 2929 1658 2968 Linn.
1680 2929 1926 2978 obtineatur,
1953 2929 2041 2973 jam

222 2995 382 3028 veteres
412 2990 623 3026 tradidere.
682 2989 876 3025 Collectio
900 2998 972 3032 per
993 2988 1200 3024 ineuntem
1223 2990 1421 3024 aestatem
1445 2987 1667 3035 perficitur,
1698 2987 1929 3031 propinqua
1950 2994 2042 3022 ma-

224 3047 382 3084 turitati
411 3046 549 3089 capita
577 3044 825 3081 decussatim
855 3044 1078 3081 sauciando
1109 3053 1180 3087 per
1202 3043 1469 3087 superficiem.
1529 3044 1666 3080 Culter
1685 3044 1847 3088 negotio
1869 3042 2042 3079 inservit

224 3102 382 3147 duplici
408 3112 448 3139 v.
473 3101 645 3147 triplici,
675 3101 755 3136 imo
780 3100 1025 3144 quintuplici
1048 3099 1137 3136 acie
1159 3099 1404 3147 instructus,
1436 3099 1504 3143 qui
1526 3108 1609 3135 una
1631 3100 1810 3136 sectione
1831 3101 1954 3143 plura
1975 3098 2040 3134 in-

224 3160 326 3204 fligit
347 3161 536 3195 vulnera.
591 3159 846 3194 Promanans
872 3166 893 3192 e
905 3156 1168 3193 vulnusculis
1185 3165 1336 3193 succus
1351 3156 1546 3199 postridie
1561 3159 1723 3200 scalpro
1740 3155 1986 3200 abstergitur
2001 3157 2041 3190 et

225 3215 269 3252 in
299 3217 516 3252 vasculum
547 3213 773 3262 colligitur,
813 3216 896 3249 tum
931 3215 1061 3248 altera
1100 3212 1278 3255 capitum
1316 3212 1445 3250 facies
1475 3214 1614 3249 eodem
1642 3213 1758 3249 modo
1787 3213 2038 3248 vulneratur.

223 3271 387 3308 Primae
403 3270 653 3308 collectionis
669 3272 854 3314 lacryma
853 3269 1141 3315 praestantior
1155 3271 1237 3315 est,
1269 3271 1307 3303 et
1323 3277 1423 3313 grav
1426 3269 1510 3304 iore
1525 3271 1649 3314 pollet
1663 3269 1834 3316 virtute,
1866 3269 2041 3303 colorem

227 3328 425 3364 exhibens
449 3328 630 3364 albidum
650 3336 691 3364 v.
713 3336 735 3363 e
757 3329 866 3363 luteo
889 3327 1129 3372 pallentem,
1161 3326 1233 3362 sed
1256 3325 1326 3368 qui
1342 3335 1393 3361 ex
1406 3325 1588 3370 longiore
1603 3324 1847 3361 insolatione
1860 3327 1899 3359 et
1913 3321 2041 3359 aridi-

230 3388 310 3419 tate
332 3383 534 3421 infuscari
555 3385 672 3421 solet
727 3383 872 3420 Altera
894 3381 1078 3418 collectio
1101 3390 1269 3419 succum
1291 3382 1435 3426 promit
1458 3374 1582 3426 priori
1602 3380 1759 3417 viribus
1777 3383 1815 3417 et
1830 3378 1958 3423 pretio
1973 3377 2038 3414 in-

229 3439 434 3489 feriorem,
458 3439 607 3480 coloris
625 3442 665 3478 ut
681 3438 901 3486 plurimum
916 3437 1077 3477 obscuri
1092 3447 1132 3476 v
1149 3447 1170 3476 e
1187 3436 1276 3476 rufo
1292 3438 1554 3488 nigricantis5
1578 3437 1738 3476 tertiam
1754 3435 1792 3476 si
1806 3434 2037 3481 inst-,ituunt
