2147 3756
991 123 1104 174 ¹98

1146 201 1222 208 *a

225 299 348 334 2052.
380 298 643 341 Oreodaplme
661 294 778 332 Mes.
1164 295 1286 329 2059.
1317 292 1583 328 Tetrantlrera
1599 290 1727 338 Jacq.

311 358 348 380 a.
374 346 658 390 Aper-iphracta
672 346 780 380 Nees.
853 366 865 377 .
939 346 942 349 '
1405 339 1538 372 Litsea
1552 338 1664 390 Itum.

312 395 346 434 b,
371 395 636 439 Agriodaptme
651 394 759 429 Nees.
1403 382 1554 431 Tomex
1578 381 1723 430 mugil».

468 444 609 478 Ocotea
630 443 843 488 amena-f·
1403 423 1558 465 Berrija
1576 424 1707 457 chzn.

1404 465 1582 500 Sebit‘era
1615 469 1654 499 et:
1687 461 1912 499 chantiius

313 505 346 528 ο.
371 492 651 536 Cei-amophora
667 492 775 526 Nees.
1846 505 1960 540 Lour-

398 555 439 578 a.
467 541 769 586 Ceramophorae
796 540 981 583 genuinae
1407 548 1608 583 Glabraria
1622 548 1726 583 Lim,

401 629 442 672 β.
467 623 830 659 Adenotrachelium
846 582 1024 661 Negas·
1406 592 1516 627 Fiwa
1535 592 1655 625 Gmel'

314 678 341 712 d
374 672 652 711 Uinbellularia
668 673 775 706 Nees.
1169 643 1294 680 2060·
1324 643 1582 686 P⁰lyadenia
1599 637 1717 677 Nees·

341 702 369 760 '2
380 726 618 759 Menestrata
632 722 737 756 Flor.
755 722 883 756 Flam.
1169 701 1293 735 2061·
1322 701 1484 762 Lau-rus
1508 696 1708 766 T⁰J⁴r⁷lff⁶

356 774 570 809 QLinharea
587 771 756 805 Arruda,
1169 757 1293 791 2062.
1324 756 1604 799 Lepidadenla
1622 751 1741 789 hee-8⁸.

229 826 354 862 2053.
385 826 728 866 Camphoromoea
745 817 866 857 4757888.
1133 829 1328 867 TRIBUS
1344 830 1438 865 XII·
1462 826 1834 864 DAPHA-IDINAE·

231 883 355 919 2⁰54*
386 882 537 961 ⁰⁰⁰‘Se3
550 874 684 959 Αῗωᾈ
740 924 749 958 Ι
826 925 867 960 Ν
1173 898 1295 933 2063.
1330 893 1616 931 Dodecadenia
1635 890 1754 929 Nees.

471 936 836 1009 ὃθηῖῗὲὶὲῖἶὶὲἳέἒςῖ.
864 936 937 960 ees‘
1173 953 1298 988 2064.
1326 952 1640 993 Actinodaphne
1656 946 1776 985 Nees.

1412 1000 1571 1033 Jozoste
1587 998 1695 1033 Nees.

231 1029 356 1064 2055.
387 1028 723 1070 Gymnobalanus
741 1023 861 1062 Nees.
1173 1052 1298 1086 2065.
1329 1051 1490 1093 Daphni
1495 1050 1603 1085 dium
1627 1046 1747 1086 Nee&

195 1107 391 1146 TRIBUS
405 1107 457 1142 X.
480 1107 860 1143 FLAVIFLORAE.
1175 1109 1297 1143 2066.
1329 1106 1499 1142 Litsaea
1514 1104 1632 1139 Juss.

234 1176 357 1210 2056.
388 1174 606 1209 Sassafras
624 1170 744 1207 Nees.
1413 1153 1661 1229 ὲθξῑῆἆίξῐῑίῗ)
1670 1150 1779 1184 Nees.

231 1232 356 1268 2057.
387 1230 569 1266 Benzoin
588 1226 707 1264 Nees.
1452 1207 1521 1229 ³¹*
1534 1206 1611 1228 ”¹¹³
1663 1196 1791 1226 ‘must'

475 1277 651 1312 Calosma
666 1276 789 1311 Presl.
1137 1265 1334 1302 TRIBUS
1348 1265 1462 1299 ΧΙῙΙ.
1490 1262 1809 1303 CASSYTEAE.

196 1353 394 1393 TRIBUS
410 1354 483 1389 XI.
517 1353 990 1389 TETRANTHEREAE.
1179 1332 1302 1368 2⁰⁶7·
1334 1331 1511 1412 CaSQT-V‘la
1527 1327 1666 1411 Lf'lnnffi,
1728 1374 1752 1409 ,Α

234 1422 361 1457 2058.
391 1420 697 1463 cylicodaplme
712 1415 836 1476 Nee&
1417 1381 1616 1454 Cglffiiuss
1630 1387 1763 1454 1132?

293 1524 617 1570 Affinitas·
677 1529 780 1567 Ordo
808 1527 1008 1573 peculiari
1032 1530 1292 1565 antherarum
1316 1525 1475 1563 fabrica
1499 1526 1602 1562 solis
1624 1523 1977 1568 Atherospermeis

156 1593 194 1627 et
219 1589 491 1632 Gyrocarpeis
514 1588 834 1633 comparanduS,
867 1589 916 1622 ab
938 1586 1004 1621 his
1027 1585 1207 1629 germine
1222 1585 1350 1619 libero
1367 1587 1405 1619 et
1422 1580 1651 1625 embryonis
1669 1584 1894 1626 structura,
1926 1583 1978 1617 ab

154 1647 242 1683 illis
273 1645 452 1690 germine
480 1644 601 1680 unico
632 1646 670 1678 et
692 1643 919 1679 seminibus
946 1641 1269 1678 exalbuminosis
1293 1640 1496 1675 diversus.
1553 1639 1593 1674 A
1615 1637 1783 1680 reliquis
1805 1639 1982 1680 Thyme-

154 1705 341 1738 laearum
370 1700 580 1736 ordinibus
610 1702 869 1735 antherarum
900 1702 1124 1744 structura,
1156 1700 1194 1732 et
1223 1697 1403 1741 germine
1433 1695 1646 1741 triphyllo,
1678 1695 1781 1736 quod
1807 1694 1850 1729 in
1881 1693 1980 1730 aliis

157 1767 304 1795 mono-
317 1767 356 1792 v.
375 1757 604 1799 diphyllum
619 1759 700 1803 est,
732 1756 875 1792 differt.
933 1754 1137 1798 Qualitate
1154 1757 1192 1789 et
1208 1752 1422 1798 aromatis,
1456 1752 1560 1794 quod
1576 1754 1716 1793 gerunt
1734 1750 1979 1794 Laurineae,

156 1818 305 1851 natura
326 1812 631 1855 Myristicaceis
653 1812 969 1857 comparandae,
1001 1812 1225 1845 nonnullae
1249 1818 1395 1845 succos
1417 1810 1570 1843 vehunt
1593 1809 1724 1841 colore
1747 1809 1866 1841 rubro
1891 1807 1981 1842 sive

158 1871 343 1906 violaceo
367 1869 562 1914 imbutos,
595 1868 807 1903 arctiorem
831 1876 922 1902 cum
937 1869 1012 1902 hoc
1033 1866 1172 1901 ordine
1190 1865 1428 1900 affinitatem
1444 1863 1694 1908 indicantes,
1726 1862 1981 1905 integumen-

161 1930 288 1961 torum
312 1924 510 1960 florarium
534 1924 688 1970 indole,
721 1922 956 1969 androecei,
989 1922 1182 1966 germinis
1207 1920 1456 1962 seminisque
1480 1919 1636 1955 fabrica
1657 1918 1821 1954 minime
1847 1921 1981 1954 tamen

162 1983 447 2018 confirmatam.
505 1980 730 2022 Cassyteae
767 1982 916 2015 herbae
946 1978 1217 2023 parasiticae,
1257 1979 1472 2021 apim-liae,
1511 1974 1847 2020 cuscutiformes,
1885 1974 1981 2010 flore

163 2038 377 2080 fructuque
399 2036 508 2072 omni
530 2036 676 2072 mirum
699 2036 742 2072 in
756 2036 918 2071 modum
932 2044 1022 2071 cum
1040 2034 1210 2078 reliquis
1227 2033 1537 2080 convenientes,
1569 2033 1619 2067 ab
1637 2031 1776 2066 ordine
1791 2031 1902 2067 haud
1918 2039 1983 2066 re-

162 2094 400 2130 movendae.

310 2168 739 2226 Geographia·
797 2174 1087 2211 Nobilissimus
1112 2174 1160 2210 de
1182 2172 1336 2217 plantis
1361 2170 1553 2208 Laurinis
1578 2174 1741 2215 auctor,
1772 2169 1841 2214 qui
1857 2179 1986 2214 nuper

164 2234 535 2278 quadringentenas
551 2233 721 2268 istarum
738 2231 918 2278 species,
944 2230 1215 2274 quadraginta
1231 2229 1406 2272 quinque
1423 2228 1640 2273 generibus
1657 2229 1984 2271 comprehensas,

167 2289 376 2336 exposuit,
408 2292 541 2324 monet
564 2288 764 2334 ordinem,
798 2288 1129 2330 quemadmodum
1154 2284 1457 2321 characteribus
1481 2283 1763 2330 gravissimis,
1794 2292 1986 2326 generum

168 2346 473 2389 specierumque
489 2345 773 2390 congruentia,
807 2343 1024 2378 formarum
1041 2343 1092 2378 ad
1110 2344 1277 2377 eandem
1294 2343 1474 2383 regulam
1494 2339 1712 2375 effictarum
1729 2348 1870 2386 nexu,
1892 2348 1987 2374 suc-

167 2411 304 2437 corum
319 2402 574 2445 partiumque
589 2400 811 2436 solidarum
826 2399 990 2443 ingenio
1007 2398 1134 2434 simili
1150 2397 1383 2438 medicaque
1402 2396 1552 2431 virtute
1568 2395 1672 2431 inter
1694 2405 1784 2441 eos,
1818 2394 1887 2438 qui
1910 2403 1987 2431 na-

169 2460 325 2494 turales
343 2458 553 2503 dicuntur,
586 2456 753 2502 eminet,
778 2456 838 2491 sic
858 2455 977 2491 etiam
995 2455 1102 2490 intra
1118 2453 1310 2489 terminos
1326 2461 1423 2488 suos
1440 2451 1734 2496 geographicos
1750 2455 1789 2487 et
1805 2450 1932 2486 teneri
1950 2453 1989 2486 et

169 2515 230 2551 ita
252 2513 461 2560 distribui,
493 2516 536 2549 ut
566 2522 695 2557 genus
726 2513 909 2554 quodque
939 2511 1143 2547 definitum
1172 2513 1306 2544 certae
1337 2509 1498 2543 cuidam
1520 2508 1630 2544 orbis
1652 2507 1761 2550 parti
1781 2506 1988 2550 proprium

171 2570 246 2618 sit,
286 2578 417 2612 neque
453 2568 627 2605 ulterius
657 2568 885 2611 exspatiari
915 2567 1098 2614 omnino,
1136 2569 1207 2602 aut
1236 2565 1381 2600 rariori
1411 2566 1557 2600 saltem
1588 2566 1784 2607 exemplo.
1843 2562 1989 2600 Missis

172 2626 408 2673 Cassyteis,
441 2626 623 2667 reliquas
646 2634 783 2661 omnes
807 2625 859 2660 ad
883 2633 1006 2659 unam
1029 2626 1191 2658 arbores
1214 2624 1285 2657 aut
1308 2623 1552 2656 arbusculas
1576 2623 1742 2667 saltem,
1773 2621 1991 2663 plerasque

172 2682 512 2725 sempervirentes
542 2681 684 2728 etiam,
716 2684 865 2724 plagae
892 2679 1001 2724 globi
1024 2679 1153 2714 nostri
1176 2678 1336 2713 calidae
1359 2677 1552 2713 montosis
1576 2676 1809 2720 alpinisque
1833 2674 1992 2711 adscri-

172 2741 280 2781 ptas.
324 2738 474 2781 Frigus
498 2740 572 2773 sub
597 2740 682 2773 sole
706 2739 872 2773 ardente
895 2740 1156 2781 quaerentes,
1187 2733 1333 2777 paucis
1349 2741 1516 2769 suarum
1532 2733 1575 2767 in
1591 2732 1760 2776 planitie
1777 2731 1930 2767 relictis
1946 2730 1989 2767 in

173 2792 368 2830 montium
385 2794 488 2837 juga
504 2794 772 2839 adscendere,
804 2796 924 2835 atque
941 2800 1150 2827 amoenam
1166 2793 1397 2826 umbrarum
1414 2788 1644 2831 temperiem
1661 2797 1799 2824 secum
1816 2786 1990 2834 adferre,

176 2859 198 2886 e
213 2852 330 2893 larga
346 2850 531 2885 foliorum
547 2858 663 2886 coma
679 2848 1099 2894 defluentem,species
1116 2850 1250 2883 autem
1267 2845 1440 2881 ulterius
1456 2844 1781 2887 septemtrionem
1796 2852 1943 2879 versus
1953 2845 1992 2878 et

176 2910 360 2942 austrum
377 2908 488 2941 trans
505 2906 657 2941 ordinis
675 2905 866 2940 terminos
882 2906 1092 2940 naturales
1108 2905 1344 2948 evagantes,
1369 2909 1440 2936 eas
1458 2901 1580 2935 etiam
1596 2899 1819 2945 planitiem,
1843 2901 1993 2942 plagae

176 2962 393 2998 altitudine
416 2957 716 3006 refrigeratam,
748 2961 939 2996 incolere.
997 2960 1144 2994 Omnes
1161 2967 1274 3000 porro
1290 2957 1332 2992 in
1349 2958 1425 2992 duo
1441 2956 1571 2991 veluti
1588 2955 1754 3000 agmina
1770 2955 1990 3002 discedere,

176 3026 302 3053 unum
319 3017 515 3052 orientale
531 3027 602 3053 seu
621 3016 820 3061 indicum,
846 3017 1017 3050 alterum
1034 3014 1282 3050 occidentale
1297 3022 1368 3048 seu
1385 3011 1673 3047 americanum.
1719 3010 1994 3047 Orientalibus

183 3071 521 3118 Cinnammnmzs,
562 3069 869 3117 Camplmreoes,
918 3067 1215 3114 Daphm‘dv’nas
1246 3072 1284 3104 et
1320 3064 1656 3101 Tetrantlaereas
1684 3067 1991 3115 adscribendas,

179 3125 481 3174 Acrod2·cl2·dz·a,
499 3125 803 3172 Nectandreas,
831 3124 1083 3172 Dv'cypelh'a,
1112 3120 1386 3171 Flamfloras,
1415 3121 1742 3169 Oreodaphneas
1758 3125 1797 3158 et
1811 3120 1993 3157 Perseus

179 3185 502 3220 occidentalibus
521 3183 792 3220 adnumerari.
827 3179 1155 3226 Oreodaphneas
1172 3185 1306 3216 autem
1321 3184 1360 3216 et
1374 3177 1556 3214 Perseus
1573 3190 1594 3216 e
1611 3181 1708 3216 sede
1722 3188 1799 3216 sua
1814 3178 1993 3214 naturali

181 3249 332 3284 genera
369 3242 586 3288 quaedam,
627 3243 698 3276 aut
734 3242 881 3276 saltem
911 3239 1114 3281 quandam
1143 3237 1304 3282 generis
1333 3236 1570 3282 sectionem,
1609 3235 1804 3271 orientem
1831 3243 1992 3275 versus,

182 3305 308 3339 parca
321 3297 417 3332 licet
431 3300 581 3344 segete,
604 3298 842 3342 propellere,
869 3292 1066 3328 Hancine
1081 3293 1240 3330 scilicet
1255 3302 1384 3336 genus
1401 3293 1794 3338 Oreodaphnearum,
1819 3287 1999 3326 Mae-lam

184 3354 223 3387 et
247 3348 567 3397 Alseodaphnae
588 3353 830 3389 Persearum
850 3351 1010 3387 Indiam
1031 3350 1210 3386 incolere
1232 3348 1489 3385 orientalem·
1541 3350 1646 3384 Esse
1668 3348 1797 3383 tribus
1824 3346 1992 3391 aliquot,

185 3415 289 3449 quae
311 3408 511 3445 Orientem
534 3417 673 3445 veram
695 3408 869 3452 patriam
891 3406 1144 3451 habitantes,
1174 3404 1322 3440 exinde
1345 3404 1475 3441 veluti
1497 3406 1677 3440 stolones
1701 3403 1900 3446 quasdam
1923 3405 1994 3437 aut

183 3462 434 3500 viviradices
458 3463 501 3501 in
523 3464 717 3502 orientem
734 3470 956 3501 conversas
971 3460 1199 3506 ibidemque
1214 3460 1488 3506 germinantes
1503 3461 1638 3498 edant.
1697 3461 1783 3495 Has
1800 3467 1892 3495 esse
1907 3454 1994 3493 En-
