2147 3756
1053 99 1172 150 (380

205 275 402 319 insipidos
422 275 637 321 formante,
669 281 787 318 quam
805 273 1047 311 alcaloideis
1065 274 1303 319 accensent,
1334 270 1418 307 vim
1440 280 1558 308 suam
1581 271 1736 316 repetit.
1794 271 1943 309 Medici
1970 281 2021 309 ex

204 334 320 368 illius
353 342 427 367 usu
460 333 672 378 vomitum,
704 332 976 376 diarrhoeam,
1009 328 1305 372 stranguriam,
1338 329 1536 363 vermium
1567 329 1862 364 intestinalium
1886 340 2023 365 seces-

204 399 293 424 sum
307 416 316 432 ,
343 393 376 423 et
397 390 577 424 effectum
595 388 841 423 narcoticum
860 389 1140 421 observarunt.
1170 379 1364 418 Ancurae
1380 383 1551 418 inermis
1569 387 1614 419 H.
1633 387 1678 420 B.
1695 387 1743 420 Κ.
1763 385 2023 428 (Geoffroyae

203 445 371 481 inermis
389 444 499 488 Sw.)
517 448 672 490 cortex,
706 443 773 485 qui
792 441 976 475 Corloe'cv's
996 440 1183 486 Cabb'agv'
1196 451 1230 476 s.
1250 437 1506 486 Geoffroeae
1522 439 1799 486 jamnia-ensis
1823 444 2022 478 vocabulo

204 502 366 537 venalis
390 506 470 546 est,
503 501 663 536 corticis
685 498 984 535 surinamensis
1008 498 1197 532 virtutem
1220 502 1389 544 aequat,
1421 498 1622 540 principio
1649 498 1803 533 efficaci
1830 497 2021 540 Uarum·-

204 558 302 592 cv'mz
318 568 351 593 s.
372 556 634 602 Cabbngirm)
655 558 816 590 tabulas
834 556 1070 597 quadratas,
1103 553 1407 599 amarissimas,
1440 554 1645 588 intensius
1662 553 1791 589 flavas
1810 553 2017 589 formante.

202 609 398 650 Audit-ae
416 622 658 647 racemosae
676 614 787 647 Lam.
800 638 809 655 ,
841 611 1000 646 arboris
1019 610 1301 656 masiliensis,
1328 610 1514 644 corticem
1535 618 1700 645 amaro·
1713 611 1941 645 resinosum
1958 619 2023 644 re-

201 671 348 708 mediis
373 669 718 705 anthelminthicis
736 655 972 703 Americani'
995 668 1277 702 adnumerant.
1340 662 1600 711 Geoffroyae
1625 665 1886 713 vernusfugae
1903 669 2023 701 Mart.

203 732 241 764 et
269 724 527 772 Geoffroyae
550 723 790 770 spinales-ae
807 727 947 768 Mam,
980 726 1165 759 arborum
1191 722 1519 767 brasitiensium,
1553 723 1712 758 semina
1730 718 1917 765 (Semina
1933 716 2021 755 An-

199 782 331 831 gelo‘a)
359 793 382 819 a
405 782 604 826 principio
629 781 736 827 acri,
767 780 929 815 volatili
952 780 1035 815 vim
1051 778 1318 823 vermisugam
1336 783 1534 821 repetunt.
1590 781 1778 815 Aliarum
1795 778 2023 822 specierum

205 841 367 877 semina
384 843 499 876 cocta
515 839 603 874 cibo
622 848 713 874 esse
728 840 922 884 possunt,
954 837 1080 871 cruda
1096 835 1260 871 emesim
1278 839 1454 871 movent.

343 926 638 960 Nonnullarum
662 922 823 958 radices
847 923 915 956 vel
938 920 1097 957 semina
1126 928 1258 962 aquae
1289 920 1442 962 injecta
1470 919 1605 962 pisces
1628 923 1798 962 :stupore
1829 915 2022 954 afficiunt.

201 983 267 1018 Ex
290 980 473 1016 istarum»
486 990 650 1016 numero
673 976 906 1024 Taphrosz’a
932 976 1154 1011 toxicarioe
1176 978 1369 1022 Pers.‚³⁴a
1385 977 1554 1019 Nigritis
1573 986 1623 1011 ex
1640 976 1784 1012 Africa
1800 975 1842 1010 in
1859 973 2024 1010 Ameri-

173 1030 179 1033 ’
202 1047 292 1073 cam
315 1042 567 1082 transvecta,
607 1033 843 1081 Tephrosm
867 1033 1139 1079 emarginata
1157 1034 1203 1068 H.
1222 1035 1266 1068 B.
1283 1034 1332 1068 K.
1358 1036 1394 1068 et
1419 1030 1608 1067 Pe‘scidia
1624 1029 1868 1077 Erythrina
1889 1033 2022 1077 Jacq.,

201 1095 245 1130 in
268 1094 460 1129 America
491 1093 646 1136 tropica
675 1091 892 1135 indigenae
922 1093 1030 1126 sunt.
1089 1089 1246 1124 Similis
1275 1086 1533 1134 Teplcrosiae
1548 1087 1818 1135 piscatoriae
1838 1089 1955 1124 Pers.
1978 1087 2023 1123 in

200 1151 328 1187 maris
345 1149 542 1186 australis
558 1149 709 1184 insulis
727 1157 840 1183 usus.

343 1235 463 1269 Setae
486 1233 735 1277 prurientes,
766 1231 914 1275 quibus
937 1225 1156 1264 Mne-meae
1179 1227 1405 1272 specierum
1427 1229 1752 1266 americanarum
1775 1228 2024 1272 indicarum-

201 1300 279 1334 que
300 1291 512 1334 legumina
530 1287 739 1336 (Siliquae
756 1287 972 1330 hirsutae)
999 1286 1158 1322 consita
1181 1289 1296 1334 sunt,
1327 1287 1612 1324 mechanicum
1635 1288 1838 1323 adversus
1861 1284 2024 1331 intesti-

199 1357 342 1385 norum
358 1357 517 1384 vermes
534 1346 752 1382 remedium
767 1344 1009 1389 largiuntur.

341 1497 768 1556 *Moringeaffi
828 1499 1014 1538 Arbores
1029 1497 1253 1546 inermes,
1284 1498 1330 1536 in
1348 1495 1456 1536 Asia
1474 1494 1944 1550 tropicaindigenae,
1973 1492 2022 1532 in

200 1555 403 1598 African·
436 1562 482 1598 et
504 1559 760 1598 Americam
790 1556 1098 1596 introductae.
1160 1555 1286 1592 Folia
1316 1553 1673 1606 bi-tripinnata,
1708 1564 1810 1592 cum
1843 1550 2026 1602 impari,

200 1614 381 1655 foliolis
400 1614 733 1660 caducissimis.
792 1613 985 1662 stipulae
1004 1610 1244 1651 deciduae.
1302 1610 1452 1648 Flores
1470 1607 2026 1663 perfecti,‘irregulareS‚

199 1673 246 1710 in
266 1683 476 1711 racemos
504 1671 792 1724 paniculatos
817 1668 1051 1723 dispositi.
1111 1670 1253 1718 calyx·
1278 1666 1703 1720 quinquepartitus,
1734 1664 1916 1705 laciniis
1941 1663 2021 1703 obe

199 1727 380 1781 longis,
412 1727 798 1781 subaequalibus,
830 1723 1430 1766 aestivationeimbricatis.
1495 1725 1691 1761 Corollae
1714 1721 1870 1775 petala
1894 1721 2023 1774 quin-

203 1797 313 1839 que,
354 1784 503 1837 calyci
534 1785 732 1836 inserta,
772 1781 1235 1835 oblongo-linearia,
1269 1780 1358 1820 duo
1390 1778 1570 1834 p'ostica
1601 1778 1758 1833 paullo
1791 1777 2024 1832 longiora,

200 1841 552 1892 adscendentia‚
583 1841 895 1880 aestivatione
925 1839 1182 1878 imbricata.
1243 1838 1441 1875 Stamina
1474 1843 1580 1876 octo
1614 1851 1656 1875 v.
1683 1836 1865 1883 decern,
1896 1834 2023 1874 disco

200 1896 524 1951 cupuliformi,
571 1898 746 1950 calycis
779 1896 929 1936 basim
957 1896 1173 1935 vestienti
1193 1894 1394 1944 inserta3
1427 1892 1662 1942 filamenta
1693 1892 1794 1931 basi
1824 1890 2024 1944 compla-

201 1960 331 2005 nata,
361 1955 407 1993 in
435 1954 596 1994 tubum
622 1955 775 1993 antice
801 1953 958 1993 fissum
991 1951 1308 1999 conniventia,
1337 1949 1530 1990 basibus
1563 1950 1728 1999 libera,
1761 1959 1902 2002 supra
1931 1958 2023 1987 me-

202 2011 329 2051 dium
360 2016 581 2061 connata,
612 2012 743 2064 apice
775 2010 1017 2059 distincta,
1047 2007 1336 2062 inaequalia,
1368 2008 1552 2058 postica
1583 2005 1824 2060 longiora,
1865 2003 2023 2043 onmia

203 2066 384 2107 fertilia
400 2082 440 2107 v.
457 2067 640 2108 alterna
659 2067 834 2121 calycis
853 2066 1035 2106 laciniis
1061 2064 1272 2118 opposita
1294 2063 1532 2113 breviora,
1562 2061 1841 2111 ananthera3
1873 2061 2022 2099 anthe-

200 2137 279 2162 rae
307 2125 561 2174 introi-sae,
594 2123 930 2173 uniloculares,
963 2122 1389 2175 oblongo-ovatae,
1422 2119 1562 2159 dorso
1595 2118 1785 2169 affixae,
1818 2117 2023 2170 longitu-

202 2181 423 2221 dinaliter
455 2179 769 2230 dehiscentes,
807 2180 1016 2232 'peltatim
1051 2183 1274 2232 patentes.
1336 2177 1515 2214 Germen
1547 2174 1896 2229 pedicellatum‚
1927 2173 2025 2213 uni-

200 2237 430 2287 loculare‚
454 2235 842 2290 trophospermiis
861 2235 1162 2289 parietalibus
1181 2233 1347 2285 tribus,
1376 2231 1747 2273 nerviformibus.
1781 2232 2025 2269 Gemmulae

200 2295 453 2348 plurimae,
484 2293 729 2347 pendulae,
760 2300 1033 2345 anatropae.
1093 2293 1238 2341 stylus
1269 2290 1550 2339 terminalis,
1587 2288 1802 2340 simplex,
1841 2285 2023 2327 subcla-

200 2356 355 2401 vatus,
387 2352 518 2403 apice
543 2351 844 2391 incrassatus.
909 2350 1097 2399 Capsula
1119 2346 1504 2401 siliquaeformis,
1534 2350 1758 2396 rostrata,
1793 2343 2022 2397 tri-poly-

202 2420 329 2462 gona
345 2422 385 2448 v.
404 2413 604 2456 costam,
637 2407 864 2458 torulosa,
897 2405 1227 2453 unilocularis,
1253 2403 1483 2452 trivalvis,
1506 2401 1652 2442 valvis
1672 2400 1827 2452 medio
1845 2400 2024 2440 semina

200 2465 478 2516 uniseriata,
526 2461 1183 2517 dissepimentis,transversis
1220 2460 1431 2514 fungosis
1474 2459 1694 2499 distincta
1737 2456 2023 2511 gerentibus.

203 2521 372 2560 Semina
397 2521 777 2574 ovato-trigona,
811 2519 994 2573 angulis
1019 2518 1192 2572 apteris
1223 2530 1263 2556 v.
1288 2518 1334 2556 in
1367 2515 1911 2556 atammembranaceam
1945 2525 2022 2553 ex-

204 2579 384 2631 pansis,
415 2575 609 2617 chataza
625 2576 1048 2630 apicalisuberosa.
1093 2576 1346 2624 Embryom‘s
1364 2572 1721 2621 exalbuminosi‚
1755 2569 2023 2622 orthotropi

202 2637 470 2685 cotyledones
500 2635 932 2687 plano-convexae,
977 2642 1224 2682 carnosae,
1266 2631 1467 2669 radicula
1494 2628 1792 2678 brevissima,
1838 2638 2022 2682 supera,

204 2691 413 2745 plumula
435 2689 727 2745 polyphylla.

850 2809 1060 2844 Genus
1112 2812 1378 2843 υΝῙουΜ.

324 2894 447 2931 6811.
479 2893 666 2937 Moringa
684 2889 831 2928 Burm.
1460 2878 1653 2930 Hypelate
1674 2876 1812 2930 Sjmich.

527 2955 823 2999 Hyperanthera
836 2952 970 2989 Forslc.
1308 2978 1345 3000 a·
1370 2922 1626 2999 Βδὴῇὲέῃὲἷῗ
1616 2923 1697 2998 51·st
1705 2921 1781 2955 eCk'

533 3011 680 3045 Anoma
694 3011 811 3046 Lour.
1307 3009 1342 3044 b.
1366 3007 1596 3050 Eumol-iuga
1610 3005 1724 3041 Endl.

339 3125 748 3173 'Observatich
809 3134 947 3169 Genus
968 3131 1240 3177 paradoxum,
1271 3131 1320 3165 ob
1346 3128 1527 3172 aliquam
1549 3126 1660 3164 floris
1677 3136 1766 3163 cum
1781 3125 2021 3170 Papiliona-

208 3192 292 3228 ceis
309 3190 640 3237 similitudinem,
674 3199 699 3226 a
715 3189 862 3233 quibus
881 3190 1012 3225 fructu
1028 3187 1267 3231 longissime
1284 3186 1427 3231 distat,
1459 3186 1635 3221 hocloco
1651 3186 1884 3220 collocatur.
1923 3181 2021 3229 Hy-

200 3245 471 3295 perantlzera
493 3243 699 3293 M0r2·nga
714 3247 833 3283 Linn.
859 3246 963 3282 inter
984 3253 1230 3288 congeneres
1253 3240 1565 3278 notissima‘est.
1623 3240 1792 3288 Cortici,
1823 3239 2022 3283 imprimis

208 3304 377 3350 radicis,
402 3303 587 3347 ipsisque
605 3303 715 3339 foliis
732 3302 875 3339 acredo
892 3302 1018 3349 inest,
1043 3299 1308 3337 cochleariae
1322 3298 1586 3335 Armoraciae
1601 3298 1762 3333 odorem
1779 3299 1817 3332 et
1834 3305 2020 3339 saporem

207 3361 400 3397 referens.
459 3362 604 3396 Semen
621 3352 837 3407 (βαλανὸς
858 3351 1090 3409 μυρεψική,
1123 3359 1251 3392 Glans
1273 3354 1566 3402 unguentaria,
1597 3355 1691 3389 Nux
1705 3354 1862 3400 Behen,
1893 3354 2021 3388 Bala-

207 3427 287 3453 nus
304 3416 544 3461 Myristica)
559 3419 692 3452 oleum
706 3417 858 3461 pingue
873 3417 960 3463 dat,
991 3415 1035 3450 in
1052 3413 1160 3450 omni
1175 3413 1339 3448 Oriente
1360 3413 1413 3448 ad
1435 3413 1644 3455 unguenta
1665 3409 1882 3457 usitatum,
1915 3409 2020 3453 quod

209 3482 258 3510 ea
272 3476 433 3518 propter
444 3473 722 3521 praedicatur,
754 3472 857 3518 quod
873 3482 953 3508 non
969 3471 1092 3508 facile
1109 3479 1317 3507 rancorem
1333 3470 1556 3505 contrahat.
