2147 3756
989 124 1098 173 {67

276 294 556 344 Dorstenme,
588 297 629 332 in
654 296 844 334 America
868 296 1020 339 tropica
1045 299 1295 342 crescentes,
1326 294 1467 331 habitu
1498 299 1535 331 et
1565 295 1767 340 perigonil
1797 296 1958 333 defectu

134 355 238 390 inter
254 358 416 390 Moreas
440 354 625 389 nonnihil
641 357 873 401 anomalae,
906 354 1084 389 radicem
1103 351 1438 397 Concrajervae,
1470 352 1630 395 magnis
1647 353 1742 388 olim
1761 354 1956 390 encomiis

135 413 397 456 celebratam,
438 411 687 456 largiuntur,
733 410 839 445 inter
869 411 1045 446 remedia
1075 409 1354 445 vehementius
1386 408 1642 444 stimulanda
1671 410 1957 452 Serpentariae

134 467 393 510 virginianae
410 467 615 501 radicibus
633 467 904 512 simillimam,
936 467 1137 502 adversus
1156 469 1388 508 serpentum
1406 474 1602 510 morsum,
1635 464 1704 499 ubi
1722 475 1865 501 recens
1882 468 1956 501 ad-

133 524 407 570 ministratur,
462 523 622 566 egregie
661 525 905 569 salutarem,
952 523 1082 569 sicca,
1129 523 1264 565 qualis
1303 521 1540 559 commercio
1583 521 1819 568 advehitur,
1875 521 1958 557 sere

132 582 293 615 exoleta
323 582 397 614 est.
469 579 669 622 Optimam
701 576 976 613 Dursceniam
1008 578 1297 613 brasiliwesem
1337 575 1561 622 (cajapiaJ
1595 580 1801 625 reputant,
1842 574 1959 611 Dor-

133 634 273 669 semia
294 632 580 680 Conlrttje‘rca
596 638 642 671 L.
667 640 704 672 et
724 633 777 672 D.
795 633 1034 670 Drusi-emta
1053 634 1164 671 Lam.
1190 635 1250 671 cis
1275 639 1535 679 aequaliorem
1551 637 1790 683 nascentes,
1822 634 1958 670 minus

133 694 286 728 valent.

570 825 742 908 qrdo
773 825 1002 872 xclll.
1061 826 1521 882 Artoearpeae.

273 928 497 975 Arbores
527 925 827 990 v.fi²ate'ces,
867 944 1010 975 succo
1045 929 1223 985 lacteo,
1257 928 1364 974 albo
1397 944 1440 973 v.
1474 929 1787 984 flavescente,
1821 927 1960 972 ramis

135 1000 352 1056 alternis,
400 998 652 1056 teretibus,
701 1015 1029 1061 nonnunquam
1071 998 1264 1045 nodosis
1305 1006 1353 1045 et
1384 999 1508 1044 inter
1539 996 1688 1044 nodos
1721 996 1959 1043 fistulosis.

135 1071 275 1117 Folia
321 1070 528 1126 alterna,
577 1069 828 1132 petiolata‚
876 1071 1126 1134 simplicia,
1182 1070 1369 1131 integra
1416 1076 1464 1114 et
1509 1068 1815 1130 integerrima
1861 1068 1958 1114 sive

136 1149 341 1198 serrata,
390 1157 431 1187 v.
471 1141 682 1204 pinnati·
719 1149 798 1187 aut
841 1140 1159 1204 palmatiloba.
1248 1140 1472 1203 Stz‘peclae
1511 1138 1691 1186 liberae
1732 1137 1959 1185 caducae.

135 1213 305 1259 Flores
335 1212 540 1257 monoici
572 1228 617 1258 v.
655 1211 823 1269 dioici,
862 1213 908 1257 in
941 1211 1248 1274 receptaculo
1283 1227 1508 1267 carnoso,
1549 1208 1673 1255 nudo
1706 1225 1747 1256 v.
1781 1209 1964 1255 involu-

137 1291 268 1331 crato
303 1283 552 1329 confertim
586 1283 803 1339 scssiles,
837 1284 988 1329 rarius
1020 1283 1204 1344 spicati.
1277 1282 1449 1329 Flores
1478 1282 1791 1342 stanee'mgeri
1819 1281 1966 1326 inter-

137 1352 242 1400 dum
288 1353 538 1416 perigonio
587 1352 820 1410 destituti,
870 1353 1144 1400 staminibus
1191 1369 1294 1399 cum
1341 1352 1542 1415 squamis
1581 1351 1769 1414 peltatis
1807 1351 1964 1397 mixtis

137 1440 277 1487 supra
309 1424 659 1486 receptaculum
693 1424 937 1486 globosum
977 1425 1245 1487 congestis,
1292 1423 1565 1486 saepissime
1608 1422 1855 1484 perigonio
1896 1423 1967 1467 in-

137 1495 329 1550 structi,
371 1495 677 1558 receptaculo
710 1495 910 1558 globoso
942 1512 984 1542 v.
1020 1496 1227 1551 clavato,
1277 1492 1506 1540 interdum
1542 1509 1726 1538 ramoso
1761 1493 1966 1556 impositi

135 1583 182 1615 v.
224 1566 328 1628 plus
374 1567 580 1612 minusve
629 1565 775 1613 dense
823 1566 991 1630 spicati
1036 1575 1116 1613 aut
1155 1565 1371 1628 capitati,
1432 1563 1543 1610 nudi
1581 1580 1623 1610 v.
1664 1562 1965 1619 bracteolati,

137 1637 412 1700 saepissime
445 1638 490 1683 in
523 1637 828 1699 receptaculo
862 1638 999 1701 plano
1040 1654 1083 1684 v.
1117 1652 1355 1693 conver
1404 1635 1649 1681 involucro
1689 1634 1964 1698 polyphyllo

138 1709 296 1754 cincto
328 1708 539 1754 sessiles.
614 1710 927 1770 Pcrz‘gvm'um
962 1708 1254 1771 calycinum‚
1299 1705 1844 1768 di-tri-tetraphyllum,
1894 1705 1966 1752 fo-

139 1778 262 1825 liolis
316 1778 555 1824 rarissime
610 1776 845 1824 distinctis
897 1778 1171 1842 plerumque
1219 1778 1266 1823 in
1311 1776 1470 1823 tubum
1519 1775 1878 1823 conniventibus
1921 1793 1965 1823 v.

138 1850 376 1905 connatis,
410 1848 551 1896 limbo
585 1849 779 1895 minuto.
848 1850 1070 1896 Stamina
1101 1848 1340 1912 perigonii
1371 1847 1492 1893 lobis
1523 1862 1718 1893 numero
1751 1847 1967 1910 aequalia

140 1937 180 1967 v.
216 1918 449 1966 interdum
479 1920 730 1983 pauciora,
764 1919 930 1967 iisdem
961 1920 1066 1967 basi
1098 1921 1276 1967 inserta
1308 1927 1356 1966 et
1387 1919 1619 1981 opposita.
1691 1919 1969 1966 Fz'lamenta

137 1990 377 2038 filiformia
419 2007 466 2038 v.
509 1991 731 2048 linearia,
777 1990 1012 2038 interdum
1058 1992 1185 2038 inter
1228 2006 1279 2038 se
1329 1998 1553 2047 connata,
1601 1990 1648 2035 in
1695 1988 1968 2052 quibusdam

135 2060 411 2110 brevissima
441 2079 485 2108 v.
520 2060 750 2108 subnulla.
822 2064 1082 2110 Antleerae
1122 2061 1433 2120 biloculares,
1481 2068 1674 2108 erectae
1713 2077 1757 2107 v.
1790 2060 1969 2107 incum-

136 2133 330 2191 bentes,
380 2132 790 2195 longitudinaliter
829 2131 1155 2191 dehiscentes,
1203 2133 1443 2180 rarissime
1483 2131 1690 2195 peltatae
1731 2139 1832 2177 toto
1873 2148 1970 2178 am-

137 2204 236 2251 bitu
291 2212 513 2267 apertae,
577 2204 908 2251 bilamellatae.
997 2206 1171 2252 Flores
1210 2205 1508 2267 ptis-tz‘lle'gerz'
1557 2218 1678 2249 nunc
1733 2203 1854 2249 intra
1898 2202 1970 2248 in-

139 2276 379 2322 volucrum
420 2275 974 2322 urceolato·tubulosum
1014 2293 1058 2323 v.
1097 2275 1419 2340 polyphyllum
1458 2274 1655 2320 solitarii
1698 2282 1778 2319 aut
1817 2273 1968 2319 rarius

136 2347 321 2411 plureS,
373 2345 483 2393 nudi
515 2363 562 2394 v.
599 2347 850 2410 perigonio
884 2348 1123 2404 instructi,
1172 2363 1293 2393 nunc
1327 2347 1458 2393 cirea
1490 2344 1844 2408 receptaculum
1885 2359 1970 2390 ex-

138 2418 502 2475 involucratum,
551 2417 800 2481 globosum
840 2417 985 2465 dense
1027 2418 1232 2465 conferti
1263 2434 1311 2465 v.
1348 2417 1564 2480 capitati,
1615 2416 1826 2462 rariusve
1860 2415 1967 2462 laxe

140 2490 331 2552 spicati,
366 2487 651 2546 ebractcati,
686 2490 937 2553 perigonio
971 2488 1157 2546 donati,
1195 2489 1384 2539 steriles
1418 2504 1519 2534 cum
1552 2486 1787 2534 fertilibus
1820 2487 1968 2544 mixti,

140 2559 373 2606 interdum
413 2559 514 2605 basi
553 2577 595 2606 v.
622 2560 760 2622 juxta
796 2569 941 2607 totam
982 2559 1323 2623 longitudinem
1365 2558 1547 2605 demum
1582 2566 1968 2605 concrescentes.

139 2632 454 2692 Perzgom'um
495 2630 781 2688 tubulosum‚
830 2631 971 2678 limbo
1005 2629 1455 2694 bi-tri-quadrifido
1487 2646 1533 2676 v.
1570 2630 1775 2691 integro·
1856 2630 1972 2676 Ger-

139 2717 246 2749 men
279 2701 502 2758 liberum,
535 2701 726 2760 sessile,
759 2702 1070 2748 uniloculare.
1135 2703 1378 2749 Gemmula
1410 2701 1570 2758 unica,
1605 2715 1725 2746 nunc
1756 2698 1971 2746 basilaris

141 2781 332 2830 erecta,
383 2771 683 2835 orthotropa,
731 2788 857 2818 nunc
888 2773 1130 2835 parietalis
1163 2772 1456 2835 amphitropa
1488 2770 1751 2834 micropyle
1783 2785 1968 2832 supera,

142 2859 263 2890 nunc
303 2859 364 2890 cx
401 2844 538 2905 apice
573 2843 717 2890 loculi
749 2842 949 2907 pendula
982 2852 1223 2906 anatropa.
1299 2843 1464 2904 Stylus
1496 2842 1702 2887 lateralis
1733 2857 1776 2887 v.
1810 2841 1972 2887 termi-

141 2915 286 2973 nalis,
322 2914 596 2977 saepissime
627 2913 823 2973 bifidus,
860 2913 980 2961 lobis
1013 2913 1328 2977 stigmatosis,
1370 2913 1522 2959 rarius
1554 2911 1807 2969 indivisus,
1848 2913 1971 2974 stig-

143 2993 273 3035 mate
316 2986 516 3048 simplici
562 2986 748 3033 laterali
792 3003 840 3033 v.
889 2983 1344 3032 radiato-multifido
1391 2984 1684 3030 terminatus.
1765 2984 1973 3029 Fructus

142 3057 323 3114 varius,
363 3056 607 3103 involucro
638 3056 838 3104 baccato
870 3073 913 3104 v.
946 3057 1077 3104 sicco
1111 3057 1317 3113 cinctus,
1357 3063 1438 3102 aut
1468 3054 1726 3118 perigoniis
1759 3053 1973 3100 carnosis

145 3128 565 3175 concrescentibus
612 3129 923 3192 compositus,
986 3128 1283 3192 syncarpium
1329 3126 1601 3183 baccatum,
1663 3119 1874 3171 acheniis
1919 3141 1967 3171 v.

144 3198 358 3245 utriculis
404 3198 611 3261 plurimis
657 3200 835 3247 foetum
883 3199 1075 3248 sistens.
1151 3200 1324 3246 Semen
1372 3213 1397 3245 e
1442 3197 1546 3243 basi
1585 3204 1817 3252 erectum,
1861 3211 1905 3242 v.
1946 3210 1972 3242 e

146 3271 329 3332 pariete
362 3277 440 3315 aut
473 3286 532 3316 ex
562 3271 639 3317 axi
677 3270 822 3318 loculi
860 3269 1136 3333 pendulum,
1183 3270 1508 3332 integumento
1549 3268 1795 3324 coriace0,
1843 3281 1972 3328 cras-

146 3339 367 3386 siusculo.
455 3340 668 3403 Embryo
721 3339 1127 3399 exafflumiuosus,
1191 3341 1454 3402 antitropus
1506 3355 1550 3385 v.
1597 3345 1820 3401 respectu
1873 3353 1972 3384 um-

148 3409 278 3456 bilici
341 3409 547 3458 lateralis
605 3420 927 3470 transversus,
989 3413 1142 3459 rarius
1197 3411 1526 3472 orthotropus3
1589 3408 1969 3472 cotyledone‘bus,

150 3481 344 3539 crassis,
409 3482 645 3540 carnosis,
708 3482 895 3546 saepius
947 3481 1081 3531 valde
1135 3480 1479 3545 inaequalibuS,
1539 3480 1765 3527 radicula
1818 3478 1969 3536 brevi,
