2147 3756
1108 99 1187 150 50

245 275 439 324 ledones
471 271 614 330 duae,
648 270 948 338 inaequales,
980 271 1115 336 apice
1147 271 1272 318 inter
1303 284 1354 317 se
1387 276 1642 326 connatae,
1674 266 1775 314 basi
1807 267 2058 316 subdistin-

250 355 381 405 ctae,
423 343 767 410 germinatione
799 343 1102 408 hypogaeae‚
1141 340 1385 406 plumulam
1420 339 1628 387 conicam
1661 338 1973 388 includentes.

1009 484 1295 536 GssNnnA.

357 604 450 639 704.
482 602 617 644 cynas
635 598 759 635 Loe'nn.
1288 597 1381 633 706.
1414 596 1563 632 Zamia
1581 591 1703 631 Lv‘nn.

357 660 452 696 705.
481 660 805 702 Eut-eplialartos
819 651 965 692 Lehm.
1493 644 1759 679 Arthrozamia
1775 643 1978 681 Reichenb,

905 764 1122 806 Genera
1160 760 1406 803 fossilia.

357 872 450 906 707.
483 868 789 906 Zamiostrobus
805 864 929 903 Endl.
1292 866 1386 900 711.
1418 864 1605 901 Nilsonia
1622 861 1808 911 Brongn.

358 929 452 962 708.
483 925 776 963 Palaeozamia
792 921 916 959 Endl.
1290 924 1385 957 712.
1419 922 1639 964 Cycadites
1661 920 1845 968 Brongn.

356 985 452 1020 709.
482 983 666 1019 Zamites
683 980 872 1027 Brongn.
1288 978 1383 1015 713.
1415 979 1633 1015 Mantellia
1652 976 1837 1025 Brongn.

355 1042 449 1077 710.
480 1041 787 1083 Pterophyllum
802 1035 991 1084 Brongn.

378 1144 703 1192 Affinitas.
763 1147 1174 1194 Cycadeaceaenulli
1189 1150 1421 1192 plantarum
1436 1147 1567 1183 ordini
1584 1146 1739 1183 arctius
1755 1146 1917 1193 affines,
1943 1157 2062 1192 orga-

239 1211 306 1247 nis
335 1210 579 1247 sexualibus
608 1207 840 1245 manifestis
870 1207 1012 1253 nudis,
1044 1209 1082 1241 et
1111 1209 1328 1248 embryone
1359 1204 1661 1247 dicotyledoneo
1691 1204 2061 1240 albuminoso-cum

237 1267 494 1312 vegetatione
511 1265 716 1302 terminali
731 1264 960 1308 conjunctis
977 1263 1328 1309 distinctissimae‚
1347 1261 1548 1298 frondium
1564 1261 1801 1297 vernatione
1817 1261 1859 1296 in
1877 1261 2062 1304 pluribus

238 1324 427 1360 circinali
443 1323 663 1369 Filicibus‚
695 1321 910 1367 gemmulis
927 1320 1066 1367 nudis,
1091 1329 1164 1356 nec
1181 1320 1287 1355 intra
1304 1321 1571 1362 carpophylla
1586 1318 1761 1353 inclusis
1777 1321 1814 1353 et
1832 1318 2062 1361 embryonis

238 1381 362 1417 etiam
398 1379 716 1416 conformatione
746 1377 968 1422 Coniseris,
1001 1377 1134 1412 trunci
1165 1380 1392 1422 structura,
1425 1375 1533 1411 facie
1563 1379 1601 1410 et
1631 1374 1725 1411 aliis
1758 1374 2063 1412 characteribus

238 1436 558 1481 diversissimis,
591 1435 734 1472 habitu
749 1434 925 1480 Palmis,
957 1433 1065 1470 alias
1081 1433 1154 1469 vix
1170 1432 1456 1476 comparandis
1473 1433 1684 1468 accedunt.

381 1512 807 1571 Geographia.
880 1517 1042 1561 Ordinis
1074 1517 1132 1552 cis
1165 1518 1367 1553 Cancrum
1391 1518 1568 1551 nondum
1600 1515 1806 1551 observati
1837 1514 2064 1552 distributio

241 1588 333 1616 eum
347 1578 741 1622 Polypodiacearum
763 1575 930 1613 sedibus
954 1575 1216 1617 aliquatenus
1240 1574 1524 1616 comparanda.
1582 1573 1790 1608 Plurimae
1812 1571 1855 1608 in
1873 1572 2066 1608 America

239 1635 425 1682 tropica„
444 1634 644 1678 imprimis
667 1634 726 1669 cis
750 1635 1008 1675 aequatorem
1030 1633 1275 1677 nascuntur,
1307 1630 1350 1665 in
1375 1626 1609 1674 regionibus
1626 1628 1897 1671 intel-tropicis
1915 1629 2066 1665 veteris

240 1692 349 1728 orbis
366 1694 491 1727 multo
508 1690 698 1726 rariores.
754 1690 941 1734 Augetur
955 1689 998 1724 in
1013 1687 1309 1730 hemisphaerio
1325 1686 1512 1722 orientali
1530 1690 1642 1722 trans
1659 1685 1947 1729 Capricornum
1963 1695 2065 1721 non-

239 1748 344 1787 nihil
375 1748 605 1791 specierum
634 1755 849 1792 numerus,
881 1744 1134 1781 australibus
1163 1743 1372 1786 plerisque
1395 1744 1526 1786 Caput
1554 1745 1684 1778 bonae
1712 1742 1822 1788 spei,
1853 1742 2066 1779 nonnullis

238 1807 378 1841 Novae
395 1805 640 1839 Hollandiae
655 1812 784 1849 oram,
806 1805 893 1838 tam
909 1802 1166 1846 orientalem,
1193 1808 1312 1842 quam
1334 1798 1804 1835 austro—occidentalem
1821 1799 2066 1835 tenentibus.

239 1864 285 1896 In
303 1861 493 1896 America
517 1860 693 1896 australi
716 1858 993 1901 extratropica
1017 1859 1133 1892 nulla
1149 1859 1308 1899 reperta
1327 1855 1417 1891 fuit.
1476 1855 1659 1891 Fossiles
1676 1855 1718 1890 in
1736 1859 1842 1891 terra
1857 1855 2064 1901 oolithica‚

238 1915 316 1953 τοῦ
341 1919 441 1953 Ilias
465 1919 503 1953 et
525 1917 568 1952 in
589 1915 720 1951 variis
746 1915 887 1951 stratis
910 1913 1112 1950 calcareis
1135 1913 1326 1948 inventae
1344 1911 1518 1947 fuerunt.
1576 1913 1757 1947 Truncos
1774 1909 1940 1947 fossiles
1957 1914 2066 1948 stru·
2106 1947 2107 1950 ,

239 1978 355 2011 otura
370 1974 514 2015 intima
531 1982 622 2009 cum
637 1972 794 2010 Zamiis
810 1970 1002 2016 genuinis
1019 1969 1265 2007 amerieanis
1279 1968 1516 2016 convenire,
1545 1969 1593 2004 R.
1610 1969 1762 2004 Brown
1777 1968 1945 2004 monuit.

382 2051 746 2104 &ualitates
764 2058 803 2093 et
817 2061 986 2096 usus.
1046 2056 1229 2090 Medulla
1251 2053 1294 2088 in
1318 2052 1505 2089 omnibus
1522 2055 1679 2099 ampla,
1712 2051 1848 2088 fecula
1864 2051 2067 2088 nutriente

242 2117 392 2161 scatet,
424 2125 477 2151 ex
505 2117 582 2150 hac
614 2114 790 2150 farinam
821 2111 1005 2157 [sagon]
1038 2111 1196 2147 faciunt
1223 2112 1424 2156 Japones‚
1456 2113 1495 2145 et
1524 2109 1645 2154 panis
1676 2109 1852 2151 speciem
1883 2109 2066 2152 pinsum.

239 2171 533 2215 Encephalarti
554 2172 776 2206 medullam
792 2169 1015 2206 Hotentotti
1030 2171 1188 2217 vorant.
1245 2167 1455 2202 Plurimae
1471 2176 1492 2201 e
1510 2165 1665 2202 truncis
1682 2170 1718 2201 et
1737 2166 1896 2208 petiolis
1913 2164 2064 2210 gummi

241 2231 391 2267 sudant
413 2237 683 2275 nauseosum‚
714 2229 911 2271 populare
934 2226 1041 2269 apud
1067 2226 1188 2261 Indos
1211 2223 1585 2266 alexipharmacon.
1646 2220 1826 2267 Qqeadis
1844 2219 2064 2257 cit-cinaeis

243 2285 408 2329 (Todda
436 2283 595 2328 panna)
628 2283 792 2320 frondes
811 2283 997 2326 juniores
1020 2283 1180 2328 edules,
1221 2289 1373 2316 succus
1393 2290 1415 2315 e
1437 2278 1614 2315 novellis
1639 2278 1817 2315 surculis
1841 2287 2066 2322 expressus

240 2342 521 2378 intestinorum
548 2341 754 2377 cruciatus
777 2348 1050 2384 compescere,
1084 2336 1282 2373 stomachi
1305 2337 1487 2372 ardorem
1502 2336 1646 2372 sedare
1663 2334 1885 2370 etvomitui
1901 2337 2067 2371 cruento

240 2398 394 2434 mederi
423 2397 612 2434 creditur.
677 2396 949 2433 Fructiferum
986 2404 1129 2431 conum
1164 2394 1208 2429 in
1237 2391 1472 2429 Malabaria
1501 2392 1770 2437 contundunt,
1810 2395 1848 2427 et
1875 2391 1918 2428 in
1949 2394 2066 2427 cata-

242 2447 661 2499 plasmatis-'formam
692 2455 899 2489 redactum
928 2452 1080 2488 lumbis
1111 2451 1339 2496 applicant,
1377 2452 1422 2484 ut
1444 2448 1710 2492 nephriticum
1736 2449 1911 2484 dolorem
1935 2449 2064 2495 tollat,

242 2515 282 2547 et
310 2510 628 2548 involuntarium
659 2510 829 2547 seminis
853 2508 1047 2544 effluxum
1069 2507 1267 2543 cohibeat.
1324 2505 1543 2541 Fructibus
1564 2514 1655 2540 cum
1672 2507 1866 2540 saccharo
1890 2503 2065 2540 conditis

240 2571 485 2612 vescuntur,
517 2566 631 2602 crudi
660 2569 799 2602 alvum
820 2567 991 2601 reddunt
1013 2563 1261 2600 adstrictam.
1318 2563 1352 2598 E
1382 2561 1580 2598 fructibus
1604 2561 1869 2596 tenerioribus
1892 2561 1935 2596 in
1959 2568 2066 2602 aqua

242 2624 371 2660 coctis
387 2624 722 2659 medicamentum
740 2625 926 2669 paratur,
960 2621 1063 2664 quod
1088 2620 1281 2656 vomitum
1299 2618 1441 2654 ciendo
1457 2618 1729 2653 ventriculum
1746 2617 1906 2662 egregie
1922 2626 2065 2659 repur-

243 2684 325 2724 gat.
372 2679 533 2723 speciei
557 2679 857 2715 australasicae
879 2678 1038 2714 semina
1061 2675 1419 2713 vehementissime
1436 2675 1608 2711 emetica
1621 2673 1898 2710 Flindeisiani
1915 2672 2065 2716 peripli

243 2736 348 2774 socii
372 2737 527 2780 experti
550 2739 658 2772 sunt.
716 2735 946 2772 Frondibus
970 2733 1169 2782 ecclesias
1192 2733 1335 2769 diebus
1359 2731 1476 2769 festis
1501 2734 1647 2767 ornant
1663 2729 1886 2766 Christiani
1902 2728 2066 2800 Tammi-

243 2797 353 2841 stae,
384 2794 492 2828 unde
513 2791 779 2829 lusitanicum
804 2801 948 2827 nomen
965 2791 1146 2838 „Palma
1162 2788 1197 2824 d'
1200 2784 1372 2833 igresia‘
1379 2783 1452 2824 ‘et
1469 2787 1738 2836 „Armatoiia
1754 2787 1827 2823 das
1843 2779 2064 2830 igresias“.

241 2850 302 2886 De
319 2849 547 2894 specierum
563 2849 886 2886 americanarum
902 2858 980 2884 usu
996 2847 1099 2883 nihil
1117 2847 1225 2889 apud
1241 2844 1458 2888 scriptores
1474 2843 1641 2887 reperio.

370 3024 666 3084 cohors
696 3026 851 3083 ΙΙΙ.
924 3023 1323 3095 Acrobrya
1356 2989 1938 3094 hystein-ephyra}

390 3171 717 3231 Plantae
701 3192 760 3229 1n
790 3170 912 3229 aliis
942 3170 1202 3248 stirpibus
1231 3167 1584 3248 parasiticae,
1629 3166 1846 3244 saepius
1875 3165 2065 3224 iisdem

246 3257 628 3336 implantatae‚
685 3255 829 3315 vasis
873 3255 1207 3334 imperfectis
1255 3252 1487 3332 sparsis,
1546 3251 1694 3309 soliis
1746 3251 2064 3309 stomatibus

248 3341 542 3418 destitutis,
573 3361 864 3420 numquam
889 3361 970 3398 vn
972 3339 1150 3399 idibus
1158 3383 1178 3416 ,
1209 3338 1426 3418 organis
1450 3336 1766 3397 sexualibus
1787 3335 2066 3437 perfectiS,

249 3428 536 3505 embryone
565 3426 904 3507 impelfecto.
