2147 3756
950 104 1177 186 „2204

214 280 367 312 tantum
398 276 575 324 accedit,
609 281 651 313 ut
680 276 852 319 quodam
877 275 1000 312 faciei
1023 273 1258 312 discrimine
1279 273 1433 319 potius,
1466 280 1504 311 et
1526 284 1786 318 squamarum
1811 281 2023 320 apparatu.

214 333 360 374 quibus
383 326 554 380 stirpes,
588 337 704 370 extra
727 333 901 374 tropicos
926 331 1090 377 obviae,
1122 333 1188 366 vel
1213 331 1255 365 in
1279 328 1510 374 regionibus
1541 332 1816 375 intratropicis
1842 336 2027 369 excelsos

213 393 369 424 montes
387 389 630 433 incolentes,
662 393 878 424 nascentes
895 396 1075 431 gemmas
1092 387 1288 422 adversus
1306 395 1432 422 aurae
1448 387 1773 424 vicissitudinem
1790 387 2021 434 defendunt,

213 452 333 486 quam
349 445 444 480 aliis
461 445 717 489 gravioribus
735 444 842 478 notis
869 452 894 479 a
910 442 1185 485 Cinnamornis
1213 442 1515 486 distinguatur.'
1562 440 1803 488 Camplmra
1827 440 2029 491 officina-

214 508 308 533 rum
323 500 440 535 Nees.
458 501 499 535 in
516 501 691 543 Japonia
707 504 741 535 et
760 499 890 534 (urina
907 498 1102 533 nascitur.
1120 503 1121 506 ’
1140 499 1204 532 Ex
1219 499 1340 540 hujus
1358 499 1514 534 arboris
1529 499 1662 544 ligno,
1695 499 1821 535 ramis
1839 499 2029 542 foliisque

213 556 391 591 concisis
415 557 528 592 sicca
552 555 826 590 destillatione
853 551 1093 598 camphora
1117 550 1327 589 chimensis
1348 551 1610 598 v.jaJmm·ca
1632 565 1664 591 s.
1689 553 1822 589 cruda
1850 560 2030 602 paratur,

214 620 318 654 quae
342 612 449 647 intra
471 612 691 654 alembica,
725 620 746 644 e
770 614 877 645 terra
900 614 1033 655 cocta,
1066 610 1262 645 stramine
1287 619 1435 652 oryzeo
1455 610 1646 652 juncisve
1669 613 1823 653 repleta
1847 615 2029 658 excepta,

214 667 257 702 in
272 669 476 709 Europam
494 666 790 709 transvehitur,
822 666 970 701 iterata
994 665 1286 712 destillatione,
1321 667 1482 707 adjecta
1505 668 1619 701 calce
1642 666 1742 702 viva
1765 670 1833 701 aut
1857 669 2031 704 carbone

214 724 470 767 depuranda,
502 727 621 764 atque
652 722 905 764 Stearopteni
936 722 1115 764 speciem
1146 721 1274 766 sistit,
1307 725 1396 764 post
1429 726 1691 765 evaporatum
1722 722 1843 758 vivae
1875 723 2032 759 arboris

214 781 346 814 oleum
369 781 599 814 aethereum
618 776 959 822 (ElaeoptenumJ
978 777 1142 812 residui.
1201 778 1336 813 Etiam
1358 789 1380 814 e
1400 775 1666 812 Ct‘nnamomz’
1685 776 1900 824 zeylam’ci
1919 779 2030 815 radi-

216 835 332 871 cibus
350 835 616 875 camphoram
632 835 810 880 extrahi,
843 842 969 876 supra
985 834 1177 869 diximus.

356 901 592 951 Sassafras
622 901 798 950 lignum,
831 903 1077 939 foeniculum
1100 903 1263 946 spirans
1288 908 1325 939 et
1348 904 1501 940 latente
1525 903 1648 940 simul
1673 903 1922 947 camphorae
1945 906 2033 949 spi-

216 961 295 997 ritu
311 960 534 1005 vellicans,
567 959 761 995 aromatis
779 959 1264 1006 speciem,›·aliqu0mod0
1282 960 1534 996 cinnamomi
1559 960 1779 996 corticibus
1801 961 1894 996 istis
1920 970 2031 996 cam-

215 1016 418 1061 phoratiS,
465 1016 606 1052 cortici
638 1016 874 1052 Culilawan
905 1019 944 1050 et
972 1024 1163 1059 papuano
1195 1017 1508 1059 comparandam
1545 1019 1722 1059 praebet.
1797 1014 2033 1064 Sassafras

216 1069 452 1116 officinalis
469 1074 502 1106 N
506 1081 610 1119 ees.,
643 1072 799 1107 arboris
815 1080 1008 1117 magnae,
1040 1071 1082 1107 in
1098 1072 1290 1107 America
1306 1072 1459 1108 boreali
1476 1072 1517 1106 in
1534 1072 1668 1115 sylvis
1686 1076 1724 1107 et
1748 1074 1797 1108 ad
1820 1072 2034 1109 fluviorum

214 1128 346 1175 ripaS,
379 1137 405 1163 a
428 1128 595 1163 Canada
617 1129 668 1164 ad
690 1128 897 1163 Floridam
921 1127 1161 1175 crescentiS,
1192 1128 1368 1175 lignum,
1400 1128 1599 1170 imprimis
1625 1137 1646 1162 e
1677 1128 1812 1164 radice
1843 1133 2032 1177 sumtum,

215 1193 289 1220 nec
313 1193 391 1218 non
415 1186 546 1219 oleum
579 1194 599 1219 e
630 1183 761 1220 trunci
792 1192 1071 1227 ramorumque
1101 1184 1249 1220 cortice
1279 1187 1528 1232 extractum,
1560 1185 1667 1220 inter
1696 1185 2032 1221 transatlanticas

217 1250 371 1276 merces
389 1240 614 1276 advehitur.
1254 1242 1262 1250 '

355 1307 529 1345 Laurus
551 1308 699 1345 nobilis
715 1311 761 1346 L.
785 1303 996 1359 (δάφνη),
1028 1319 1080 1346 ex
1096 1310 1256 1347 Oriente
1273 1319 1345 1354 per
1360 1310 1565 1355 regionem
1581 1311 1918 1347 mediterraneam
1940 1321 2033 1354 pro-

215 1369 388 1414 pagata,
420 1368 627 1402 doctarum
649 1367 841 1402 frontium
863 1367 1041 1410 proemio
1064 1372 1301 1410 perpetuum
1326 1368 1452 1415 viret,
1484 1372 1522 1402 et
1553 1367 1618 1403 sui
1648 1367 1809 1411 generis
1841 1371 2032 1417 aromate,

218 1423 336 1468 gravi
365 1427 404 1458 et
433 1423 519 1458 acri
552 1420 787 1465 (Lam-ina)
821 1427 963 1459 scatet.
1029 1423 1148 1458 Folia
1176 1424 1420 1468 aromatica,
1458 1423 1747 1469 amaricantia,
1793 1421 1928 1460 lenius
1961 1425 2034 1458 ad-

216 1479 481 1526 stringentia‚
513 1479 595 1514 rari
624 1479 740 1514 hodie
771 1481 879 1521 apud
907 1479 1087 1515 medicos
1119 1489 1240 1527 usuS,
1272 1479 1524 1521 frequentius
1556 1479 1792 1514 condiendis
1824 1480 1928 1515 cibis
1959 1481 2031 1514 ad-

215 1536 451 1573 miscentur.
517 1536 651 1577 Major
682 1536 901 1570 baccarum
931 1545 1031 1571 usus
1064 1538 1146 1581 est,
1192 1545 1214 1570 e
1243 1544 1412 1578 quorum
1441 1534 1750 1577 cotyledonibus
1779 1537 1911 1570 oleum
1943 1546 2033 1571 cum

217 1590 417 1636 principio
447 1591 533 1626 acri
563 1595 597 1626 et
628 1595 746 1635 grata
775 1591 1003 1634 fragrantia
1030 1591 1196 1627 mistum
1225 1591 1399 1627 elicitur.
1458 1588 1648 1625 Benzm'n
1672 1588 2034 1640 0d01·2·fer2·NeeS.‚

218 1647 374 1685 arboris
398 1647 868 1693 boreali—americanae,
902 1656 1042 1683 aroma
1062 1647 1223 1682 laurino
1254 1647 1389 1683 simile
1419 1648 1492 1683 sed
1521 1647 1700 1694 gratius,
1732 1651 1770 1683 et
1799 1647 1930 1683 virtus
1962 1649 2033 1684 ad-

181 1747 188 1754 ,
217 1705 423 1747 stringens
439 1704 568 1745 major
585 1707 666 1750 est,
697 1704 803 1738 unde
821 1703 984 1739 corticis
1002 1703 1164 1746 quidam
1180 1704 1285 1739 inter
1299 1703 1525 1739 medicinas
1542 1703 1768 1747 febrifugas
1785 1713 1898 1740 usus.

358 1760 497 1796 Siccos
519 1759 816 1795 Laurinearum
840 1759 995 1796 fructus
1017 1759 1218 1802 insipidos
1239 1769 1330 1796 esse
1344 1762 1412 1795 vel
1429 1759 1539 1795 dulci
1553 1761 1730 1804 gaudere
1746 1762 2034 1803 caryophyllo-

218 1826 305 1853 rum
322 1819 498 1852 aromate
516 1816 716 1862 diximus,
747 1816 790 1851 in
814 1816 999 1851 carnosis
1022 1815 1174 1859 pingue
1193 1816 1428 1859 producitur
1450 1818 1604 1863 oleum,
1637 1816 1775 1853 addita
1798 1816 1843 1851 in
1866 1814 2035 1860 quibus-

217 1875 310 1909 dam
338 1871 584 1916 mucilagine
615 1874 652 1906 et
676 1874 870 1908 saccharo
893 1871 1103 1919 sapidum,
1135 1873 1396 1915 cotyledones
1420 1874 1507 1908 oleo
1530 1875 1770 1918 butyraceo,
1802 1881 1926 1916 saepe
1951 1873 2035 1908 acri

218 1933 256 1965 et
296 1928 515 1964 aromatico
550 1928 730 1964 imbutae
765 1930 874 1963 sunt.
949 1925 1213 1962 Cinnamomz·
1243 1930 1459 1971 cujusdam
1491 1926 1778 1971 (cinnamomi
1804 1928 2038 1962 aromatici

217 1988 357 2031 Nees.,
388 1986 467 2024 vel,
485 1984 676 2020 fortassis
710 1982 976 2018 cinnamomi
1002 1982 1135 2018 dulcis
1164 1983 1307 2028 Nees.]
1338 1984 1496 2021 fructus
1526 1984 1751 2032 immaturi,
1783 1986 1965 2021 adhibita
1993 1986 2036 2021 vi

220 2040 441 2084 compressi
458 2045 494 2076 et
513 2050 538 2076 a
553 2040 695 2076 nativa
710 2040 840 2076 forma
856 2040 1002 2088 alieni,
1027 2037 1201 2074 Florum
1222 2039 1398 2076 Cassiae
1413 2050 1453 2076 v.
1474 2038 1756 2075 Claoellorum
1777 2040 2040 2075 Cinnamomi

221 2096 587 2142 (Zimmtblt'ithem
612 2097 773 2133 nomine
794 2097 838 2132 in
861 2096 1044 2133 tabernis
1066 2098 1324 2133 aromatariis
1342 2098 1592 2144 venduntur,
1623 2106 1676 2133 ex
1696 2098 1826 2133 Indiis
1858 2097 2034 2144 advecti,

221 2157 309 2190 oleo
327 2154 545 2189 aromatico
562 2153 816 2195 aliquantum
834 2153 919 2189 acri
942 2162 1110 2200 graves,
1142 2154 1224 2189 rari
1246 2154 1289 2189 in
1312 2154 1531 2190 lautiorum
1556 2153 1706 2189 culinis
1730 2163 1850 2199 usus,
1903 2155 2036 2197 Major

218 2211 326 2247 inter
348 2209 579 2245 fructiferas
607 2210 929 2245 americanarum
952 2212 1046 2245 laus
1069 2213 1143 2246 est.
1202 2207 1384 2245 Perseae
1404 2209 1681 2256 gratissimae
1705 2211 1842 2245 Gartn.
1868 2207 2036 2254 [Agna-

221 2270 328 2312 cate,
359 2263 633 2310 l'Avocatier]
652 2265 827 2309 fructus,
860 2268 947 2301 oleo
962 2266 1106 2310 pingui
1128 2267 1348 2310 cumjusta
1362 2266 1551 2303 sacchari
1573 2270 1611 2302 et
1632 2266 1896 2310 mucilaginis
1919 2267 2036 2308 copia

221 2322 382 2368 egregie
399 2331 424 2357 a
439 2327 586 2357 natura
601 2322 726 2357 mixto
744 2321 893 2370 referti,
923 2322 1044 2357 unico
1062 2322 1146 2358 fere
1166 2322 1271 2359 inter
1286 2323 1515 2359 Laurineas
1537 2325 1733 2368 exemplo,
1764 2331 1910 2366 sapore
1927 2332 2036 2358 com-

220 2379 482 2425 mendantur,
512 2378 571 2413 ita
593 2381 637 2413 ut
659 2379 779 2414 arbor
801 2378 1171 2421 praestantissimis
1195 2378 1481 2424 frugiferarum
1503 2378 1546 2413 in
1567 2378 1760 2414 America
1782 2379 1937 2421 tropica
1965 2387 2036 2414 ac-

222 2438 457 2480 censeatur,
490 2433 668 2482 fructus,
698 2443 779 2469 non
802 2438 957 2471 tantum
980 2438 1029 2471 ab
1054 2435 1306 2482 hominibus,
1338 2437 1410 2472 sed
1434 2435 1555 2470 etiam
1586 2443 1611 2470 a
1640 2435 1804 2481 bestiis,
1836 2434 2036 2478 imprimis

222 2492 394 2528 canibus
426 2493 680 2533 appetantur.
741 2488 925 2526 Perseae
956 2489 1230 2537 ‹lrymz'fhle‘ae
1253 2493 1454 2527 Schleclrt.
1490 2484 1736 2536 (Agnacate
1766 2489 1931 2525 oloroso
1955 2492 2034 2526 Po-

222 2545 521 2592 pantlensium)
539 2546 687 2582 similis
702 2549 796 2583 laus
813 2551 886 2583 est.
916 2549 981 2584 Ex
1000 2545 1305 2592 Oreodaplmae
1322 2545 1690 2592 (Aperiphractae)
1708 2546 1901 2595 opiferae
1915 2548 2034 2583 Nees.

222 2608 260 2640 et
278 2606 413 2649 Mart.‚
430 2602 586 2638 arboris
602 2602 643 2638 in
661 2603 794 2646 sylvis
810 2604 1087 2640 Parae'nsibus
1104 2613 1223 2640 secus
1236 2604 1404 2640 fluvium
1419 2605 1675 2639 Amazonum
1692 2603 1925 2649 crescentis,
1950 2603 2037 2638 fru-

223 2660 355 2696 ctibus
386 2658 605 2694 destinatis
632 2659 675 2694 in
697 2661 828 2695 Barra
859 2661 907 2696 do
930 2660 1007 2696 Rio
1037 2669 1159 2705 negro
1190 2663 1322 2696 oleum
1351 2662 1584 2696 aethereum
1613 2664 1782 2702 paratur
1809 2659 2034 2706 limpidum,

224 2715 373 2752 coloris
396 2714 497 2750 lutei
520 2714 675 2761 vinosi,
706 2716 840 2752 odoris
863 2715 992 2752 veluti
1014 2716 1052 2753 si
1068 2719 1201 2752 oleum
1217 2717 1317 2752 Citri
1334 2720 1538 2753 vetustum
1555 2725 1646 2751 cum
1662 2715 1932 2751 Rorismarini
1948 2718 2036 2751 oleo

223 2772 424 2817 misceaS,
457 2771 618 2813 saporis
642 2772 1021 2809 aromatico-acris.
1079 2773 1256 2809 Utuntur
1270 2776 1345 2809 hoc
1361 2775 1448 2808 oleo
1464 2771 1507 2807 in
1523 2774 1787 2807 membrorum
1804 2774 2035 2807 contractu·

225 2829 302 2876 ris,
334 2828 481 2863 artium
503 2828 727 2875 doloribus,
760 2828 938 2872 aliisque
965 2830 1089 2872 hujus
1119 2829 1280 2874 generis
1309 2828 1480 2874 morbis,
1510 2835 1550 2864 v.
1582 2837 1674 2864 cum
1702 2829 1788 2863 oleo
1819 2827 1961 2872 pingui
1991 2827 2034 2863 in

223 2888 473 2929 unguentum
488 2884 614 2920 mixto
627 2911 637 2930 ,
666 2887 734 2921 vel
749 2885 850 2921 meri
867 2885 1046 2928 ejusdem
1061 2885 1292 2921 infrictione
1308 2885 1502 2925 adhibita.
1518 2908 1525 2914 ›

338 2948 342 2952 ·
364 2936 511 2974 Fabae
527 2937 746 2986 Pac-Imm,
777 2941 928 2985 ignotis
945 2941 1013 2976 diu
1029 2942 1239 2977 natalibus
1256 2942 1299 2976 in
1316 2940 1496 2976 tabernis
1511 2941 1918 2983 pharmacopolarum
1941 2949 2035 2983 pro-

224 2996 403 3043 positae,
439 2997 692 3032 Nectandrae
715 2996 875 3039 generis
905 2996 1134 3040 specierum
1162 2995 1468 3033 brasiliensium
1496 2998 1756 3038 cotyledones
1787 2999 1894 3032 sunt.
1953 2992 1998 3029 N
2017 3015 2037 3022 -

225 3050 410 3091 clandra
435 3051 716 3096 (Porostemao
740 3049 942 3098 Paclmry
965 3050 1106 3098 major
1127 3055 1233 3089 Nees
1256 3057 1296 3089 et
1310 3054 1450 3099 Mam,
1482 3055 1601 3089 arbor
1621 3052 1664 3087 in
1688 3052 1924 3095 provinciae
1940 3051 2038 3087 Rio-

226 3119 350 3154 negro
375 3108 506 3151 sylvis
529 3108 579 3143 ad
602 3109 829 3151 Tabatinga
852 3117 877 3144 a
899 3108 1048 3144 Martio
1070 3113 1206 3144 nostro
1230 3112 1387 3152 reperta
1413 3107 1502 3143 fuit.
1561 3109 1735 3143 Fructus
1765 3108 1907 3151 primis
1938 3108 2036 3145 anni

226 3165 434 3201 mensibus
451 3173 502 3199 ex
518 3166 680 3211 arbore,
711 3164 866 3200 relictis
890 3164 1049 3208 cupulis
1071 3165 1182 3211 suis,
1213 3165 1256 3201 in
1278 3168 1425 3200 terram
1448 3164 1567 3200 deflui
1589 3167 1640 3201 ab
1667 3164 1812 3200 incolis
1837 3163 2038 3207 colligun-

227 3226 310 3268 tur,
342 3224 540 3265 purgatae
563 3220 706 3256 deinde
730 3229 853 3256 carne
874 3224 912 3256 et
934 3220 1160 3264 pericarpio
1191 3222 1451 3263 cotyledones
1480 3220 1564 3256 leni
1594 3224 1728 3256 calore
1760 3220 2035 3256 exsiccantur.

225 3278 437 3313 Laudatur
459 3285 485 3312 a
499 3276 747 3321 Brasilianis
770 3285 909 3313 aroma
930 3278 1129 3313 adversus
1149 3279 1308 3312 morbos
1332 3286 1354 3312 e
1377 3277 1586 3313 debilitate
1607 3276 1891 3314 intestinorum
1913 3279 2035 3321 ortos,

228 3334 427 3369 adversus
471 3331 764 3380 dysenteriam,
823 3332 1097 3380 diarrhoeam,
1116 3333 1123 3337 ‘
1149 3333 1437 3381 cardialgiam,
1482 3333 1800 3379 meteorismum,
1847 3335 2039 3375 strangu-

230 3388 330 3423 riam
347 3393 383 3424 et
399 3388 734 3426 incontinentiam
749 3388 893 3425 urinae
916 3398 1007 3424 cum
1030 3390 1151 3425 laude
1174 3389 1417 3435 adhibitum,
1449 3399 1523 3425 nec
1546 3399 1624 3425 non
1648 3398 1717 3432 pro
1741 3389 2036 3431 cataplasmate

231 3444 381 3491 tepido,
413 3446 651 3494 vulneribus
669 3446 863 3490 najaram
885 3445 970 3482 ictu
993 3445 1158 3482 inflictis
1183 3446 1472 3491 usurpandum.
1532 3442 1803 3479 Nectandrae
1826 3442 2039 3488 (Poroste-
