<?xml version="1.0" encoding="UTF-8"?>
<!DOCTYPE html PUBLIC "-//W3C//DTD XHTML 1.0 Transitional//EN"
    "http://www.w3.org/TR/xhtml1/DTD/xhtml1-transitional.dtd">
<html xmlns="http://www.w3.org/1999/xhtml" xml:lang="en" lang="en">
 <head>
  <title>
</title>
<meta http-equiv="Content-Type" content="text/html;charset=utf-8" />
  <meta name='ocr-system' content='tesseract 3.04.00' />
  <meta name='ocr-capabilities' content='ocr_page ocr_carea ocr_par ocr_line ocrx_word'/>
</head>
<body>
  <div class='ocr_page' id='page_1' title='image "./enchiridionbotan00endl/enchiridionbotan00endl_0196.png"; bbox 0 0 2147 3756; ppageno 0'>
   <div class='ocr_carea' id='block_1_1' title="bbox 1052 90 1159 175">
    <p class='ocr_par' dir='ltr' id='par_1_1' title="bbox 1052 90 1159 175">
     <span class='ocr_line' id='line_1_1' title="bbox 1052 90 1159 175; baseline 0.009 -1"><span class='ocrx_word' id='word_1_1' title='bbox 1052 90 1159 175; x_wconf 56' lang='lat'>1723</span> 
     </span>
    </p>
   </div>
   <div class='ocr_carea' id='block_1_2' title="bbox 200 291 2016 451">
    <p class='ocr_par' dir='ltr' id='par_1_2' title="bbox 200 291 2016 451">
     <span class='ocr_line' id='line_1_2' title="bbox 200 291 2016 348; baseline -0.004 -10"><span class='ocrx_word' id='word_1_2' title='bbox 200 301 454 348; x_wconf 81' lang='lat' dir='ltr'>Proteaceis,</span> <span class='ocrx_word' id='word_1_3' title='bbox 501 291 879 343; x_wconf 68' lang='grc'>01011111111010016</span> <span class='ocrx_word' id='word_1_4' title='bbox 909 297 1225 343; x_wconf 80' lang='lat' dir='ltr'>diversissimis,</span> <span class='ocrx_word' id='word_1_5' title='bbox 1266 297 1582 344; x_wconf 79' lang='lat' dir='ltr'>comparandae,</span> <span class='ocrx_word' id='word_1_6' title='bbox 1614 295 1773 333; x_wconf 88' lang='lat' dir='ltr'>interim</span> <span class='ocrx_word' id='word_1_7' title='bbox 1805 298 1853 332; x_wconf 84' lang='lat' dir='ltr'>ob</span> <span class='ocrx_word' id='word_1_8' title='bbox 1885 296 2016 332; x_wconf 86' lang='lat' dir='ltr'>mani·-</span> 
     </span>
     <span class='ocr_line' id='line_1_3' title="bbox 201 353 2016 400; baseline -0.003 -6"><span class='ocrx_word' id='word_1_9' title='bbox 201 359 344 394; x_wconf 68' lang='lat' dir='ltr'>t&#39;estam</span> <span class='ocrx_word' id='word_1_10' title='bbox 374 367 463 393; x_wconf 88' lang='lat' dir='ltr'>cum</span> <span class='ocrx_word' id='word_1_11' title='bbox 487 356 765 393; x_wconf 83' lang='lat' dir='ltr'>Balsamifluis</span> <span class='ocrx_word' id='word_1_12' title='bbox 796 360 832 391; x_wconf 88' lang='lat' dir='ltr'>et</span> <span class='ocrx_word' id='word_1_13' title='bbox 856 355 1068 391; x_wconf 72' lang='lat' dir='ltr'>plataneis</span> <span class='ocrx_word' id='word_1_14' title='bbox 1101 353 1357 400; x_wconf 85' lang='lat' dir='ltr'>affinitatem,</span> <span class='ocrx_word' id='word_1_15' title='bbox 1390 356 1428 388; x_wconf 88' lang='lat' dir='ltr'>et</span> <span class='ocrx_word' id='word_1_16' title='bbox 1458 353 1636 395; x_wconf 81' lang='lat' dir='ltr'>aliquam</span> <span class='ocrx_word' id='word_1_17' title='bbox 1668 362 1758 388; x_wconf 87' lang='lat' dir='ltr'>cum</span> <span class='ocrx_word' id='word_1_18' title='bbox 1781 353 2016 389; x_wconf 81' lang='lat' dir='ltr'>Betulaceis</span> 
     </span>
     <span class='ocr_line' id='line_1_4' title="bbox 200 413 953 451; baseline -0.008 0"><span class='ocrx_word' id='word_1_19' title='bbox 200 414 507 451; x_wconf 82' lang='lat' dir='ltr'>similitudinem</span> <span class='ocrx_word' id='word_1_20' title='bbox 524 417 597 448; x_wconf 90' lang='lat' dir='ltr'>hoc</span> <span class='ocrx_word' id='word_1_21' title='bbox 614 416 701 448; x_wconf 90' lang='lat' dir='ltr'>loco</span> <span class='ocrx_word' id='word_1_22' title='bbox 719 413 953 447; x_wconf 71' lang='lat' dir='ltr'>retinemur.</span> 
     </span>
    </p>
   </div>
   <div class='ocr_carea' id='block_1_3' title="bbox 195 474 2018 1487">
    <p class='ocr_par' dir='ltr' id='par_1_3' title="bbox 195 474 2018 1487">
     <span class='ocr_line' id='line_1_5' title="bbox 338 474 2013 533; baseline -0.005 -10"><span class='ocrx_word' id='word_1_23' title='bbox 338 476 755 533; x_wconf 68' lang='lat' dir='ltr'>Geogl&#39;aphia.</span> <span class='ocrx_word' id='word_1_24' title='bbox 809 484 855 517; x_wconf 91' lang='lat' dir='ltr'>ln</span> <span class='ocrx_word' id='word_1_25' title='bbox 881 480 1173 524; x_wconf 72' lang='lat' dir='ltr'>temperatistet</span> <span class='ocrx_word' id='word_1_26' title='bbox 1192 474 1492 524; x_wconf 80' lang='lat' dir='ltr'>frigidiusculis</span> <span class='ocrx_word' id='word_1_27' title='bbox 1510 478 1816 523; x_wconf 84' lang='lat' dir='ltr'>hemisphaerac</span> <span class='ocrx_word' id='word_1_28' title='bbox 1836 479 2013 514; x_wconf 79' lang='lat' dir='ltr'>borealis·</span> 
     </span>
     <span class='ocr_line' id='line_1_6' title="bbox 199 535 2017 583; baseline -0.004 -7"><span class='ocrx_word' id='word_1_29' title='bbox 199 540 409 583; x_wconf 84' lang='lat' dir='ltr'>utriusque</span> <span class='ocrx_word' id='word_1_30' title='bbox 433 540 676 575; x_wconf 83' lang='lat' dir='ltr'>continentis</span> <span class='ocrx_word' id='word_1_31' title='bbox 700 540 937 573; x_wconf 76' lang='lat' dir='ltr'>innumerae</span> <span class='ocrx_word' id='word_1_32' title='bbox 961 536 1121 572; x_wconf 75' lang='lat' dir='ltr'>salices</span> <span class='ocrx_word' id='word_1_33' title='bbox 1144 536 1247 572; x_wconf 90' lang='lat' dir='ltr'>mira</span> <span class='ocrx_word' id='word_1_34' title='bbox 1270 536 1486 571; x_wconf 83' lang='lat' dir='ltr'>formarum</span> <span class='ocrx_word' id='word_1_35' title='bbox 1504 535 1779 571; x_wconf 73' lang='lat' dir='ltr'>inconstantia</span> <span class='ocrx_word' id='word_1_36' title='bbox 1792 535 2017 581; x_wconf 86' lang='lat' dir='ltr'>luxuriant,</span> 
     </span>
     <span class='ocr_line' id='line_1_7' title="bbox 200 591 2015 639; baseline -0.003 -8"><span class='ocrx_word' id='word_1_37' title='bbox 200 598 475 632; x_wconf 82' lang='lat' dir='ltr'>botanicorum</span> <span class='ocrx_word' id='word_1_38' title='bbox 495 606 595 631; x_wconf 82' lang='lat' dir='ltr'>crux</span> <span class='ocrx_word' id='word_1_39' title='bbox 612 599 649 631; x_wconf 91' lang='lat' dir='ltr'>et</span> <span class='ocrx_word' id='word_1_40' title='bbox 666 596 918 630; x_wconf 78' lang='lat' dir='ltr'>scandalum.</span> <span class='ocrx_word' id='word_1_41' title='bbox 958 595 1185 628; x_wconf 77' lang='lat' dir='ltr'>Nonnullae</span> <span class='ocrx_word' id='word_1_42' title='bbox 1201 596 1422 627; x_wconf 71' lang='lat' dir='ltr'>extren‘ium</span> <span class='ocrx_word' id='word_1_43' title='bbox 1440 591 1764 635; x_wconf 77' lang='lat' dir='ltr'>septemtrionem</span> <span class='ocrx_word' id='word_1_44' title='bbox 1777 594 1818 639; x_wconf 81' lang='lat' dir='ltr'>et</span> <span class='ocrx_word' id='word_1_45' title='bbox 1834 600 2015 627; x_wconf 86' lang='lat' dir='ltr'>summas</span> 
     </span>
     <span class='ocr_line' id='line_1_8' title="bbox 198 647 2016 695; baseline -0.003 -6"><span class='ocrx_word' id='word_1_46' title='bbox 198 656 313 695; x_wconf 83' lang='lat' dir='ltr'>alpes</span> <span class='ocrx_word' id='word_1_47' title='bbox 344 654 567 688; x_wconf 85' lang='lat' dir='ltr'>incolentes</span> <span class='ocrx_word' id='word_1_48' title='bbox 598 662 618 687; x_wconf 94' lang='lat' dir='ltr'>e</span> <span class='ocrx_word' id='word_1_49' title='bbox 649 654 788 685; x_wconf 84' lang='lat' dir='ltr'>trunco</span> <span class='ocrx_word' id='word_1_50' title='bbox 820 652 1039 694; x_wconf 87' lang='lat' dir='ltr'>prostrato,</span> <span class='ocrx_word' id='word_1_51' title='bbox 1072 652 1146 684; x_wconf 89' lang='lat' dir='ltr'>sub</span> <span class='ocrx_word' id='word_1_52' title='bbox 1173 650 1294 684; x_wconf 81' lang='lat' dir='ltr'>denso</span> <span class='ocrx_word' id='word_1_53' title='bbox 1318 648 1496 683; x_wconf 82' lang='lat' dir='ltr'>muscosi</span> <span class='ocrx_word' id='word_1_54' title='bbox 1521 647 1600 684; x_wconf 90' lang='lat' dir='ltr'>soli</span> <span class='ocrx_word' id='word_1_55' title='bbox 1625 647 1798 692; x_wconf 73' lang='lat' dir='ltr'>tegmine</span> <span class='ocrx_word' id='word_1_56' title='bbox 1821 651 1903 683; x_wconf 88' lang='lat' dir='ltr'>late</span> <span class='ocrx_word' id='word_1_57' title='bbox 1925 657 2016 690; x_wconf 86' lang='lat' dir='ltr'>pro-</span> 
     </span>
     <span class='ocr_line' id='line_1_9' title="bbox 202 703 2014 755; baseline -0.003 -11"><span class='ocrx_word' id='word_1_58' title='bbox 202 713 382 755; x_wconf 79' lang='lat' dir='ltr'>repente,</span> <span class='ocrx_word' id='word_1_59' title='bbox 416 710 594 744; x_wconf 82' lang='lat' dir='ltr'>ramulos</span> <span class='ocrx_word' id='word_1_60' title='bbox 619 706 778 749; x_wconf 77' lang='lat' dir='ltr'>erigunt.</span> <span class='ocrx_word' id='word_1_61' title='bbox 801 706 954 750; x_wconf 84' lang='lat' dir='ltr'>exiles,</span> <span class='ocrx_word' id='word_1_62' title='bbox 988 708 1135 741; x_wconf 82' lang='lat' dir='ltr'>herbae</span> <span class='ocrx_word' id='word_1_63' title='bbox 1164 705 1344 748; x_wconf 81' lang='lat' dir='ltr'>pusillae</span> <span class='ocrx_word' id='word_1_64' title='bbox 1370 703 1590 747; x_wconf 82' lang='lat' dir='ltr'>imaginem</span> <span class='ocrx_word' id='word_1_65' title='bbox 1617 712 1786 739; x_wconf 88' lang='lat' dir='ltr'>amoene</span> <span class='ocrx_word' id='word_1_66' title='bbox 1811 705 2014 751; x_wconf 64' lang='lat' dir='ltr'>ludentes,</span> 
     </span>
     <span class='ocr_line' id='line_1_10' title="bbox 197 759 2017 808; baseline -0.002 -9"><span class='ocrx_word' id='word_1_67' title='bbox 197 767 395 808; x_wconf 75' lang='lat' dir='ltr'>plurimae</span> <span class='ocrx_word' id='word_1_68' title='bbox 422 766 543 808; x_wconf 72' lang='lat' dir='ltr'>Juxta</span> <span class='ocrx_word' id='word_1_69' title='bbox 571 762 743 798; x_wconf 83' lang='lat' dir='ltr'>vallium</span> <span class='ocrx_word' id='word_1_70' title='bbox 774 762 929 797; x_wconf 82' lang='lat' dir='ltr'>rivulos</span> <span class='ocrx_word' id='word_1_71' title='bbox 960 763 1083 797; x_wconf 77' lang='lat' dir='ltr'>denso</span> <span class='ocrx_word' id='word_1_72' title='bbox 1107 761 1252 797; x_wconf 87' lang='lat' dir='ltr'>fruteto</span> <span class='ocrx_word' id='word_1_73' title='bbox 1275 764 1502 796; x_wconf 86' lang='lat' dir='ltr'>nascuntur</span> <span class='ocrx_word' id='word_1_74' title='bbox 1526 763 1562 796; x_wconf 92' lang='lat' dir='ltr'>et</span> <span class='ocrx_word' id='word_1_75' title='bbox 1588 768 1783 796; x_wconf 88' lang='lat' dir='ltr'>arenosas</span> <span class='ocrx_word' id='word_1_76' title='bbox 1806 759 2017 795; x_wconf 80' lang='lat' dir='ltr'>fluviorum</span> 
     </span>
     <span class='ocr_line' id='line_1_11' title="bbox 198 815 2017 865; baseline -0.004 -8"><span class='ocrx_word' id='word_1_77' title='bbox 198 823 310 865; x_wconf 84' lang='lat' dir='ltr'>ripas</span> <span class='ocrx_word' id='word_1_78' title='bbox 341 822 476 857; x_wconf 86' lang='lat' dir='ltr'>tenaci</span> <span class='ocrx_word' id='word_1_79' title='bbox 505 820 659 854; x_wconf 75' lang='lat' dir='ltr'>vimine</span> <span class='ocrx_word' id='word_1_80' title='bbox 687 819 864 862; x_wconf 88' lang='lat' dir='ltr'>firmant,</span> <span class='ocrx_word' id='word_1_81' title='bbox 897 818 1005 854; x_wconf 85' lang='lat' dir='ltr'>aliae</span> <span class='ocrx_word' id='word_1_82' title='bbox 1035 819 1139 853; x_wconf 88' lang='lat' dir='ltr'>inter</span> <span class='ocrx_word' id='word_1_83' title='bbox 1168 820 1400 860; x_wconf 82' lang='lat' dir='ltr'>sylvestres</span> <span class='ocrx_word' id='word_1_84' title='bbox 1430 817 1507 852; x_wconf 92' lang='lat' dir='ltr'>soli</span> <span class='ocrx_word' id='word_1_85' title='bbox 1539 816 1719 858; x_wconf 85' lang='lat' dir='ltr'>depressi</span> <span class='ocrx_word' id='word_1_86' title='bbox 1745 819 1780 851; x_wconf 91' lang='lat' dir='ltr'>et</span> <span class='ocrx_word' id='word_1_87' title='bbox 1813 815 2017 852; x_wconf 87' lang='lat' dir='ltr'>humentis</span> 
     </span>
     <span class='ocr_line' id='line_1_12' title="bbox 198 872 2017 919; baseline -0.003 -5"><span class='ocrx_word' id='word_1_88' title='bbox 198 881 362 914; x_wconf 85' lang='lat' dir='ltr'>arbores</span> <span class='ocrx_word' id='word_1_89' title='bbox 394 881 556 912; x_wconf 89' lang='lat' dir='ltr'>truncos</span> <span class='ocrx_word' id='word_1_90' title='bbox 580 875 739 919; x_wconf 80' lang='lat' dir='ltr'>erigunt</span> <span class='ocrx_word' id='word_1_91' title='bbox 762 875 944 919; x_wconf 80' lang='lat' dir='ltr'>validos,</span> <span class='ocrx_word' id='word_1_92' title='bbox 977 883 1129 909; x_wconf 86' lang='lat' dir='ltr'>comam</span> <span class='ocrx_word' id='word_1_93' title='bbox 1154 877 1235 909; x_wconf 88' lang='lat' dir='ltr'>late</span> <span class='ocrx_word' id='word_1_94' title='bbox 1260 875 1460 919; x_wconf 85' lang='lat' dir='ltr'>pandunt,</span> <span class='ocrx_word' id='word_1_95' title='bbox 1493 876 1531 908; x_wconf 91' lang='lat' dir='ltr'>et</span> <span class='ocrx_word' id='word_1_96' title='bbox 1553 881 1703 908; x_wconf 82' lang='lat' dir='ltr'>exesae</span> <span class='ocrx_word' id='word_1_97' title='bbox 1726 881 1885 908; x_wconf 88' lang='lat' dir='ltr'>annosa</span> <span class='ocrx_word' id='word_1_98' title='bbox 1907 872 2017 908; x_wconf 80' lang='lat' dir='ltr'>carie</span> 
     </span>
     <span class='ocr_line' id='line_1_13' title="bbox 199 930 2018 978; baseline -0.004 -8"><span class='ocrx_word' id='word_1_99' title='bbox 199 943 304 970; x_wconf 81' lang='lat' dir='ltr'>nova</span> <span class='ocrx_word' id='word_1_100' title='bbox 329 932 543 976; x_wconf 70' lang='lat' dir='ltr'>quotannis</span> <span class='ocrx_word' id='word_1_101' title='bbox 562 932 700 967; x_wconf 85' lang='lat' dir='ltr'>fronde</span> <span class='ocrx_word' id='word_1_102' title='bbox 718 931 916 978; x_wconf 75' lang='lat' dir='ltr'>revirent,</span> <span class='ocrx_word' id='word_1_103' title='bbox 946 940 984 966; x_wconf 85' lang='lat' dir='ltr'>v.</span> <span class='ocrx_word' id='word_1_104' title='bbox 1003 941 1024 966; x_wconf 91' lang='lat' dir='ltr'>e</span> <span class='ocrx_word' id='word_1_105' title='bbox 1049 931 1184 966; x_wconf 87' lang='lat' dir='ltr'>securi</span> <span class='ocrx_word' id='word_1_106' title='bbox 1208 933 1392 966; x_wconf 79' lang='lat' dir='ltr'>demesso</span> <span class='ocrx_word' id='word_1_107' title='bbox 1410 930 1548 972; x_wconf 87' lang='lat' dir='ltr'>stipite</span> <span class='ocrx_word' id='word_1_108' title='bbox 1563 932 1672 964; x_wconf 88' lang='lat' dir='ltr'>laeta</span> <span class='ocrx_word' id='word_1_109' title='bbox 1690 938 1890 964; x_wconf 88' lang='lat' dir='ltr'>ramorum</span> <span class='ocrx_word' id='word_1_110' title='bbox 1906 930 2018 971; x_wconf 88' lang='lat' dir='ltr'>prole</span> 
     </span>
     <span class='ocr_line' id='line_1_14' title="bbox 199 984 2016 1034; baseline -0.003 -9"><span class='ocrx_word' id='word_1_111' title='bbox 199 993 461 1034; x_wconf 81' lang='lat' dir='ltr'>repullulant.</span> <span class='ocrx_word' id='word_1_112' title='bbox 523 988 641 1024; x_wconf 79' lang='lat' dir='ltr'>Salix</span> <span class='ocrx_word' id='word_1_113' title='bbox 670 987 937 1033; x_wconf 70' lang='lat' dir='ltr'>babylonica,</span> <span class='ocrx_word' id='word_1_114' title='bbox 968 990 1087 1032; x_wconf 70' lang='lat' dir='ltr'>longe</span> <span class='ocrx_word' id='word_1_115' title='bbox 1112 987 1420 1030; x_wconf 83' lang='lat' dir='ltr'>dependentium</span> <span class='ocrx_word' id='word_1_116' title='bbox 1444 988 1687 1021; x_wconf 88' lang='lat' dir='ltr'>ramulorum</span> <span class='ocrx_word' id='word_1_117' title='bbox 1713 994 1827 1021; x_wconf 87' lang='lat' dir='ltr'>coma</span> <span class='ocrx_word' id='word_1_118' title='bbox 1850 984 2016 1031; x_wconf 78' lang='lat' dir='ltr'>nobilis,</span> 
     </span>
     <span class='ocr_line' id='line_1_15' title="bbox 195 1041 2017 1089; baseline -0.003 -8"><span class='ocrx_word' id='word_1_119' title='bbox 195 1049 315 1089; x_wconf 76' lang='lat' dir='ltr'>juxta</span> <span class='ocrx_word' id='word_1_120' title='bbox 340 1047 473 1081; x_wconf 79' lang='lat' dir='ltr'>fontes</span> <span class='ocrx_word' id='word_1_121' title='bbox 497 1049 532 1080; x_wconf 89' lang='lat' dir='ltr'>et</span> <span class='ocrx_word' id='word_1_122' title='bbox 557 1046 605 1080; x_wconf 86' lang='lat' dir='ltr'>ad</span> <span class='ocrx_word' id='word_1_123' title='bbox 630 1047 750 1079; x_wconf 87' lang='lat' dir='ltr'>busta</span> <span class='ocrx_word' id='word_1_124' title='bbox 774 1053 864 1079; x_wconf 88' lang='lat' dir='ltr'>cum</span> <span class='ocrx_word' id='word_1_125' title='bbox 887 1043 1048 1079; x_wconf 90' lang='lat' dir='ltr'>homine</span> <span class='ocrx_word' id='word_1_126' title='bbox 1071 1046 1193 1086; x_wconf 78' lang='lat' dir='ltr'>luget.</span> <span class='ocrx_word' id='word_1_127' title='bbox 1252 1044 1417 1078; x_wconf 89' lang='lat' dir='ltr'>Paucae</span> <span class='ocrx_word' id='word_1_128' title='bbox 1440 1043 1481 1077; x_wconf 89' lang='lat' dir='ltr'>in</span> <span class='ocrx_word' id='word_1_129' title='bbox 1497 1041 1643 1077; x_wconf 84' lang='lat' dir='ltr'>Africa</span> <span class='ocrx_word' id='word_1_130' title='bbox 1666 1041 1962 1077; x_wconf 87' lang='lat' dir='ltr'>mediterranea</span> <span class='ocrx_word' id='word_1_131' title='bbox 1979 1043 2017 1076; x_wconf 85' lang='lat' dir='ltr'>et</span> 
     </span>
     <span class='ocr_line' id='line_1_16' title="bbox 200 1097 2017 1148; baseline -0.004 -10"><span class='ocrx_word' id='word_1_132' title='bbox 200 1104 374 1148; x_wconf 88' lang='lat' dir='ltr'>tropica,</span> <span class='ocrx_word' id='word_1_133' title='bbox 407 1111 480 1136; x_wconf 87' lang='lat' dir='ltr'>nec</span> <span class='ocrx_word' id='word_1_134' title='bbox 502 1111 581 1136; x_wconf 88' lang='lat' dir='ltr'>non</span> <span class='ocrx_word' id='word_1_135' title='bbox 604 1101 647 1135; x_wconf 90' lang='lat' dir='ltr'>in</span> <span class='ocrx_word' id='word_1_136' title='bbox 662 1100 803 1136; x_wconf 85' lang='lat' dir='ltr'>Indiae</span> <span class='ocrx_word' id='word_1_137' title='bbox 818 1100 1048 1135; x_wconf 88' lang='lat' dir='ltr'>continente</span> <span class='ocrx_word' id='word_1_138' title='bbox 1064 1103 1319 1142; x_wconf 79' lang='lat' dir='ltr'>generantur.</span> <span class='ocrx_word' id='word_1_139' title='bbox 1377 1098 1569 1133; x_wconf 87' lang='lat' dir='ltr'>America</span> <span class='ocrx_word' id='word_1_140' title='bbox 1586 1097 1900 1140; x_wconf 85' lang='lat' dir='ltr'>aequinoctialis</span> <span class='ocrx_word' id='word_1_141' title='bbox 1916 1106 2017 1132; x_wconf 90' lang='lat' dir='ltr'>non-</span> 
     </span>
     <span class='ocr_line' id='line_1_17' title="bbox 198 1152 2016 1203; baseline -0.003 -10"><span class='ocrx_word' id='word_1_142' title='bbox 198 1162 336 1195; x_wconf 87' lang='lat' dir='ltr'>nullas</span> <span class='ocrx_word' id='word_1_143' title='bbox 361 1159 453 1203; x_wconf 89' lang='lat' dir='ltr'>alit,</span> <span class='ocrx_word' id='word_1_144' title='bbox 486 1161 628 1193; x_wconf 88' lang='lat' dir='ltr'>harum</span> <span class='ocrx_word' id='word_1_145' title='bbox 652 1165 756 1203; x_wconf 90' lang='lat' dir='ltr'>una,</span> <span class='ocrx_word' id='word_1_146' title='bbox 788 1158 1074 1192; x_wconf 84' lang='lat' dir='ltr'>Germanorum</span> <span class='ocrx_word' id='word_1_147' title='bbox 1097 1156 1355 1199; x_wconf 73' lang='lat' dir='ltr'>Alexandm,</span> <span class='ocrx_word' id='word_1_148' title='bbox 1386 1154 1625 1190; x_wconf 85' lang='lat' dir='ltr'>Aristotelis</span> <span class='ocrx_word' id='word_1_149' title='bbox 1642 1154 1841 1195; x_wconf 82' lang='lat' dir='ltr'>discipulo</span> <span class='ocrx_word' id='word_1_150' title='bbox 1858 1152 2016 1199; x_wconf 86' lang='lat' dir='ltr'>majori,</span> 
     </span>
     <span class='ocr_line' id='line_1_18' title="bbox 198 1207 2018 1258; baseline -0.003 -8"><span class='ocrx_word' id='word_1_151' title='bbox 198 1219 286 1258; x_wconf 81' lang='lat' dir='ltr'>post</span> <span class='ocrx_word' id='word_1_152' title='bbox 309 1218 523 1252; x_wconf 83' lang='lat' dir='ltr'>subactum</span> <span class='ocrx_word' id='word_1_153' title='bbox 545 1213 733 1252; x_wconf 82' lang='lat' dir='ltr'>scientiis</span> <span class='ocrx_word' id='word_1_154' title='bbox 756 1213 1003 1253; x_wconf 84' lang='lat' dir='ltr'>occidentem</span> <span class='ocrx_word' id='word_1_155' title='bbox 1027 1215 1210 1256; x_wconf 84' lang='lat' dir='ltr'>sacrata,</span> <span class='ocrx_word' id='word_1_156' title='bbox 1243 1210 1445 1246; x_wconf 88' lang='lat' dir='ltr'>latissime</span> <span class='ocrx_word' id='word_1_157' title='bbox 1467 1220 1539 1253; x_wconf 89' lang='lat' dir='ltr'>per</span> <span class='ocrx_word' id='word_1_158' title='bbox 1562 1212 1718 1245; x_wconf 86' lang='lat' dir='ltr'>Novum</span> <span class='ocrx_word' id='word_1_159' title='bbox 1741 1207 2018 1245; x_wconf 77' lang='lat' dir='ltr'>continentem</span> 
     </span>
     <span class='ocr_line' id='line_1_19' title="bbox 197 1265 2018 1317; baseline -0.003 -10"><span class='ocrx_word' id='word_1_160' title='bbox 197 1273 364 1317; x_wconf 79' lang='lat' dir='ltr'>diffusa,</span> <span class='ocrx_word' id='word_1_161' title='bbox 391 1271 514 1306; x_wconf 88' lang='lat' dir='ltr'>etiam</span> <span class='ocrx_word' id='word_1_162' title='bbox 531 1274 644 1305; x_wconf 91' lang='lat' dir='ltr'>trans</span> <span class='ocrx_word' id='word_1_163' title='bbox 661 1269 940 1311; x_wconf 85' lang='lat' dir='ltr'>capricornum</span> <span class='ocrx_word' id='word_1_164' title='bbox 957 1271 1175 1304; x_wconf 86' lang='lat' dir='ltr'>observata</span> <span class='ocrx_word' id='word_1_165' title='bbox 1191 1267 1281 1303; x_wconf 85' lang='lat' dir='ltr'>fuit.</span> <span class='ocrx_word' id='word_1_166' title='bbox 1317 1267 1465 1309; x_wconf 86' lang='lat' dir='ltr'>Populi</span> <span class='ocrx_word' id='word_1_167' title='bbox 1483 1277 1554 1310; x_wconf 86' lang='lat' dir='ltr'>per</span> <span class='ocrx_word' id='word_1_168' title='bbox 1569 1267 1770 1308; x_wconf 83' lang='lat' dir='ltr'>Europam</span> <span class='ocrx_word' id='word_1_169' title='bbox 1788 1265 1962 1301; x_wconf 90' lang='lat' dir='ltr'>mediam</span> <span class='ocrx_word' id='word_1_170' title='bbox 1979 1269 2018 1301; x_wconf 89' lang='lat' dir='ltr'>et</span> 
     </span>
     <span class='ocr_line' id='line_1_20' title="bbox 198 1322 2016 1368; baseline -0.004 -4"><span class='ocrx_word' id='word_1_171' title='bbox 198 1330 419 1365; x_wconf 85' lang='lat' dir='ltr'>australem</span> <span class='ocrx_word' id='word_1_172' title='bbox 443 1336 518 1362; x_wconf 91' lang='lat' dir='ltr'>nec</span> <span class='ocrx_word' id='word_1_173' title='bbox 540 1335 619 1361; x_wconf 90' lang='grc'>11011</span> <span class='ocrx_word' id='word_1_174' title='bbox 643 1325 831 1361; x_wconf 81' lang='lat' dir='ltr'>Africam</span> <span class='ocrx_word' id='word_1_175' title='bbox 852 1326 1188 1361; x_wconf 84' lang='lat' dir='ltr'>mediterraneam</span> <span class='ocrx_word' id='word_1_176' title='bbox 1211 1323 1360 1368; x_wconf 77' lang='lat' dir='ltr'>exiguo</span> <span class='ocrx_word' id='word_1_177' title='bbox 1385 1323 1610 1366; x_wconf 85' lang='lat' dir='ltr'>specierum</span> <span class='ocrx_word' id='word_1_178' title='bbox 1636 1332 1800 1358; x_wconf 88' lang='lat' dir='ltr'>numero</span> <span class='ocrx_word' id='word_1_179' title='bbox 1826 1322 2016 1365; x_wconf 74' lang='lat' dir='ltr'>capiosae</span> 
     </span>
     <span class='ocr_line' id='line_1_21' title="bbox 197 1379 2017 1429; baseline -0.002 -11"><span class='ocrx_word' id='word_1_180' title='bbox 197 1387 401 1429; x_wconf 87' lang='lat' dir='ltr'>crescunt,</span> <span class='ocrx_word' id='word_1_181' title='bbox 433 1383 537 1419; x_wconf 90' lang='lat' dir='ltr'>inter</span> <span class='ocrx_word' id='word_1_182' title='bbox 567 1382 754 1425; x_wconf 88' lang='lat' dir='ltr'>planitiei</span> <span class='ocrx_word' id='word_1_183' title='bbox 784 1382 963 1425; x_wconf 76' lang='lat' dir='ltr'>irriguae</span> <span class='ocrx_word' id='word_1_184' title='bbox 992 1385 1157 1418; x_wconf 87' lang='lat' dir='ltr'>arbores</span> <span class='ocrx_word' id='word_1_185' title='bbox 1182 1382 1368 1427; x_wconf 77' lang='lat' dir='ltr'>decorae,</span> <span class='ocrx_word' id='word_1_186' title='bbox 1401 1382 1539 1422; x_wconf 90' lang='lat' dir='ltr'>plures</span> <span class='ocrx_word' id='word_1_187' title='bbox 1561 1379 1603 1414; x_wconf 87' lang='lat' dir='ltr'>in</span> <span class='ocrx_word' id='word_1_188' title='bbox 1627 1379 1819 1415; x_wconf 88' lang='lat' dir='ltr'>America</span> <span class='ocrx_word' id='word_1_189' title='bbox 1842 1382 2017 1422; x_wconf 85' lang='lat' dir='ltr'>septem-</span> 
     </span>
     <span class='ocr_line' id='line_1_22' title="bbox 200 1438 955 1487; baseline -0.003 -11"><span class='ocrx_word' id='word_1_190' title='bbox 200 1441 360 1476; x_wconf 85' lang='lat' dir='ltr'>trionali</span> <span class='ocrx_word' id='word_1_191' title='bbox 378 1439 582 1487; x_wconf 80' lang='lat' dir='ltr'>habitant,</span> <span class='ocrx_word' id='word_1_192' title='bbox 614 1438 715 1474; x_wconf 90' lang='lat' dir='ltr'>alibi</span> <span class='ocrx_word' id='word_1_193' title='bbox 730 1448 809 1473; x_wconf 93' lang='lat' dir='ltr'>non</span> <span class='ocrx_word' id='word_1_194' title='bbox 828 1438 955 1474; x_wconf 82' lang='lat' dir='ltr'>visae.</span> 
     </span>
    </p>
   </div>
   <div class='ocr_carea' id='block_1_4' title="bbox 193 1502 2069 3527">
    <p class='ocr_par' dir='ltr' id='par_1_4' title="bbox 195 1502 2069 1829">
     <span class='ocr_line' id='line_1_23' title="bbox 335 1502 2069 1556; baseline -0.003 -9"><span class='ocrx_word' id='word_1_195' title='bbox 335 1502 699 1556; x_wconf 47' lang='lat' dir='ltr'>&amp;ualitates</span> <span class='ocrx_word' id='word_1_196' title='bbox 723 1510 762 1544; x_wconf 88' lang='lat' dir='ltr'>et</span> <span class='ocrx_word' id='word_1_197' title='bbox 784 1513 952 1546; x_wconf 77' lang='lat' dir='ltr'>usus.</span> <span class='ocrx_word' id='word_1_198' title='bbox 1010 1507 1195 1543; x_wconf 83' lang='lat' dir='ltr'>Salicum</span> <span class='ocrx_word' id='word_1_199' title='bbox 1225 1510 1264 1541; x_wconf 86' lang='lat' dir='ltr'>et</span> <span class='ocrx_word' id='word_1_200' title='bbox 1286 1506 1431 1549; x_wconf 87' lang='lat' dir='ltr'>Populi</span> <span class='ocrx_word' id='word_1_201' title='bbox 1460 1515 1699 1542; x_wconf 83' lang='lat' dir='ltr'>numerosae</span> <span class='ocrx_word' id='word_1_202' title='bbox 1727 1505 1887 1549; x_wconf 86' lang='lat' dir='ltr'>species</span> <span class='ocrx_word' id='word_1_203' title='bbox 1912 1504 2018 1541; x_wconf 89' lang='lat' dir='ltr'>inter</span> <span class='ocrx_word' id='word_1_204' title='bbox 2058 1504 2069 1507; x_wconf 55' lang='grc'><em>“</em></span> 
     </span>
     <span class='ocr_line' id='line_1_24' title="bbox 197 1561 2018 1610; baseline -0.003 -7"><span class='ocrx_word' id='word_1_205' title='bbox 197 1579 240 1604; x_wconf 84' lang='lat' dir='ltr'>se</span> <span class='ocrx_word' id='word_1_206' title='bbox 264 1567 305 1603; x_wconf 91' lang='lat' dir='ltr'>in</span> <span class='ocrx_word' id='word_1_207' title='bbox 330 1577 374 1602; x_wconf 89' lang='grc'>60</span> <span class='ocrx_word' id='word_1_208' title='bbox 398 1566 667 1610; x_wconf 80' lang='lat' dir='ltr'>conveniunt,</span> <span class='ocrx_word' id='word_1_209' title='bbox 700 1566 803 1607; x_wconf 88' lang='lat' dir='ltr'>quod</span> <span class='ocrx_word' id='word_1_210' title='bbox 828 1565 869 1599; x_wconf 91' lang='lat' dir='ltr'>in</span> <span class='ocrx_word' id='word_1_211' title='bbox 895 1563 1045 1599; x_wconf 87' lang='lat' dir='ltr'>cortice</span> <span class='ocrx_word' id='word_1_212' title='bbox 1069 1567 1229 1606; x_wconf 89' lang='lat' dir='ltr'>praeter</span> <span class='ocrx_word' id='word_1_213' title='bbox 1250 1563 1521 1599; x_wconf 84' lang='lat' dir='ltr'>substantiam</span> <span class='ocrx_word' id='word_1_214' title='bbox 1544 1562 1757 1598; x_wconf 85' lang='lat' dir='ltr'>tanninam</span> <span class='ocrx_word' id='word_1_215' title='bbox 1775 1561 2018 1605; x_wconf 88' lang='lat' dir='ltr'>principium</span> 
     </span>
     <span class='ocr_line' id='line_1_25' title="bbox 195 1618 2018 1667; baseline -0.004 -7"><span class='ocrx_word' id='word_1_216' title='bbox 195 1624 402 1667; x_wconf 79' lang='lat' dir='ltr'>peculiare</span> <span class='ocrx_word' id='word_1_217' title='bbox 432 1622 701 1658; x_wconf 83' lang='lat' dir='ltr'>extractivum</span> <span class='ocrx_word' id='word_1_218' title='bbox 732 1631 832 1664; x_wconf 82' lang='lat' dir='ltr'>pure</span> <span class='ocrx_word' id='word_1_219' title='bbox 864 1629 1046 1656; x_wconf 87' lang='lat' dir='ltr'>amarum</span> <span class='ocrx_word' id='word_1_220' title='bbox 1070 1618 1344 1663; x_wconf 77' lang='lat' dir='ltr'>[salicinam]</span> <span class='ocrx_word' id='word_1_221' title='bbox 1376 1619 1626 1665; x_wconf 80' lang='lat' dir='ltr'>contineant,</span> <span class='ocrx_word' id='word_1_222' title='bbox 1660 1622 1698 1654; x_wconf 84' lang='lat' dir='ltr'>et</span> <span class='ocrx_word' id='word_1_223' title='bbox 1727 1628 1748 1654; x_wconf 91' lang='grc'>6</span> <span class='ocrx_word' id='word_1_224' title='bbox 1771 1627 2018 1662; x_wconf 81' lang='lat' dir='ltr'>gemmarum</span> 
     </span>
     <span class='ocr_line' id='line_1_26' title="bbox 196 1674 2018 1726; baseline -0.004 -9"><span class='ocrx_word' id='word_1_225' title='bbox 196 1680 398 1726; x_wconf 77' lang='lat' dir='ltr'>squamis,</span> <span class='ocrx_word' id='word_1_226' title='bbox 430 1677 647 1714; x_wconf 84' lang='lat' dir='ltr'>nascentia</span> <span class='ocrx_word' id='word_1_227' title='bbox 658 1678 798 1713; x_wconf 82' lang='lat' dir='ltr'>florum</span> <span class='ocrx_word' id='word_1_228' title='bbox 815 1680 978 1713; x_wconf 88' lang='lat' dir='ltr'>amenta</span> <span class='ocrx_word' id='word_1_229' title='bbox 992 1675 1249 1723; x_wconf 81' lang='lat' dir='ltr'>velantibus,</span> <span class='ocrx_word' id='word_1_230' title='bbox 1281 1675 1489 1711; x_wconf 84' lang='lat' dir='ltr'>materiem</span> <span class='ocrx_word' id='word_1_231' title='bbox 1505 1678 1721 1711; x_wconf 83' lang='lat' dir='ltr'>secernant</span> <span class='ocrx_word' id='word_1_232' title='bbox 1736 1674 2018 1724; x_wconf 78' lang='lat' dir='ltr'>oleoso-resi-</span> 
     </span>
     <span class='ocr_line' id='line_1_27' title="bbox 196 1729 2016 1783; baseline -0.004 -10"><span class='ocrx_word' id='word_1_233' title='bbox 196 1746 355 1783; x_wconf 69' lang='lat' dir='ltr'>nosam,</span> <span class='ocrx_word' id='word_1_234' title='bbox 380 1737 646 1772; x_wconf 87' lang='lat' dir='ltr'>balsameam.</span> <span class='ocrx_word' id='word_1_235' title='bbox 676 1736 723 1770; x_wconf 91' lang='lat' dir='ltr'>In</span> <span class='ocrx_word' id='word_1_236' title='bbox 741 1733 851 1770; x_wconf 84' lang='lat' dir='ltr'>foliis</span> <span class='ocrx_word' id='word_1_237' title='bbox 867 1735 1158 1770; x_wconf 83' lang='lat' dir='ltr'>nonnullarum</span> <span class='ocrx_word' id='word_1_238' title='bbox 1173 1732 1365 1769; x_wconf 85' lang='lat' dir='ltr'>materies</span> <span class='ocrx_word' id='word_1_239' title='bbox 1377 1735 1417 1767; x_wconf 84' lang='lat' dir='ltr'>M</span> <span class='ocrx_word' id='word_1_240' title='bbox 1422 1732 1587 1768; x_wconf 88' lang='lat' dir='ltr'>annitae</span> <span class='ocrx_word' id='word_1_241' title='bbox 1604 1731 1754 1769; x_wconf 88' lang='lat' dir='ltr'>similis</span> <span class='ocrx_word' id='word_1_242' title='bbox 1765 1729 2016 1774; x_wconf 82' lang='lat' dir='ltr'>[Populina]</span> 
     </span>
     <span class='ocr_line' id='line_1_28' title="bbox 198 1793 356 1829; baseline -0.006 0"><span class='ocrx_word' id='word_1_243' title='bbox 198 1793 356 1829; x_wconf 81' lang='lat' dir='ltr'>residet.</span> 
     </span>
    </p>

    <p class='ocr_par' dir='ltr' id='par_1_5' title="bbox 193 1838 2019 3527">
     <span class='ocr_line' id='line_1_29' title="bbox 335 1838 2017 1891; baseline -0.004 -7"><span class='ocrx_word' id='word_1_244' title='bbox 335 1850 513 1885; x_wconf 79' lang='lat' dir='ltr'>Diversa</span> <span class='ocrx_word' id='word_1_245' title='bbox 542 1850 603 1884; x_wconf 91' lang='lat' dir='ltr'>est</span> <span class='ocrx_word' id='word_1_246' title='bbox 633 1846 798 1884; x_wconf 86' lang='lat' dir='ltr'>corticis</span> <span class='ocrx_word' id='word_1_247' title='bbox 829 1838 1085 1883; x_wconf 83' lang='lat' dir='ltr'>diversarum</span> <span class='ocrx_word' id='word_1_248' title='bbox 1107 1845 1309 1891; x_wconf 86' lang='lat' dir='ltr'>Salicum,</span> <span class='ocrx_word' id='word_1_249' title='bbox 1341 1848 1458 1888; x_wconf 88' lang='lat' dir='ltr'>prout</span> <span class='ocrx_word' id='word_1_250' title='bbox 1480 1845 1736 1882; x_wconf 87' lang='lat' dir='ltr'>substantiae</span> <span class='ocrx_word' id='word_1_251' title='bbox 1760 1844 1955 1880; x_wconf 87' lang='lat' dir='ltr'>tanninae</span> <span class='ocrx_word' id='word_1_252' title='bbox 1978 1845 2017 1879; x_wconf 87' lang='lat' dir='ltr'>et</span> 
     </span>
     <span class='ocr_line' id='line_1_30' title="bbox 198 1900 2015 1950; baseline -0.004 -9"><span class='ocrx_word' id='word_1_253' title='bbox 198 1915 359 1942; x_wconf 77' lang='lat' dir='ltr'>amarae</span> <span class='ocrx_word' id='word_1_254' title='bbox 377 1905 579 1948; x_wconf 80' lang='lat' dir='ltr'>proportio</span> <span class='ocrx_word' id='word_1_255' title='bbox 595 1904 748 1950; x_wconf 85' lang='lat' dir='ltr'>variat,</span> <span class='ocrx_word' id='word_1_256' title='bbox 768 1904 960 1945; x_wconf 81' lang='lat' dir='ltr'>qualitas.</span> <span class='ocrx_word' id='word_1_257' title='bbox 1005 1905 1117 1946; x_wconf 82' lang='lat' dir='ltr'>Quae</span> <span class='ocrx_word' id='word_1_258' title='bbox 1132 1912 1184 1938; x_wconf 84' lang='lat' dir='ltr'>ex</span> <span class='ocrx_word' id='word_1_259' title='bbox 1201 1900 1355 1936; x_wconf 68' lang='lat' dir='ltr'>salicis</span> <span class='ocrx_word' id='word_1_260' title='bbox 1360 1900 1546 1950; x_wconf 71' lang='lat' dir='ltr'>fragilis</span> <span class='ocrx_word' id='word_1_261' title='bbox 1563 1904 1609 1937; x_wconf 87' lang='lat' dir='ltr'>L.</span> <span class='ocrx_word' id='word_1_262' title='bbox 1626 1905 1720 1938; x_wconf 88' lang='lat' dir='ltr'>sunt</span> <span class='ocrx_word' id='word_1_263' title='bbox 1737 1900 2015 1947; x_wconf 88' lang='lat' dir='ltr'>contubernio,</span> 
     </span>
     <span class='ocr_line' id='line_1_31' title="bbox 200 1956 2018 2008; baseline -0.001 -14"><span class='ocrx_word' id='word_1_264' title='bbox 200 1961 325 1996; x_wconf 55' lang='lat' dir='ltr'>§lalia-</span> <span class='ocrx_word' id='word_1_265' title='bbox 336 1959 580 2007; x_wconf 76' lang='lat' dir='ltr'>pencandra</span> <span class='ocrx_word' id='word_1_266' title='bbox 598 1959 668 2008; x_wconf 89' lang='lat' dir='ltr'>L.,</span> <span class='ocrx_word' id='word_1_267' title='bbox 688 1957 726 1994; x_wconf 84' lang='lat' dir='ltr'>S.</span> <span class='ocrx_word' id='word_1_268' title='bbox 751 1957 1006 1994; x_wconf 71' lang='lat' dir='ltr'>Russelmna</span> <span class='ocrx_word' id='word_1_269' title='bbox 1023 1961 1103 1996; x_wconf 89' lang='lat' dir='ltr'>Sm.</span> <span class='ocrx_word' id='word_1_270' title='bbox 1115 1985 1125 2005; x_wconf 85' lang='lat'>,</span> <span class='ocrx_word' id='word_1_271' title='bbox 1146 1956 1185 1995; x_wconf 85' lang='lat' dir='ltr'>S.</span> <span class='ocrx_word' id='word_1_272' title='bbox 1204 1957 1398 1993; x_wconf 67' lang='lat' dir='ltr'>vitellium</span> <span class='ocrx_word' id='word_1_273' title='bbox 1414 1960 1460 1994; x_wconf 89' lang='lat' dir='ltr'>L.</span> <span class='ocrx_word' id='word_1_274' title='bbox 1486 1961 1523 1993; x_wconf 91' lang='lat' dir='ltr'>et</span> <span class='ocrx_word' id='word_1_275' title='bbox 1540 1959 1716 1993; x_wconf 87' lang='lat' dir='ltr'>omnium</span> <span class='ocrx_word' id='word_1_276' title='bbox 1732 1957 1908 1993; x_wconf 84' lang='lat' dir='ltr'>maxime</span> <span class='ocrx_word' id='word_1_277' title='bbox 1925 1959 2018 1992; x_wconf 84' lang='lat' dir='ltr'>vul-</span> 
     </span>
     <span class='ocr_line' id='line_1_32' title="bbox 195 2013 2017 2062; baseline -0.004 -7"><span class='ocrx_word' id='word_1_278' title='bbox 195 2017 307 2062; x_wconf 60' lang='lat' dir='ltr'>garis</span> <span class='ocrx_word' id='word_1_279' title='bbox 326 2017 365 2053; x_wconf 73' lang='lat' dir='ltr'>S.</span> <span class='ocrx_word' id='word_1_280' title='bbox 382 2017 481 2052; x_wconf 75' lang='lat' dir='ltr'>alba</span> <span class='ocrx_word' id='word_1_281' title='bbox 497 2020 542 2054; x_wconf 85' lang='lat' dir='ltr'>L.</span> <span class='ocrx_word' id='word_1_282' title='bbox 560 2017 734 2054; x_wconf 87' lang='lat' dir='ltr'>amentis</span> <span class='ocrx_word' id='word_1_283' title='bbox 752 2016 976 2052; x_wconf 83' lang='lat' dir='ltr'>fructiferis</span> <span class='ocrx_word' id='word_1_284' title='bbox 992 2015 1300 2061; x_wconf 88' lang='lat' dir='ltr'>pedunculatis,</span> <span class='ocrx_word' id='word_1_285' title='bbox 1327 2017 1365 2051; x_wconf 90' lang='lat' dir='ltr'>et</span> <span class='ocrx_word' id='word_1_286' title='bbox 1382 2013 1558 2051; x_wconf 84' lang='lat' dir='ltr'>bracteis</span> <span class='ocrx_word' id='word_1_287' title='bbox 1576 2018 1670 2050; x_wconf 90' lang='lat' dir='ltr'>ante</span> <span class='ocrx_word' id='word_1_288' title='bbox 1686 2016 1848 2057; x_wconf 86' lang='lat' dir='ltr'>plenam</span> <span class='ocrx_word' id='word_1_289' title='bbox 1864 2021 2017 2056; x_wconf 88' lang='lat' dir='ltr'>capsu-</span> 
     </span>
     <span class='ocr_line' id='line_1_33' title="bbox 199 2069 2018 2117; baseline -0.004 -6"><span class='ocrx_word' id='word_1_290' title='bbox 199 2080 325 2112; x_wconf 88' lang='lat' dir='ltr'>larum</span> <span class='ocrx_word' id='word_1_291' title='bbox 345 2075 615 2110; x_wconf 88' lang='lat' dir='ltr'>maturitatem</span> <span class='ocrx_word' id='word_1_292' title='bbox 632 2073 775 2109; x_wconf 83' lang='lat' dir='ltr'>defluis</span> <span class='ocrx_word' id='word_1_293' title='bbox 793 2073 1030 2117; x_wconf 85' lang='lat' dir='ltr'>distinctae,</span> <span class='ocrx_word' id='word_1_294' title='bbox 1050 2072 1201 2107; x_wconf 87' lang='lat' dir='ltr'>cortice</span> <span class='ocrx_word' id='word_1_295' title='bbox 1216 2072 1447 2108; x_wconf 75' lang='lat' dir='ltr'>vestiuntur</span> <span class='ocrx_word' id='word_1_296' title='bbox 1463 2070 1707 2107; x_wconf 86' lang='lat' dir='ltr'>substantiis</span> <span class='ocrx_word' id='word_1_297' title='bbox 1723 2069 2018 2115; x_wconf 86' lang='lat' dir='ltr'>adstringenti-</span> 
     </span>
     <span class='ocr_line' id='line_1_34' title="bbox 199 2125 2018 2176; baseline -0.004 -8"><span class='ocrx_word' id='word_1_298' title='bbox 199 2136 273 2168; x_wconf 84' lang='lat' dir='ltr'>bus</span> <span class='ocrx_word' id='word_1_299' title='bbox 288 2131 447 2176; x_wconf 77' lang='lat' dir='ltr'>largius</span> <span class='ocrx_word' id='word_1_300' title='bbox 464 2131 583 2176; x_wconf 81' lang='lat' dir='ltr'>foeto,</span> <span class='ocrx_word' id='word_1_301' title='bbox 601 2130 793 2165; x_wconf 88' lang='lat' dir='ltr'>minorem</span> <span class='ocrx_word' id='word_1_302' title='bbox 811 2128 1000 2173; x_wconf 87' lang='lat' dir='ltr'>principii</span> <span class='ocrx_word' id='word_1_303' title='bbox 1023 2128 1151 2164; x_wconf 86' lang='lat' dir='ltr'>amari</span> <span class='ocrx_word' id='word_1_304' title='bbox 1166 2128 1388 2171; x_wconf 89' lang='lat' dir='ltr'>portionem</span> <span class='ocrx_word' id='word_1_305' title='bbox 1406 2129 1657 2163; x_wconf 86' lang='lat' dir='ltr'>concelante.</span> <span class='ocrx_word' id='word_1_306' title='bbox 1680 2125 2018 2163; x_wconf 82' lang='lat' dir='ltr'>cortexsalicum</span> 
     </span>
     <span class='ocr_line' id='line_1_35' title="bbox 201 2180 2018 2229; baseline -0.004 -6"><span class='ocrx_word' id='word_1_307' title='bbox 201 2190 369 2224; x_wconf 83' lang='lat' dir='ltr'>istarum</span> <span class='ocrx_word' id='word_1_308' title='bbox 393 2188 436 2223; x_wconf 91' lang='grc'>111</span> <span class='ocrx_word' id='word_1_309' title='bbox 460 2188 704 2224; x_wconf 89' lang='lat' dir='ltr'>medicorum</span> <span class='ocrx_word' id='word_1_310' title='bbox 726 2195 806 2221; x_wconf 91' lang='lat' dir='ltr'>usu</span> <span class='ocrx_word' id='word_1_311' title='bbox 831 2189 904 2221; x_wconf 85' lang='lat' dir='ltr'>est.</span> <span class='ocrx_word' id='word_1_312' title='bbox 978 2185 1178 2228; x_wconf 87' lang='lat' dir='ltr'>Optimum</span> <span class='ocrx_word' id='word_1_313' title='bbox 1203 2187 1391 2227; x_wconf 82' lang='lat' dir='ltr'>reputant</span> <span class='ocrx_word' id='word_1_314' title='bbox 1417 2182 1626 2218; x_wconf 67' lang='lat' dir='ltr'>Corta&#39;cem</span> <span class='ocrx_word' id='word_1_315' title='bbox 1651 2181 1805 2218; x_wconf 72' lang='lat' dir='ltr'>Sale‘cz&#39;s</span> <span class='ocrx_word' id='word_1_316' title='bbox 1828 2180 2018 2229; x_wconf 78' lang='lat' dir='ltr'>laureae,</span> 
     </span>
     <span class='ocr_line' id='line_1_36' title="bbox 200 2237 2019 2290; baseline -0.004 -10"><span class='ocrx_word' id='word_1_317' title='bbox 200 2248 241 2280; x_wconf 89' lang='lat' dir='ltr'>in</span> <span class='ocrx_word' id='word_1_318' title='bbox 259 2242 398 2279; x_wconf 66' lang='lat' dir='ltr'>Saltee</span> <span class='ocrx_word' id='word_1_319' title='bbox 415 2240 660 2289; x_wconf 73' lang='lat' dir='ltr'>petzcmedra</span> <span class='ocrx_word' id='word_1_320' title='bbox 676 2244 744 2290; x_wconf 89' lang='lat' dir='ltr'>L.,</span> <span class='ocrx_word' id='word_1_321' title='bbox 777 2245 918 2278; x_wconf 87' lang='lat' dir='ltr'>arbore</span> <span class='ocrx_word' id='word_1_322' title='bbox 941 2250 1022 2276; x_wconf 90' lang='lat' dir='ltr'>non</span> <span class='ocrx_word' id='word_1_323' title='bbox 1046 2241 1195 2283; x_wconf 87' lang='lat' dir='ltr'>ubique</span> <span class='ocrx_word' id='word_1_324' title='bbox 1210 2240 1392 2287; x_wconf 79' lang='lat' dir='ltr'>vulgari,</span> <span class='ocrx_word' id='word_1_325' title='bbox 1423 2244 1673 2287; x_wconf 67' lang='lat' dir='ltr'>nascentem.</span> <span class='ocrx_word' id='word_1_326' title='bbox 1718 2237 2019 2284; x_wconf 68' lang='lat' dir='ltr'>Salv’xpurpu-</span> 
     </span>
     <span class='ocr_line' id='line_1_37' title="bbox 198 2296 2019 2344; baseline -0.002 -10"><span class='ocrx_word' id='word_1_327' title='bbox 198 2311 275 2335; x_wconf 75' lang='lat' dir='ltr'>rea</span> <span class='ocrx_word' id='word_1_328' title='bbox 297 2304 343 2338; x_wconf 68' lang='grc'>1,.</span> <span class='ocrx_word' id='word_1_329' title='bbox 367 2304 405 2336; x_wconf 84' lang='grc'>61</span> <span class='ocrx_word' id='word_1_330' title='bbox 430 2298 470 2334; x_wconf 91' lang='lat' dir='ltr'>S.</span> <span class='ocrx_word' id='word_1_331' title='bbox 493 2297 630 2333; x_wconf 63' lang='lat' dir='ltr'>Helm·</span> <span class='ocrx_word' id='word_1_332' title='bbox 646 2300 715 2334; x_wconf 90' lang='lat' dir='ltr'>W.</span> <span class='ocrx_word' id='word_1_333' title='bbox 742 2297 1180 2334; x_wconf 22' lang='lat' dir='ltr'>amentisvlateralibus</span> <span class='ocrx_word' id='word_1_334' title='bbox 1203 2297 1441 2344; x_wconf 86' lang='lat' dir='ltr'>sessilibus,</span> <span class='ocrx_word' id='word_1_335' title='bbox 1474 2296 1718 2333; x_wconf 87' lang='lat' dir='ltr'>staminibus</span> <span class='ocrx_word' id='word_1_336' title='bbox 1742 2297 1898 2332; x_wconf 88' lang='lat' dir='ltr'>duobus</span> <span class='ocrx_word' id='word_1_337' title='bbox 1921 2304 2019 2331; x_wconf 89' lang='lat' dir='ltr'>con-</span> 
     </span>
     <span class='ocr_line' id='line_1_38' title="bbox 199 2351 2018 2402; baseline -0.003 -9"><span class='ocrx_word' id='word_1_338' title='bbox 199 2358 306 2394; x_wconf 83' lang='lat' dir='ltr'>natis</span> <span class='ocrx_word' id='word_1_339' title='bbox 319 2386 327 2401; x_wconf 80' lang='grc'>,</span> <span class='ocrx_word' id='word_1_340' title='bbox 353 2356 532 2393; x_wconf 84' lang='lat' dir='ltr'>antheris</span> <span class='ocrx_word' id='word_1_341' title='bbox 550 2354 961 2402; x_wconf 85' lang='lat' dir='ltr'>purpurascentibus,</span> <span class='ocrx_word' id='word_1_342' title='bbox 986 2357 1024 2388; x_wconf 90' lang='lat' dir='ltr'>et</span> <span class='ocrx_word' id='word_1_343' title='bbox 1040 2351 1141 2389; x_wconf 88' lang='lat' dir='ltr'>libro</span> <span class='ocrx_word' id='word_1_344' title='bbox 1158 2353 1322 2389; x_wconf 86' lang='lat' dir='ltr'>corticis</span> <span class='ocrx_word' id='word_1_345' title='bbox 1341 2363 1409 2396; x_wconf 88' lang='lat' dir='ltr'>per</span> <span class='ocrx_word' id='word_1_346' title='bbox 1425 2351 1741 2391; x_wconf 77' lang='lat' dir='ltr'>aestatemflavo</span> <span class='ocrx_word' id='word_1_347' title='bbox 1757 2352 2018 2388; x_wconf 80' lang='lat' dir='ltr'>conveniunt.</span> 
     </span>
     <span class='ocr_line' id='line_1_39' title="bbox 195 2405 2016 2456; baseline -0.005 -6"><span class='ocrx_word' id='word_1_348' title='bbox 195 2417 240 2450; x_wconf 84' lang='grc'>111</span> <span class='ocrx_word' id='word_1_349' title='bbox 272 2414 336 2449; x_wconf 88' lang='lat' dir='ltr'>his</span> <span class='ocrx_word' id='word_1_350' title='bbox 367 2413 612 2456; x_wconf 84' lang='lat' dir='ltr'>principium</span> <span class='ocrx_word' id='word_1_351' title='bbox 644 2420 826 2447; x_wconf 88' lang='lat' dir='ltr'>amarum</span> <span class='ocrx_word' id='word_1_352' title='bbox 856 2412 1067 2453; x_wconf 85' lang='lat' dir='ltr'>praevalet</span> <span class='ocrx_word' id='word_1_353' title='bbox 1090 2412 1129 2444; x_wconf 87' lang='lat' dir='ltr'>et</span> <span class='ocrx_word' id='word_1_354' title='bbox 1148 2409 1258 2445; x_wconf 85' lang='lat' dir='ltr'>vires</span> <span class='ocrx_word' id='word_1_355' title='bbox 1280 2411 1500 2445; x_wconf 85' lang='lat' dir='ltr'>laudantur</span> <span class='ocrx_word' id='word_1_356' title='bbox 1523 2409 1763 2452; x_wconf 79' lang='lat' dir='ltr'>febrifugae.</span> <span class='ocrx_word' id='word_1_357' title='bbox 1823 2405 2016 2442; x_wconf 70' lang='lat' dir='ltr'>Salz&#39;cina</span> 
     </span>
     <span class='ocr_line' id='line_1_40' title="bbox 195 2464 2016 2513; baseline -0.004 -7"><span class='ocrx_word' id='word_1_358' title='bbox 195 2473 247 2506; x_wconf 71' lang='lat' dir='ltr'>ex</span> <span class='ocrx_word' id='word_1_359' title='bbox 263 2470 460 2513; x_wconf 82' lang='lat' dir='ltr'>ejusmodi</span> <span class='ocrx_word' id='word_1_360' title='bbox 477 2469 625 2504; x_wconf 89' lang='lat' dir='ltr'>cortice</span> <span class='ocrx_word' id='word_1_361' title='bbox 639 2468 681 2503; x_wconf 89' lang='grc'>111</span> <span class='ocrx_word' id='word_1_362' title='bbox 698 2467 867 2503; x_wconf 85' lang='lat' dir='ltr'>ramulis</span> <span class='ocrx_word' id='word_1_363' title='bbox 884 2466 1050 2502; x_wconf 86' lang='lat' dir='ltr'>bimulis</span> <span class='ocrx_word' id='word_1_364' title='bbox 1066 2466 1295 2502; x_wconf 79' lang='lat' dir='ltr'>trimulisve</span> <span class='ocrx_word' id='word_1_365' title='bbox 1312 2475 1427 2513; x_wconf 83' lang='lat' dir='ltr'>vere,</span> <span class='ocrx_word' id='word_1_366' title='bbox 1453 2469 1668 2509; x_wconf 88' lang='lat' dir='ltr'>antequam</span> <span class='ocrx_word' id='word_1_367' title='bbox 1686 2465 1786 2501; x_wconf 86' lang='lat' dir='ltr'>folia</span> <span class='ocrx_word' id='word_1_368' title='bbox 1802 2464 2016 2507; x_wconf 85' lang='lat' dir='ltr'>explican-</span> 
     </span>
     <span class='ocr_line' id='line_1_41' title="bbox 199 2522 2016 2573; baseline -0.003 -12"><span class='ocrx_word' id='word_1_369' title='bbox 199 2532 281 2573; x_wconf 88' lang='lat' dir='ltr'>tur,</span> <span class='ocrx_word' id='word_1_370' title='bbox 313 2527 541 2569; x_wconf 87' lang='lat' dir='ltr'>quaerendo</span> <span class='ocrx_word' id='word_1_371' title='bbox 565 2525 763 2567; x_wconf 86' lang='lat' dir='ltr'>imprimis</span> <span class='ocrx_word' id='word_1_372' title='bbox 787 2524 1005 2569; x_wconf 86' lang='lat' dir='ltr'>obtinetur,</span> <span class='ocrx_word' id='word_1_373' title='bbox 1039 2522 1197 2558; x_wconf 82' lang='lat' dir='ltr'>efoliis</span> <span class='ocrx_word' id='word_1_374' title='bbox 1220 2530 1344 2565; x_wconf 87' lang='lat' dir='ltr'>parca</span> <span class='ocrx_word' id='word_1_375' title='bbox 1376 2523 1548 2558; x_wconf 86' lang='lat' dir='ltr'>elicitur.</span> <span class='ocrx_word' id='word_1_376' title='bbox 1610 2522 1757 2558; x_wconf 82' lang='lat' dir='ltr'>Cortex</span> <span class='ocrx_word' id='word_1_377' title='bbox 1785 2523 2016 2565; x_wconf 85' lang='lat' dir='ltr'>populneus</span> 
     </span>
     <span class='ocr_line' id='line_1_42' title="bbox 199 2575 2018 2627; baseline -0.004 -9"><span class='ocrx_word' id='word_1_378' title='bbox 199 2583 384 2618; x_wconf 75' lang='lat' dir='ltr'>amaritie</span> <span class='ocrx_word' id='word_1_379' title='bbox 400 2592 477 2618; x_wconf 86' lang='lat' dir='ltr'>sua</span> <span class='ocrx_word' id='word_1_380' title='bbox 492 2582 556 2617; x_wconf 89' lang='lat' dir='ltr'>his</span> <span class='ocrx_word' id='word_1_381' title='bbox 574 2581 742 2627; x_wconf 85' lang='lat' dir='ltr'>accedit,</span> <span class='ocrx_word' id='word_1_382' title='bbox 768 2580 986 2615; x_wconf 82' lang='lat' dir='ltr'>salicinam</span> <span class='ocrx_word' id='word_1_383' title='bbox 997 2576 1178 2624; x_wconf 71' lang='lat' dir='ltr'>Populus</span> <span class='ocrx_word' id='word_1_384' title='bbox 1198 2576 1772 2621; x_wconf 74' lang='lat' dir='ltr'>crenmlaL.(Ziuerpappel)</span> <span class='ocrx_word' id='word_1_385' title='bbox 1784 2580 1822 2613; x_wconf 86' lang='lat' dir='ltr'>et</span> <span class='ocrx_word' id='word_1_386' title='bbox 1832 2575 2018 2622; x_wconf 79' lang='lat' dir='ltr'>Populus</span> 
     </span>
     <span class='ocr_line' id='line_1_43' title="bbox 196 2631 2015 2683; baseline -0.002 -11"><span class='ocrx_word' id='word_1_387' title='bbox 196 2637 296 2674; x_wconf 66' lang='lat' dir='ltr'>alba</span> <span class='ocrx_word' id='word_1_388' title='bbox 307 2637 638 2683; x_wconf 81' lang='lat' dir='ltr'>[Silberpappel]</span> <span class='ocrx_word' id='word_1_389' title='bbox 655 2640 768 2681; x_wconf 81' lang='lat' dir='ltr'>large</span> <span class='ocrx_word' id='word_1_390' title='bbox 785 2639 989 2680; x_wconf 86' lang='lat' dir='ltr'>praebent.</span> <span class='ocrx_word' id='word_1_391' title='bbox 1020 2638 1130 2672; x_wconf 85' lang='lat' dir='ltr'>Inter</span> <span class='ocrx_word' id='word_1_392' title='bbox 1146 2635 1405 2671; x_wconf 87' lang='lat' dir='ltr'>americanas</span> <span class='ocrx_word' id='word_1_393' title='bbox 1424 2632 1549 2669; x_wconf 68' lang='lat' dir='ltr'>Salia·</span> <span class='ocrx_word' id='word_1_394' title='bbox 1567 2631 1837 2679; x_wconf 70' lang='lat' dir='ltr'>era‘ocephccla</span> <span class='ocrx_word' id='word_1_395' title='bbox 1847 2633 2015 2680; x_wconf 67' lang='lat' dir='ltr'>Michx„</span> 
     </span>
     <span class='ocr_line' id='line_1_44' title="bbox 199 2689 2019 2742; baseline -0.002 -13"><span class='ocrx_word' id='word_1_396' title='bbox 199 2694 238 2731; x_wconf 63' lang='lat' dir='ltr'>S.</span> <span class='ocrx_word' id='word_1_397' title='bbox 256 2695 381 2742; x_wconf 75' lang='lat' dir='ltr'>m&#39;gra</span> <span class='ocrx_word' id='word_1_398' title='bbox 393 2697 562 2741; x_wconf 87' lang='lat' dir='ltr'>Marsh.,</span> <span class='ocrx_word' id='word_1_399' title='bbox 590 2691 630 2729; x_wconf 78' lang='lat' dir='ltr'>S.</span> <span class='ocrx_word' id='word_1_400' title='bbox 648 2692 846 2742; x_wconf 78' lang='lat' dir='ltr'>comfera</span> <span class='ocrx_word' id='word_1_401' title='bbox 860 2693 1067 2728; x_wconf 76' lang='lat' dir='ltr'>Mtihlenb.</span> <span class='ocrx_word' id='word_1_402' title='bbox 1093 2695 1130 2728; x_wconf 89' lang='lat' dir='ltr'>et</span> <span class='ocrx_word' id='word_1_403' title='bbox 1145 2689 1330 2736; x_wconf 79' lang='lat' dir='ltr'>Populus</span> <span class='ocrx_word' id='word_1_404' title='bbox 1349 2689 1616 2726; x_wconf 73' lang='lat' dir='ltr'>tremuloz&#39;des</span> <span class='ocrx_word' id='word_1_405' title='bbox 1631 2690 1786 2726; x_wconf 80' lang='lat' dir='ltr'>Michx.</span> <span class='ocrx_word' id='word_1_406' title='bbox 1805 2689 2019 2735; x_wconf 76' lang='lat' dir='ltr'>[QttaKing</span> 
     </span>
     <span class='ocr_line' id='line_1_45' title="bbox 196 2747 2016 2798; baseline -0.002 -11"><span class='ocrx_word' id='word_1_407' title='bbox 196 2752 309 2796; x_wconf 79' lang='lat' dir='ltr'>Asp]</span> <span class='ocrx_word' id='word_1_408' title='bbox 329 2752 526 2794; x_wconf 86' lang='lat' dir='ltr'>qualitate</span> <span class='ocrx_word' id='word_1_409' title='bbox 548 2752 774 2797; x_wconf 82' lang='lat' dir='ltr'>excellunt,</span> <span class='ocrx_word' id='word_1_410' title='bbox 807 2752 845 2785; x_wconf 89' lang='lat' dir='ltr'>et</span> <span class='ocrx_word' id='word_1_411' title='bbox 869 2748 1058 2784; x_wconf 90' lang='lat' dir='ltr'>corticem</span> <span class='ocrx_word' id='word_1_412' title='bbox 1080 2747 1254 2784; x_wconf 82' lang='lat' dir='ltr'>officinis</span> <span class='ocrx_word' id='word_1_413' title='bbox 1271 2748 1546 2798; x_wconf 80' lang='lat' dir='ltr'>suppeditant.</span> <span class='ocrx_word' id='word_1_414' title='bbox 1604 2748 1715 2791; x_wconf 85' lang='lat' dir='ltr'>Quae</span> <span class='ocrx_word' id='word_1_415' title='bbox 1732 2757 1753 2783; x_wconf 90' lang='lat' dir='ltr'>e</span> <span class='ocrx_word' id='word_1_416' title='bbox 1767 2748 2016 2790; x_wconf 89' lang='lat' dir='ltr'>Populorum</span> 
     </span>
     <span class='ocr_line' id='line_1_46' title="bbox 197 2803 2017 2853; baseline -0.003 -11"><span class='ocrx_word' id='word_1_417' title='bbox 197 2811 485 2845; x_wconf 87' lang='lat' dir='ltr'>nonnullarum</span> <span class='ocrx_word' id='word_1_418' title='bbox 506 2807 618 2843; x_wconf 87' lang='lat' dir='ltr'>foliis</span> <span class='ocrx_word' id='word_1_419' title='bbox 643 2811 680 2842; x_wconf 91' lang='lat' dir='ltr'>et</span> <span class='ocrx_word' id='word_1_420' title='bbox 705 2806 853 2842; x_wconf 89' lang='lat' dir='ltr'>cortice</span> <span class='ocrx_word' id='word_1_421' title='bbox 877 2814 902 2841; x_wconf 89' lang='lat' dir='ltr'>a</span> <span class='ocrx_word' id='word_1_422' title='bbox 926 2805 1116 2842; x_wconf 82' lang='lat' dir='ltr'>chemicis</span> <span class='ocrx_word' id='word_1_423' title='bbox 1132 2804 1297 2841; x_wconf 85' lang='lat' dir='ltr'>elicitur</span> <span class='ocrx_word' id='word_1_424' title='bbox 1311 2805 1502 2841; x_wconf 89' lang='lat' dir='ltr'>materies</span> <span class='ocrx_word' id='word_1_425' title='bbox 1518 2803 1727 2843; x_wconf 84' lang='lat' dir='ltr'>mannitae</span> <span class='ocrx_word' id='word_1_426' title='bbox 1743 2803 2017 2853; x_wconf 78' lang='lat' dir='ltr'>comparanda</span> 
     </span>
     <span class='ocr_line' id='line_1_47' title="bbox 197 2856 2014 2911; baseline -0.003 -11"><span class='ocrx_word' id='word_1_427' title='bbox 197 2863 471 2911; x_wconf 58' lang='lat' dir='ltr'>(pomiflua),</span> <span class='ocrx_word' id='word_1_428' title='bbox 510 2864 553 2899; x_wconf 87' lang='lat' dir='ltr'>in</span> <span class='ocrx_word' id='word_1_429' title='bbox 582 2863 789 2899; x_wconf 79' lang='lat' dir='ltr'>salicibus</span> <span class='ocrx_word' id='word_1_430' title='bbox 819 2863 998 2897; x_wconf 87' lang='lat' dir='ltr'>nondum</span> <span class='ocrx_word' id='word_1_431' title='bbox 1026 2864 1184 2904; x_wconf 90' lang='lat' dir='ltr'>reperta</span> <span class='ocrx_word' id='word_1_432' title='bbox 1213 2860 1310 2908; x_wconf 81' lang='lat' dir='ltr'>fuit,</span> <span class='ocrx_word' id='word_1_433' title='bbox 1347 2869 1494 2904; x_wconf 84' lang='lat' dir='ltr'>sapore</span> <span class='ocrx_word' id='word_1_434' title='bbox 1524 2859 1634 2896; x_wconf 90' lang='lat' dir='ltr'>dulci</span> <span class='ocrx_word' id='word_1_435' title='bbox 1663 2859 1828 2895; x_wconf 89' lang='lat' dir='ltr'>corticis</span> <span class='ocrx_word' id='word_1_436' title='bbox 1860 2856 2014 2894; x_wconf 66' lang='lat' dir='ltr'>Salia-is</span> 
     </span>
     <span class='ocr_line' id='line_1_48' title="bbox 193 2915 2015 2967; baseline -0.001 -13"><span class='ocrx_word' id='word_1_437' title='bbox 193 2919 490 2967; x_wconf 66' lang='lat' dir='ltr'>pleylicz&#39;f&#39;oliae</span> <span class='ocrx_word' id='word_1_438' title='bbox 511 2921 558 2956; x_wconf 87' lang='lat' dir='ltr'>L.</span> <span class='ocrx_word' id='word_1_439' title='bbox 581 2919 779 2962; x_wconf 88' lang='lat' dir='ltr'>ejusmodi</span> <span class='ocrx_word' id='word_1_440' title='bbox 802 2917 1059 2960; x_wconf 85' lang='lat' dir='ltr'>substantiae</span> <span class='ocrx_word' id='word_1_441' title='bbox 1079 2917 1355 2960; x_wconf 87' lang='lat' dir='ltr'>praesentiam</span> <span class='ocrx_word' id='word_1_442' title='bbox 1375 2916 1641 2952; x_wconf 85' lang='lat' dir='ltr'>nihilominus</span> <span class='ocrx_word' id='word_1_443' title='bbox 1659 2915 1780 2950; x_wconf 88' lang='lat' dir='ltr'>etiam</span> <span class='ocrx_word' id='word_1_444' title='bbox 1796 2915 1927 2951; x_wconf 83' lang='lat' dir='ltr'>innoc</span> <span class='ocrx_word' id='word_1_445' title='bbox 1943 2925 2015 2960; x_wconf 80' lang='lat' dir='ltr'>ge—</span> 
     </span>
     <span class='ocr_line' id='line_1_49' title="bbox 199 2969 2014 3022; baseline -0.003 -9"><span class='ocrx_word' id='word_1_446' title='bbox 199 2988 292 3013; x_wconf 90' lang='lat' dir='ltr'>nere</span> <span class='ocrx_word' id='word_1_447' title='bbox 307 2977 562 3022; x_wconf 84' lang='lat' dir='ltr'>indigitante.</span> <span class='ocrx_word' id='word_1_448' title='bbox 607 2972 760 3021; x_wconf 72' lang='lat' dir='ltr'>Popula·</span> <span class='ocrx_word' id='word_1_449' title='bbox 772 2973 921 3020; x_wconf 78' lang='lat' dir='ltr'>m&#39;grae</span> <span class='ocrx_word' id='word_1_450' title='bbox 936 2975 982 3009; x_wconf 82' lang='lat' dir='ltr'>L.</span> <span class='ocrx_word' id='word_1_451' title='bbox 1001 2972 1399 3017; x_wconf 70' lang='lat' dir='ltr'>(Scliwarzpappelj</span> <span class='ocrx_word' id='word_1_452' title='bbox 1417 2975 1454 3008; x_wconf 90' lang='lat' dir='ltr'>et</span> <span class='ocrx_word' id='word_1_453' title='bbox 1474 2969 1626 3017; x_wconf 75' lang='lat' dir='ltr'>Populi</span> <span class='ocrx_word' id='word_1_454' title='bbox 1638 2969 1852 3005; x_wconf 71' lang='lat' dir='ltr'>dilatatae</span> <span class='ocrx_word' id='word_1_455' title='bbox 1868 2971 2014 3008; x_wconf 87' lang='lat' dir='ltr'>Willd.</span> 
     </span>
     <span class='ocr_line' id='line_1_50' title="bbox 197 3028 2016 3076; baseline -0.003 -8"><span class='ocrx_word' id='word_1_456' title='bbox 197 3033 483 3076; x_wconf 73' lang='lat' dir='ltr'>(italianische</span> <span class='ocrx_word' id='word_1_457' title='bbox 513 3031 694 3075; x_wconf 86' lang='lat' dir='ltr'>Pappel]</span> <span class='ocrx_word' id='word_1_458' title='bbox 726 3039 906 3076; x_wconf 82' lang='lat' dir='ltr'>gemmae</span> <span class='ocrx_word' id='word_1_459' title='bbox 936 3029 1138 3065; x_wconf 86' lang='lat' dir='ltr'>floriferae</span> <span class='ocrx_word' id='word_1_460' title='bbox 1166 3029 1295 3072; x_wconf 88' lang='lat' dir='ltr'>primo</span> <span class='ocrx_word' id='word_1_461' title='bbox 1325 3038 1420 3064; x_wconf 87' lang='lat' dir='ltr'>vere</span> <span class='ocrx_word' id='word_1_462' title='bbox 1444 3031 1621 3075; x_wconf 84' lang='lat' dir='ltr'>turgent,</span> <span class='ocrx_word' id='word_1_463' title='bbox 1654 3037 1674 3063; x_wconf 91' lang='grc'>6</span> <span class='ocrx_word' id='word_1_464' title='bbox 1699 3028 1882 3070; x_wconf 87' lang='lat' dir='ltr'>squamis</span> <span class='ocrx_word' id='word_1_465' title='bbox 1905 3037 2016 3064; x_wconf 89' lang='lat' dir='ltr'>com-</span> 
     </span>
     <span class='ocr_line' id='line_1_51' title="bbox 198 3084 2014 3135; baseline -0.002 -11"><span class='ocrx_word' id='word_1_466' title='bbox 198 3090 374 3135; x_wconf 89' lang='lat' dir='ltr'>positae,</span> <span class='ocrx_word' id='word_1_467' title='bbox 407 3088 639 3124; x_wconf 81' lang='lat' dir='ltr'>substantia</span> <span class='ocrx_word' id='word_1_468' title='bbox 665 3090 879 3130; x_wconf 81' lang='lat' dir='ltr'>balsamea</span> <span class='ocrx_word' id='word_1_469' title='bbox 905 3084 1094 3121; x_wconf 84' lang='lat' dir='ltr'>viscidis.</span> <span class='ocrx_word' id='word_1_470' title='bbox 1169 3086 1359 3121; x_wconf 84' lang='lat' dir='ltr'>Gemmae</span> <span class='ocrx_word' id='word_1_471' title='bbox 1388 3085 1555 3131; x_wconf 83' lang='lat' dir='ltr'>Populi,</span> <span class='ocrx_word' id='word_1_472' title='bbox 1586 3086 1673 3119; x_wconf 91' lang='lat' dir='ltr'>oleo</span> <span class='ocrx_word' id='word_1_473' title='bbox 1704 3087 1891 3120; x_wconf 88' lang='lat' dir='ltr'>aethereo</span> <span class='ocrx_word' id='word_1_474' title='bbox 1921 3093 2014 3120; x_wconf 88' lang='lat' dir='ltr'>cum</span> 
     </span>
     <span class='ocr_line' id='line_1_52' title="bbox 197 3140 2014 3193; baseline -0.003 -12"><span class='ocrx_word' id='word_1_475' title='bbox 197 3147 353 3193; x_wconf 83' lang='lat' dir='ltr'>resina,</span> <span class='ocrx_word' id='word_1_476' title='bbox 386 3154 478 3181; x_wconf 86' lang='lat' dir='ltr'>cera</span> <span class='ocrx_word' id='word_1_477' title='bbox 509 3148 546 3179; x_wconf 88' lang='lat' dir='ltr'>et</span> <span class='ocrx_word' id='word_1_478' title='bbox 575 3143 747 3179; x_wconf 89' lang='lat' dir='ltr'>materia</span> <span class='ocrx_word' id='word_1_479' title='bbox 769 3141 1000 3178; x_wconf 80' lang='lat' dir='ltr'>extractiva</span> <span class='ocrx_word' id='word_1_480' title='bbox 1022 3149 1232 3184; x_wconf 84' lang='lat' dir='ltr'>gummosa</span> <span class='ocrx_word' id='word_1_481' title='bbox 1256 3140 1407 3186; x_wconf 82' lang='lat' dir='ltr'>foetae,</span> <span class='ocrx_word' id='word_1_482' title='bbox 1440 3140 1884 3186; x_wconf 86' lang='lat' dir='ltr'>aromatico-amarae,</span> <span class='ocrx_word' id='word_1_483' title='bbox 1917 3140 2014 3176; x_wconf 91' lang='lat' dir='ltr'>olim</span> 
     </span>
     <span class='ocr_line' id='line_1_53' title="bbox 198 3196 2014 3241; baseline -0.002 -5"><span class='ocrx_word' id='word_1_484' title='bbox 198 3205 273 3238; x_wconf 83' lang='lat' dir='ltr'>sub</span> <span class='ocrx_word' id='word_1_485' title='bbox 299 3202 501 3238; x_wconf 83' lang='lat' dir='ltr'>tincturae</span> <span class='ocrx_word' id='word_1_486' title='bbox 525 3200 652 3236; x_wconf 80' lang='lat' dir='ltr'>forma</span> <span class='ocrx_word' id='word_1_487' title='bbox 674 3200 717 3235; x_wconf 86' lang='lat' dir='ltr'>in</span> <span class='ocrx_word' id='word_1_488' title='bbox 732 3196 1051 3241; x_wconf 82' lang='lat' dir='ltr'>haemorrhagiis</span> <span class='ocrx_word' id='word_1_489' title='bbox 1067 3197 1248 3240; x_wconf 83' lang='lat' dir='ltr'>passivis</span> <span class='ocrx_word' id='word_1_490' title='bbox 1264 3200 1303 3232; x_wconf 87' lang='lat' dir='ltr'>et</span> <span class='ocrx_word' id='word_1_491' title='bbox 1319 3197 1361 3232; x_wconf 92' lang='lat' dir='ltr'>in</span> <span class='ocrx_word' id='word_1_492' title='bbox 1376 3197 1542 3233; x_wconf 89' lang='lat' dir='ltr'>vesicae</span> <span class='ocrx_word' id='word_1_493' title='bbox 1557 3196 1822 3240; x_wconf 87' lang='lat' dir='ltr'>passionibus</span> <span class='ocrx_word' id='word_1_494' title='bbox 1838 3196 2014 3233; x_wconf 86' lang='lat' dir='ltr'>admini-</span> 
     </span>
     <span class='ocr_line' id='line_1_54' title="bbox 198 3250 2012 3304; baseline -0.002 -12"><span class='ocrx_word' id='word_1_495' title='bbox 198 3258 319 3293; x_wconf 83' lang='lat' dir='ltr'>strari</span> <span class='ocrx_word' id='word_1_496' title='bbox 348 3257 514 3304; x_wconf 85' lang='lat' dir='ltr'>solitae,</span> <span class='ocrx_word' id='word_1_497' title='bbox 545 3256 663 3292; x_wconf 88' lang='lat' dir='ltr'>hodie</span> <span class='ocrx_word' id='word_1_498' title='bbox 692 3250 859 3292; x_wconf 81' lang='lat' dir='ltr'>nonnisi</span> <span class='ocrx_word' id='word_1_499' title='bbox 887 3255 939 3290; x_wconf 92' lang='lat' dir='ltr'>ad</span> <span class='ocrx_word' id='word_1_500' title='bbox 968 3255 1195 3296; x_wconf 86' lang='lat' dir='ltr'>parandum</span> <span class='ocrx_word' id='word_1_501' title='bbox 1222 3257 1473 3297; x_wconf 78' lang='lat' dir='ltr'>unguentum</span> <span class='ocrx_word' id='word_1_502' title='bbox 1495 3255 1739 3296; x_wconf 86' lang='lat' dir='ltr'>populneum</span> <span class='ocrx_word' id='word_1_503' title='bbox 1759 3253 2012 3290; x_wconf 85' lang='lat' dir='ltr'>adhibentur.</span> 
     </span>
     <span class='ocr_line' id='line_1_55' title="bbox 201 3307 2013 3362; baseline -0.001 -16"><span class='ocrx_word' id='word_1_504' title='bbox 201 3311 384 3358; x_wconf 75' lang='lat' dir='ltr'>Populus</span> <span class='ocrx_word' id='word_1_505' title='bbox 400 3312 682 3362; x_wconf 77' lang='lat' dir='ltr'>balsmmfera</span> <span class='ocrx_word' id='word_1_506' title='bbox 692 3312 834 3348; x_wconf 90' lang='lat' dir='ltr'>Willd.</span> <span class='ocrx_word' id='word_1_507' title='bbox 853 3314 890 3346; x_wconf 84' lang='lat' dir='ltr'>et</span> <span class='ocrx_word' id='word_1_508' title='bbox 906 3307 952 3345; x_wconf 90' lang='lat' dir='ltr'>P.</span> <span class='ocrx_word' id='word_1_509' title='bbox 969 3307 1200 3344; x_wconf 72' lang='lat' dir='ltr'>candicans</span> <span class='ocrx_word' id='word_1_510' title='bbox 1209 3310 1372 3357; x_wconf 87' lang='lat' dir='ltr'>Willd.,</span> <span class='ocrx_word' id='word_1_511' title='bbox 1389 3310 1432 3345; x_wconf 92' lang='lat' dir='ltr'>in</span> <span class='ocrx_word' id='word_1_512' title='bbox 1448 3309 1640 3346; x_wconf 85' lang='lat' dir='ltr'>America</span> <span class='ocrx_word' id='word_1_513' title='bbox 1654 3309 1810 3345; x_wconf 90' lang='lat' dir='ltr'>boreali</span> <span class='ocrx_word' id='word_1_514' title='bbox 1825 3317 2013 3345; x_wconf 88' lang='lat' dir='ltr'>crescen-</span> 
     </span>
     <span class='ocr_line' id='line_1_56' title="bbox 198 3365 2015 3415; baseline -0.002 -11"><span class='ocrx_word' id='word_1_515' title='bbox 198 3375 279 3415; x_wconf 83' lang='lat' dir='ltr'>tes,</span> <span class='ocrx_word' id='word_1_516' title='bbox 310 3373 464 3406; x_wconf 87' lang='lat' dir='ltr'>tantam</span> <span class='ocrx_word' id='word_1_517' title='bbox 487 3380 509 3406; x_wconf 90' lang='lat' dir='ltr'>e</span> <span class='ocrx_word' id='word_1_518' title='bbox 530 3368 698 3414; x_wconf 83' lang='lat' dir='ltr'>gemmis</span> <span class='ocrx_word' id='word_1_519' title='bbox 722 3366 976 3405; x_wconf 86' lang='lat' dir='ltr'>substantiae</span> <span class='ocrx_word' id='word_1_520' title='bbox 992 3366 1202 3402; x_wconf 83' lang='lat' dir='ltr'>resinosae</span> <span class='ocrx_word' id='word_1_521' title='bbox 1219 3366 1378 3408; x_wconf 87' lang='lat' dir='ltr'>copiam</span> <span class='ocrx_word' id='word_1_522' title='bbox 1392 3369 1572 3413; x_wconf 85' lang='lat' dir='ltr'>plorant,</span> <span class='ocrx_word' id='word_1_523' title='bbox 1604 3369 1647 3402; x_wconf 86' lang='lat' dir='ltr'>ut</span> <span class='ocrx_word' id='word_1_524' title='bbox 1664 3365 1860 3408; x_wconf 89' lang='lat' dir='ltr'>ejusmodi</span> <span class='ocrx_word' id='word_1_525' title='bbox 1874 3367 2015 3408; x_wconf 80' lang='lat' dir='ltr'>lacry-</span> 
     </span>
     <span class='ocr_line' id='line_1_57' title="bbox 197 3422 2014 3467; baseline -0.002 -6"><span class='ocrx_word' id='word_1_526' title='bbox 197 3434 287 3462; x_wconf 89' lang='lat' dir='ltr'>mae</span> <span class='ocrx_word' id='word_1_527' title='bbox 317 3429 510 3464; x_wconf 88' lang='lat' dir='ltr'>collectae</span> <span class='ocrx_word' id='word_1_528' title='bbox 541 3424 779 3462; x_wconf 83' lang='lat' dir='ltr'>commercio</span> <span class='ocrx_word' id='word_1_529' title='bbox 809 3422 1163 3465; x_wconf 84' lang='lat' dir='ltr'>circumferantur,</span> <span class='ocrx_word' id='word_1_530' title='bbox 1202 3423 1322 3458; x_wconf 90' lang='lat' dir='ltr'>odore</span> <span class='ocrx_word' id='word_1_531' title='bbox 1350 3423 1638 3458; x_wconf 85' lang='lat' dir='ltr'>Rhebarbarae</span> <span class='ocrx_word' id='word_1_532' title='bbox 1666 3425 1942 3467; x_wconf 86' lang='lat' dir='ltr'>comparatae,</span> <span class='ocrx_word' id='word_1_533' title='bbox 1973 3423 2014 3456; x_wconf 81' lang='lat' dir='ltr'>et</span> 
     </span>
     <span class='ocr_line' id='line_1_58' title="bbox 204 3473 2010 3527; baseline -0.002 -11"><span class='ocrx_word' id='word_1_534' title='bbox 204 3479 531 3518; x_wconf 76' lang='lat' dir='ltr'>Tacamalmcae</span> <span class='ocrx_word' id='word_1_535' title='bbox 554 3479 780 3517; x_wconf 70' lang='lat' dir='ltr'>communis</span> <span class='ocrx_word' id='word_1_536' title='bbox 804 3492 836 3518; x_wconf 89' lang='lat' dir='ltr'>s.</span> <span class='ocrx_word' id='word_1_537' title='bbox 869 3477 1060 3527; x_wconf 70' lang='lat' dir='ltr'>vulgaris</span> <span class='ocrx_word' id='word_1_538' title='bbox 1085 3473 1363 3516; x_wconf 72' lang='lat' dir='ltr'>nominemini</span> <span class='ocrx_word' id='word_1_539' title='bbox 1398 3478 1439 3514; x_wconf 89' lang='grc'>111</span> <span class='ocrx_word' id='word_1_540' title='bbox 1470 3478 1813 3523; x_wconf 77' lang='lat' dir='ltr'>pharmacopoliis</span> <span class='ocrx_word' id='word_1_541' title='bbox 1836 3477 2010 3514; x_wconf 86' lang='lat' dir='ltr'>habitae.</span> 
     </span>
    </p>
   </div>
  </div>
 </body>
</html>
