<?xml version="1.0" encoding="UTF-8"?>
<!DOCTYPE html PUBLIC "-//W3C//DTD XHTML 1.0 Transitional//EN"
    "http://www.w3.org/TR/xhtml1/DTD/xhtml1-transitional.dtd">
<html xmlns="http://www.w3.org/1999/xhtml" xml:lang="en" lang="en">
 <head>
  <title>
</title>
<meta http-equiv="Content-Type" content="text/html;charset=utf-8" />
  <meta name='ocr-system' content='tesseract 3.04.00' />
  <meta name='ocr-capabilities' content='ocr_page ocr_carea ocr_par ocr_line ocrx_word'/>
</head>
<body>
  <div class='ocr_page' id='page_1' title='image "./enchiridionbotan00endl/enchiridionbotan00endl_0241.png"; bbox 0 0 2147 3756; ppageno 0'>
   <div class='ocr_carea' id='block_1_1' title="bbox 966 123 1086 173">
    <p class='ocr_par' dir='ltr' id='par_1_1' title="bbox 966 123 1086 173">
     <span class='ocr_line' id='line_1_1' title="bbox 966 123 1086 173; baseline 0.017 -2"><span class='ocrx_word' id='word_1_1' title='bbox 966 123 1086 173; x_wconf 77' lang='lat'>225</span> 
     </span>
    </p>
   </div>
   <div class='ocr_carea' id='block_1_2' title="bbox 954 201 1202 210">
    <p class='ocr_par' dir='ltr' id='par_1_2' title="bbox 954 201 1202 210">
     <span class='ocr_line' id='line_1_2' title="bbox 954 201 1202 210; baseline 0 3546"><span class='ocrx_word' id='word_1_2' title='bbox 954 201 1202 210; x_wconf 95' lang='lat' dir='ltr'> </span> 
     </span>
    </p>
   </div>
   <div class='ocr_carea' id='block_1_3' title="bbox 884 300 1171 334">
    <p class='ocr_par' dir='ltr' id='par_1_3' title="bbox 884 300 1171 334">
     <span class='ocr_line' id='line_1_3' title="bbox 884 300 1171 334; baseline -0.007 0"><span class='ocrx_word' id='word_1_3' title='bbox 884 300 1171 334; x_wconf 75' lang='lat' dir='ltr'>GENERA,</span> 
     </span>
    </p>
   </div>
   <div class='ocr_carea' id='block_1_4' title="bbox 226 371 1690 420">
    <p class='ocr_par' dir='ltr' id='par_1_4' title="bbox 226 371 1690 420">
     <span class='ocr_line' id='line_1_4' title="bbox 226 371 1690 420; baseline 0.001 -15"><span class='ocrx_word' id='word_1_4' title='bbox 226 384 351 420; x_wconf 61' lang='lat'><strong>2168.</strong></span> <span class='ocrx_word' id='word_1_5' title='bbox 380 382 593 419; x_wconf 68' lang='lat' dir='ltr'>Lfflorena</span> <span class='ocrx_word' id='word_1_6' title='bbox 613 379 658 419; x_wconf 52' lang='lat' dir='ltr'>L·</span> <span class='ocrx_word' id='word_1_7' title='bbox 1226 383 1264 407; x_wconf 80' lang='lat' dir='ltr'>a.</span> <span class='ocrx_word' id='word_1_8' title='bbox 1290 371 1478 414; x_wconf 87' lang='lat' dir='ltr'>Psyllium</span> <span class='ocrx_word' id='word_1_9' title='bbox 1502 371 1690 417; x_wconf 79' lang='lat' dir='ltr'>Tam-nef.</span> 
     </span>
    </p>
   </div>
   <div class='ocr_carea' id='block_1_5' title="bbox 229 413 1723 532">
    <p class='ocr_par' dir='ltr' id='par_1_5' title="bbox 229 413 1723 532">
     <span class='ocr_line' id='line_1_5' title="bbox 229 413 1723 532; baseline -0.001 -40"><span class='ocrx_word' id='word_1_10' title='bbox 229 441 250 519; x_wconf 69' lang='grc' dir='ltr'>ξ</span> <span class='ocrx_word' id='word_1_11' title='bbox 263 442 349 532; x_wconf 53' lang='lat'>223-</span> <span class='ocrx_word' id='word_1_12' title='bbox 383 437 855 532; x_wconf 57' lang='lat' dir='ltr'>&#39;gfflff,¹},‘3‚?g}²33&#39;²‘&#39;⁰“&#39;&#39;⁸⁷²“·</span> <span class='ocrx_word' id='word_1_13' title='bbox 1225 415 1258 492; x_wconf 62' lang='grc' dir='ltr'>ἐς</span> <span class='ocrx_word' id='word_1_14' title='bbox 1283 413 1715 499; x_wconf 54' lang='lat'>{3:4335‘01’33313&#39;52232&#39;557‘</span> <span class='ocrx_word' id='word_1_15' title='bbox 1713 440 1723 449; x_wconf 87' lang='grc'><em>·</em></span> 
     </span>
    </p>
   </div>
   <div class='ocr_carea' id='block_1_6' title="bbox 114 588 1949 1028">
    <p class='ocr_par' dir='ltr' id='par_1_6' title="bbox 114 588 1949 1028">
     <span class='ocr_line' id='line_1_6' title="bbox 256 588 1945 641; baseline -0.001 -9"><span class='ocrx_word' id='word_1_16' title='bbox 256 588 582 633; x_wconf 74' lang='lat' dir='ltr'>Affinitas.</span> <span class='ocrx_word' id='word_1_17' title='bbox 643 594 827 641; x_wconf 79' lang='lat' dir='ltr'>Ordinis,</span> <span class='ocrx_word' id='word_1_18' title='bbox 861 594 966 631; x_wconf 80' lang='lat' dir='ltr'>facie</span> <span class='ocrx_word' id='word_1_19' title='bbox 998 599 1037 631; x_wconf 90' lang='lat' dir='ltr'>et</span> <span class='ocrx_word' id='word_1_20' title='bbox 1070 593 1378 630; x_wconf 77' lang='lat' dir='ltr'>characteribus</span> <span class='ocrx_word' id='word_1_21' title='bbox 1402 592 1726 629; x_wconf 85' lang='lat' dir='ltr'>distinctissimi.</span> <span class='ocrx_word' id='word_1_22' title='bbox 1762 593 1945 635; x_wconf 76' lang='lat' dir='ltr'>proxima</span> 
     </span>
     <span class='ocr_line' id='line_1_7' title="bbox 119 649 1946 699; baseline -0.001 -12"><span class='ocrx_word' id='word_1_23' title='bbox 119 660 208 688; x_wconf 87' lang='lat' dir='ltr'>cum</span> <span class='ocrx_word' id='word_1_24' title='bbox 225 652 535 697; x_wconf 79' lang='lat' dir='ltr'>Plumbagineis</span> <span class='ocrx_word' id='word_1_25' title='bbox 553 651 754 699; x_wconf 81' lang='lat' dir='ltr'>affinitas,</span> <span class='ocrx_word' id='word_1_26' title='bbox 786 654 964 688; x_wconf 83' lang='lat' dir='ltr'>corollae</span> <span class='ocrx_word' id='word_1_27' title='bbox 981 654 1162 697; x_wconf 81' lang='lat' dir='ltr'>textura,</span> <span class='ocrx_word' id='word_1_28' title='bbox 1194 651 1436 695; x_wconf 84' lang='lat' dir='ltr'>staminum,</span> <span class='ocrx_word' id='word_1_29' title='bbox 1462 651 1504 687; x_wconf 92' lang='lat' dir='ltr'>in</span> <span class='ocrx_word' id='word_1_30' title='bbox 1527 649 1624 686; x_wconf 89' lang='lat' dir='ltr'>aliis</span> <span class='ocrx_word' id='word_1_31' title='bbox 1642 651 1859 693; x_wconf 82' lang='lat' dir='ltr'>generibus</span> <span class='ocrx_word' id='word_1_32' title='bbox 1877 660 1946 686; x_wconf 88' lang='lat' dir='ltr'>co-</span> 
     </span>
     <span class='ocr_line' id='line_1_8' title="bbox 121 706 1947 755; baseline 0 -12"><span class='ocrx_word' id='word_1_33' title='bbox 121 710 250 745; x_wconf 87' lang='lat' dir='ltr'>rollae</span> <span class='ocrx_word' id='word_1_34' title='bbox 276 713 317 744; x_wconf 85' lang='lat' dir='ltr'>ut</span> <span class='ocrx_word' id='word_1_35' title='bbox 341 709 384 744; x_wconf 87' lang='lat' dir='ltr'>in</span> <span class='ocrx_word' id='word_1_36' title='bbox 401 709 594 745; x_wconf 84' lang='lat' dir='ltr'>Staticeis</span> <span class='ocrx_word' id='word_1_37' title='bbox 618 709 880 755; x_wconf 86' lang='lat' dir='ltr'>insertorum,</span> <span class='ocrx_word' id='word_1_38' title='bbox 913 708 955 743; x_wconf 91' lang='lat' dir='ltr'>in</span> <span class='ocrx_word' id='word_1_39' title='bbox 978 708 1074 743; x_wconf 85' lang='lat' dir='ltr'>aliis</span> <span class='ocrx_word' id='word_1_40' title='bbox 1097 709 1355 750; x_wconf 88' lang='lat' dir='ltr'>receptaculo</span> <span class='ocrx_word' id='word_1_41' title='bbox 1381 708 1480 742; x_wconf 90' lang='lat' dir='ltr'>utin</span> <span class='ocrx_word' id='word_1_42' title='bbox 1503 706 1811 750; x_wconf 71' lang='lat' dir='ltr'>Plumbagineis</span> <span class='ocrx_word' id='word_1_43' title='bbox 1836 707 1947 743; x_wconf 81' lang='lat' dir='ltr'>veris</span> 
     </span>
     <span class='ocr_line' id='line_1_9' title="bbox 117 763 1948 813; baseline -0.001 -12"><span class='ocrx_word' id='word_1_44' title='bbox 117 766 420 813; x_wconf 71' lang='lat' dir='ltr'>impositorum,</span> <span class='ocrx_word' id='word_1_45' title='bbox 452 766 694 810; x_wconf 74' lang='lat' dir='ltr'>insertione,</span> <span class='ocrx_word' id='word_1_46' title='bbox 727 764 922 808; x_wconf 82' lang='lat' dir='ltr'>germinis</span> <span class='ocrx_word' id='word_1_47' title='bbox 940 764 1113 806; x_wconf 82' lang='lat' dir='ltr'>denique</span> <span class='ocrx_word' id='word_1_48' title='bbox 1130 763 1308 807; x_wconf 83' lang='lat' dir='ltr'>fabrica,</span> <span class='ocrx_word' id='word_1_49' title='bbox 1334 767 1371 798; x_wconf 89' lang='lat' dir='ltr'>et</span> <span class='ocrx_word' id='word_1_50' title='bbox 1388 763 1948 807; x_wconf 76' lang='lat' dir='ltr'>gemmulaetrophospermio</span> 
     </span>
     <span class='ocr_line' id='line_1_10' title="bbox 115 820 1949 867; baseline -0.001 -10"><span class='ocrx_word' id='word_1_51' title='bbox 115 823 159 858; x_wconf 92' lang='lat' dir='ltr'>in</span> <span class='ocrx_word' id='word_1_52' title='bbox 182 822 398 865; x_wconf 69' lang='lat' dir='ltr'>generibus</span> <span class='ocrx_word' id='word_1_53' title='bbox 422 822 713 864; x_wconf 89' lang='lat' dir='ltr'>monospermis</span> <span class='ocrx_word' id='word_1_54' title='bbox 734 821 928 867; x_wconf 74' lang='lat' dir='ltr'>bas-ilari,</span> <span class='ocrx_word' id='word_1_55' title='bbox 961 820 1208 856; x_wconf 85' lang='lat' dir='ltr'>confirmata.</span> <span class='ocrx_word' id='word_1_56' title='bbox 1266 820 1470 855; x_wconf 87' lang='lat' dir='ltr'>Remotior</span> <span class='ocrx_word' id='word_1_57' title='bbox 1492 823 1551 855; x_wconf 86' lang='lat' dir='ltr'>est</span> <span class='ocrx_word' id='word_1_58' title='bbox 1570 829 1660 855; x_wconf 88' lang='lat' dir='ltr'>cum</span> <span class='ocrx_word' id='word_1_59' title='bbox 1675 820 1949 858; x_wconf 76' lang='lat' dir='ltr'>Primulaceis</span> 
     </span>
     <span class='ocr_line' id='line_1_11' title="bbox 116 876 1949 924; baseline -0.001 -10"><span class='ocrx_word' id='word_1_60' title='bbox 116 879 397 924; x_wconf 75' lang='lat' dir='ltr'>necessitudo,</span> <span class='ocrx_word' id='word_1_61' title='bbox 428 881 722 922; x_wconf 85' lang='lat' dir='ltr'>gennnularum</span> <span class='ocrx_word' id='word_1_62' title='bbox 747 877 966 912; x_wconf 72' lang='lat' dir='ltr'>directione</span> <span class='ocrx_word' id='word_1_63' title='bbox 990 876 1266 923; x_wconf 84' lang='lat' dir='ltr'>amphitropa,</span> <span class='ocrx_word' id='word_1_64' title='bbox 1299 879 1494 919; x_wconf 78' lang='lat' dir='ltr'>capsulae</span> <span class='ocrx_word' id='word_1_65' title='bbox 1510 876 1764 912; x_wconf 78' lang='lat' dir='ltr'>dehiscentia</span> <span class='ocrx_word' id='word_1_66' title='bbox 1780 886 1949 919; x_wconf 89' lang='lat' dir='ltr'>opercu-</span> 
     </span>
     <span class='ocr_line' id='line_1_12' title="bbox 118 933 1946 981; baseline 0.001 -11"><span class='ocrx_word' id='word_1_67' title='bbox 118 935 217 979; x_wconf 87' lang='lat' dir='ltr'>lari,</span> <span class='ocrx_word' id='word_1_68' title='bbox 249 935 418 970; x_wconf 89' lang='lat' dir='ltr'>seminis</span> <span class='ocrx_word' id='word_1_69' title='bbox 450 934 533 969; x_wconf 86' lang='lat' dir='ltr'>hilo</span> <span class='ocrx_word' id='word_1_70' title='bbox 562 933 740 970; x_wconf 78' lang='lat' dir='ltr'>ventrali</span> <span class='ocrx_word' id='word_1_71' title='bbox 771 936 806 969; x_wconf 90' lang='lat' dir='ltr'>et</span> <span class='ocrx_word' id='word_1_72' title='bbox 833 933 1065 976; x_wconf 79' lang='lat' dir='ltr'>embryonis</span> <span class='ocrx_word' id='word_1_73' title='bbox 1093 933 1204 969; x_wconf 89' lang='lat' dir='ltr'>intra</span> <span class='ocrx_word' id='word_1_74' title='bbox 1232 935 1422 969; x_wconf 84' lang='lat' dir='ltr'>albumen</span> <span class='ocrx_word' id='word_1_75' title='bbox 1453 933 1558 981; x_wconf 90' lang='lat' dir='ltr'>situ,</span> <span class='ocrx_word' id='word_1_76' title='bbox 1591 933 1663 970; x_wconf 82' lang='lat' dir='ltr'>vix</span> <span class='ocrx_word' id='word_1_77' title='bbox 1686 933 1946 977; x_wconf 80' lang='lat' dir='ltr'>gravioribus</span> 
     </span>
     <span class='ocr_line' id='line_1_13' title="bbox 114 991 438 1028; baseline -0.006 0"><span class='ocrx_word' id='word_1_78' title='bbox 114 992 224 1028; x_wconf 88' lang='lat' dir='ltr'>notis</span> <span class='ocrx_word' id='word_1_79' title='bbox 240 991 438 1027; x_wconf 87' lang='lat' dir='ltr'>indicata.</span> 
     </span>
    </p>
   </div>
   <div class='ocr_carea' id='block_1_7' title="bbox 119 1052 1955 1785">
    <p class='ocr_par' dir='ltr' id='par_1_7' title="bbox 119 1052 1955 1785">
     <span class='ocr_line' id='line_1_14' title="bbox 261 1052 1948 1111; baseline -0.002 -11"><span class='ocrx_word' id='word_1_80' title='bbox 261 1052 693 1111; x_wconf 69' lang='lat' dir='ltr'>Geogl&#39;aphia·</span> <span class='ocrx_word' id='word_1_81' title='bbox 752 1059 1070 1106; x_wconf 76' lang='lat' dir='ltr'>Plantagineae,</span> <span class='ocrx_word' id='word_1_82' title='bbox 1096 1062 1246 1095; x_wconf 91' lang='lat' dir='ltr'>enullo</span> <span class='ocrx_word' id='word_1_83' title='bbox 1264 1060 1427 1096; x_wconf 85' lang='lat' dir='ltr'>climate</span> <span class='ocrx_word' id='word_1_84' title='bbox 1442 1062 1608 1107; x_wconf 77' lang='lat' dir='ltr'>exules,</span> <span class='ocrx_word' id='word_1_85' title='bbox 1641 1060 1683 1097; x_wconf 91' lang='lat' dir='ltr'>in</span> <span class='ocrx_word' id='word_1_86' title='bbox 1708 1063 1948 1105; x_wconf 51' lang='grc'>0133310111-</span> 
     </span>
     <span class='ocr_line' id='line_1_15' title="bbox 119 1117 1949 1163; baseline -0.001 -8"><span class='ocrx_word' id='word_1_87' title='bbox 119 1121 261 1163; x_wconf 85' lang='lat' dir='ltr'>perata</span> <span class='ocrx_word' id='word_1_88' title='bbox 286 1118 597 1162; x_wconf 87' lang='lat' dir='ltr'>hemisphaerae</span> <span class='ocrx_word' id='word_1_89' title='bbox 619 1118 818 1162; x_wconf 85' lang='lat' dir='ltr'>borealis,</span> <span class='ocrx_word' id='word_1_90' title='bbox 852 1119 969 1160; x_wconf 81' lang='lat' dir='ltr'>juxta</span> <span class='ocrx_word' id='word_1_91' title='bbox 991 1117 1117 1153; x_wconf 87' lang='lat' dir='ltr'>maris</span> <span class='ocrx_word' id='word_1_92' title='bbox 1139 1119 1382 1159; x_wconf 83' lang='lat' dir='ltr'>laeuumque</span> <span class='ocrx_word' id='word_1_93' title='bbox 1402 1117 1600 1159; x_wconf 90' lang='lat' dir='ltr'>majorum</span> <span class='ocrx_word' id='word_1_94' title='bbox 1622 1117 1779 1159; x_wconf 87' lang='lat' dir='ltr'>littora,</span> <span class='ocrx_word' id='word_1_95' title='bbox 1810 1118 1854 1153; x_wconf 89' lang='lat' dir='ltr'>in</span> <span class='ocrx_word' id='word_1_96' title='bbox 1879 1119 1949 1154; x_wconf 89' lang='lat' dir='ltr'>de-</span> 
     </span>
     <span class='ocr_line' id='line_1_16' title="bbox 121 1172 1951 1221; baseline -0.001 -10"><span class='ocrx_word' id='word_1_97' title='bbox 121 1175 242 1212; x_wconf 83' lang='lat' dir='ltr'>sertis</span> <span class='ocrx_word' id='word_1_98' title='bbox 265 1175 393 1211; x_wconf 85' lang='lat' dir='ltr'>salsis</span> <span class='ocrx_word' id='word_1_99' title='bbox 417 1172 454 1210; x_wconf 70' lang='lat' dir='ltr'>e&#39;t.</span> <span class='ocrx_word' id='word_1_100' title='bbox 478 1175 684 1221; x_wconf 79' lang='lat' dir='ltr'>arenosis,</span> <span class='ocrx_word' id='word_1_101' title='bbox 718 1178 752 1209; x_wconf 88' lang='lat' dir='ltr'>et</span> <span class='ocrx_word' id='word_1_102' title='bbox 780 1174 881 1210; x_wconf 87' lang='lat' dir='ltr'>locis</span> <span class='ocrx_word' id='word_1_103' title='bbox 904 1174 1105 1216; x_wconf 73' lang='lat' dir='ltr'>frequenti</span> <span class='ocrx_word' id='word_1_104' title='bbox 1121 1173 1352 1208; x_wconf 85' lang='lat' dir='ltr'>mortalium</span> <span class='ocrx_word' id='word_1_105' title='bbox 1369 1173 1605 1208; x_wconf 89' lang='lat' dir='ltr'>commercio</span> <span class='ocrx_word' id='word_1_106' title='bbox 1623 1174 1748 1218; x_wconf 86' lang='lat' dir='ltr'>tritis,</span> <span class='ocrx_word' id='word_1_107' title='bbox 1782 1174 1951 1216; x_wconf 89' lang='lat' dir='ltr'>potissi-</span> 
     </span>
     <span class='ocr_line' id='line_1_17' title="bbox 122 1230 1948 1278; baseline 0.001 -11"><span class='ocrx_word' id='word_1_108' title='bbox 122 1242 230 1268; x_wconf 89' lang='lat' dir='ltr'>mum</span> <span class='ocrx_word' id='word_1_109' title='bbox 261 1232 420 1278; x_wconf 72' lang='lat' dir='ltr'>vigent,</span> <span class='ocrx_word' id='word_1_110' title='bbox 452 1232 494 1267; x_wconf 95' lang='lat' dir='ltr'>in</span> <span class='ocrx_word' id='word_1_111' title='bbox 526 1231 689 1275; x_wconf 76' lang='lat' dir='ltr'>regione</span> <span class='ocrx_word' id='word_1_112' title='bbox 720 1231 1016 1266; x_wconf 85' lang='lat' dir='ltr'>mediterranea</span> <span class='ocrx_word' id='word_1_113' title='bbox 1045 1230 1298 1266; x_wconf 81' lang='grc' dir='ltr'>01Α11101·103</span> <span class='ocrx_word' id='word_1_114' title='bbox 1328 1230 1484 1265; x_wconf 78' lang='lat' dir='ltr'>boreali</span> <span class='ocrx_word' id='word_1_115' title='bbox 1512 1230 1713 1273; x_wconf 83' lang='lat' dir='ltr'>imprimis</span> <span class='ocrx_word' id='word_1_116' title='bbox 1744 1232 1948 1273; x_wconf 82' lang='lat' dir='ltr'>copiosae.</span> 
     </span>
     <span class='ocr_line' id='line_1_18' title="bbox 121 1286 1951 1335; baseline 0 -11"><span class='ocrx_word' id='word_1_117' title='bbox 121 1293 278 1325; x_wconf 89' lang='lat' dir='ltr'>montes</span> <span class='ocrx_word' id='word_1_118' title='bbox 301 1288 496 1335; x_wconf 80' lang='lat' dir='ltr'>ipsasque</span> <span class='ocrx_word' id='word_1_119' title='bbox 519 1291 636 1331; x_wconf 88' lang='lat' dir='ltr'>alpes</span> <span class='ocrx_word' id='word_1_120' title='bbox 661 1296 777 1323; x_wconf 87' lang='lat' dir='ltr'>rarae</span> <span class='ocrx_word' id='word_1_121' title='bbox 794 1289 1060 1324; x_wconf 81' lang='lat' dir='ltr'>adscendunt.</span> <span class='ocrx_word' id='word_1_122' title='bbox 1117 1289 1164 1322; x_wconf 93' lang='lat' dir='ltr'>In</span> <span class='ocrx_word' id='word_1_123' title='bbox 1181 1286 1416 1330; x_wconf 84' lang='lat' dir='ltr'>regionibus</span> <span class='ocrx_word' id='word_1_124' title='bbox 1432 1286 1601 1330; x_wconf 82' lang='lat' dir='ltr'>tropicis</span> <span class='ocrx_word' id='word_1_125' title='bbox 1617 1287 1892 1329; x_wconf 85' lang='lat' dir='ltr'>paucissimae</span> <span class='ocrx_word' id='word_1_126' title='bbox 1908 1289 1951 1324; x_wconf 91' lang='lat' dir='ltr'>in</span> 
     </span>
     <span class='ocr_line' id='line_1_19' title="bbox 126 1342 1952 1392; baseline 0 -11"><span class='ocrx_word' id='word_1_127' title='bbox 126 1345 329 1388; x_wconf 80' lang='lat' dir='ltr'>depressis</span> <span class='ocrx_word' id='word_1_128' title='bbox 347 1345 513 1391; x_wconf 80' lang='lat' dir='ltr'>vivunt,</span> <span class='ocrx_word' id='word_1_129' title='bbox 539 1347 772 1392; x_wconf 81' lang='lat' dir='ltr'>pleraeque,</span> <span class='ocrx_word' id='word_1_130' title='bbox 798 1345 902 1380; x_wconf 87' lang='lat' dir='ltr'>coeli</span> <span class='ocrx_word' id='word_1_131' title='bbox 919 1343 1152 1388; x_wconf 85' lang='lat' dir='ltr'>temperiem</span> <span class='ocrx_word' id='word_1_132' title='bbox 1168 1346 1243 1380; x_wconf 89' lang='lat' dir='ltr'>sub</span> <span class='ocrx_word' id='word_1_133' title='bbox 1260 1343 1395 1379; x_wconf 86' lang='lat' dir='ltr'>sidere</span> <span class='ocrx_word' id='word_1_134' title='bbox 1411 1342 1567 1378; x_wconf 76' lang='lat' dir='ltr'>fervido</span> <span class='ocrx_word' id='word_1_135' title='bbox 1584 1348 1824 1386; x_wconf 85' lang='lat' dir='ltr'>quaerentes</span> <span class='ocrx_word' id='word_1_136' title='bbox 1836 1371 1845 1388; x_wconf 94' lang='lat'>,</span> <span class='ocrx_word' id='word_1_137' title='bbox 1878 1355 1952 1381; x_wconf 79' lang='lat' dir='ltr'>ex-</span> 
     </span>
     <span class='ocr_line' id='line_1_20' title="bbox 123 1396 1952 1448; baseline 0.001 -10"><span class='ocrx_word' id='word_1_138' title='bbox 123 1405 277 1438; x_wconf 86' lang='lat' dir='ltr'>celsam</span> <span class='ocrx_word' id='word_1_139' title='bbox 301 1401 517 1438; x_wconf 83' lang='lat' dir='ltr'>stationem</span> <span class='ocrx_word' id='word_1_140' title='bbox 543 1405 702 1448; x_wconf 86' lang='lat' dir='ltr'>petunt,</span> <span class='ocrx_word' id='word_1_141' title='bbox 736 1401 778 1437; x_wconf 89' lang='lat' dir='ltr'>in</span> <span class='ocrx_word' id='word_1_142' title='bbox 795 1396 1040 1444; x_wconf 71' lang='lat' dir='ltr'>Ilimalayae</span> <span class='ocrx_word' id='word_1_143' title='bbox 1056 1401 1189 1446; x_wconf 86' lang='lat' dir='ltr'>jugis,</span> <span class='ocrx_word' id='word_1_144' title='bbox 1223 1403 1259 1436; x_wconf 92' lang='lat' dir='ltr'>et</span> <span class='ocrx_word' id='word_1_145' title='bbox 1279 1403 1416 1444; x_wconf 88' lang='lat' dir='ltr'>paullo</span> <span class='ocrx_word' id='word_1_146' title='bbox 1435 1400 1688 1442; x_wconf 85' lang='lat' dir='ltr'>frequentius</span> <span class='ocrx_word' id='word_1_147' title='bbox 1703 1401 1747 1436; x_wconf 91' lang='lat' dir='ltr'>in</span> <span class='ocrx_word' id='word_1_148' title='bbox 1763 1401 1952 1439; x_wconf 74' lang='lat' dir='ltr'>Andibus</span> 
     </span>
     <span class='ocr_line' id='line_1_21' title="bbox 124 1456 1952 1504; baseline 0 -9"><span class='ocrx_word' id='word_1_149' title='bbox 124 1459 287 1504; x_wconf 78' lang='lat' dir='ltr'>obviae;</span> <span class='ocrx_word' id='word_1_150' title='bbox 319 1462 431 1494; x_wconf 86' lang='lat' dir='ltr'>trans</span> <span class='ocrx_word' id='word_1_151' title='bbox 455 1458 738 1501; x_wconf 84' lang='lat' dir='ltr'>capricornum</span> <span class='ocrx_word' id='word_1_152' title='bbox 762 1458 804 1494; x_wconf 91' lang='lat' dir='ltr'>in</span> <span class='ocrx_word' id='word_1_153' title='bbox 827 1460 966 1493; x_wconf 82' lang='lat' dir='ltr'>Novae</span> <span class='ocrx_word' id='word_1_154' title='bbox 984 1457 1231 1494; x_wconf 83' lang='lat' dir='ltr'>Hollandiae</span> <span class='ocrx_word' id='word_1_155' title='bbox 1251 1457 1458 1492; x_wconf 88' lang='lat' dir='ltr'>littoribus</span> <span class='ocrx_word' id='word_1_156' title='bbox 1485 1460 1520 1492; x_wconf 88' lang='lat' dir='ltr'>et</span> <span class='ocrx_word' id='word_1_157' title='bbox 1538 1456 1725 1493; x_wconf 88' lang='lat' dir='ltr'>nonnihil</span> <span class='ocrx_word' id='word_1_158' title='bbox 1741 1458 1952 1501; x_wconf 86' lang='lat' dir='ltr'>copiosius</span> 
     </span>
     <span class='ocr_line' id='line_1_22' title="bbox 124 1513 1952 1561; baseline 0 -10"><span class='ocrx_word' id='word_1_159' title='bbox 124 1516 166 1551; x_wconf 91' lang='lat' dir='ltr'>in</span> <span class='ocrx_word' id='word_1_160' title='bbox 190 1515 308 1550; x_wconf 89' lang='lat' dir='ltr'>terris</span> <span class='ocrx_word' id='word_1_161' title='bbox 332 1515 596 1551; x_wconf 85' lang='lat' dir='ltr'>Chilensibus</span> <span class='ocrx_word' id='word_1_162' title='bbox 618 1515 823 1561; x_wconf 84' lang='lat' dir='ltr'>habitant,</span> <span class='ocrx_word' id='word_1_163' title='bbox 857 1516 1057 1557; x_wconf 81' lang='lat' dir='ltr'>quaedam</span> <span class='ocrx_word' id='word_1_164' title='bbox 1081 1513 1201 1550; x_wconf 88' lang='lat' dir='ltr'>etiam</span> <span class='ocrx_word' id='word_1_165' title='bbox 1226 1516 1275 1549; x_wconf 90' lang='lat' dir='ltr'>ab</span> <span class='ocrx_word' id='word_1_166' title='bbox 1299 1513 1532 1549; x_wconf 81' lang='lat' dir='ltr'>hominibus</span> <span class='ocrx_word' id='word_1_167' title='bbox 1559 1515 1638 1549; x_wconf 86' lang='lat' dir='ltr'>late</span> <span class='ocrx_word' id='word_1_168' title='bbox 1660 1523 1732 1558; x_wconf 90' lang='lat' dir='ltr'>per</span> <span class='ocrx_word' id='word_1_169' title='bbox 1753 1519 1952 1551; x_wconf 87' lang='lat' dir='ltr'>terrarum</span> 
     </span>
     <span class='ocr_line' id='line_1_23' title="bbox 124 1570 1952 1615; baseline 0 -7"><span class='ocrx_word' id='word_1_170' title='bbox 124 1575 260 1608; x_wconf 86' lang='lat' dir='ltr'>orbem</span> <span class='ocrx_word' id='word_1_171' title='bbox 276 1572 566 1608; x_wconf 82' lang='lat' dir='ltr'>disseminatae</span> <span class='ocrx_word' id='word_1_172' title='bbox 582 1571 758 1608; x_wconf 86' lang='lat' dir='ltr'>fuerunt.</span> <span class='ocrx_word' id='word_1_173' title='bbox 795 1573 843 1606; x_wconf 85' lang='lat' dir='ltr'>Et</span> <span class='ocrx_word' id='word_1_174' title='bbox 861 1574 962 1607; x_wconf 81' lang='lat' dir='ltr'>haec</span> <span class='ocrx_word' id='word_1_175' title='bbox 978 1572 1138 1615; x_wconf 83' lang='lat' dir='ltr'>quidem</span> <span class='ocrx_word' id='word_1_176' title='bbox 1157 1572 1204 1606; x_wconf 89' lang='lat' dir='ltr'>de</span> <span class='ocrx_word' id='word_1_177' title='bbox 1219 1570 1510 1614; x_wconf 78' lang='lat' dir='ltr'>Plantaginunt</span> <span class='ocrx_word' id='word_1_178' title='bbox 1527 1579 1673 1615; x_wconf 81' lang='lat' dir='ltr'>genere</span> <span class='ocrx_word' id='word_1_179' title='bbox 1690 1573 1952 1614; x_wconf 76' lang='lat' dir='ltr'>polymorpho</span> 
     </span>
     <span class='ocr_line' id='line_1_24' title="bbox 125 1626 1955 1676; baseline 0.001 -12"><span class='ocrx_word' id='word_1_180' title='bbox 125 1628 236 1664; x_wconf 87' lang='lat' dir='ltr'>dicta</span> <span class='ocrx_word' id='word_1_181' title='bbox 251 1631 366 1676; x_wconf 89' lang='lat' dir='ltr'>sunt,</span> <span class='ocrx_word' id='word_1_182' title='bbox 392 1637 487 1670; x_wconf 85' lang='lat' dir='ltr'>nam</span> <span class='ocrx_word' id='word_1_183' title='bbox 504 1626 762 1662; x_wconf 56' lang='lat' dir='ltr'>Lirem-ellae</span> <span class='ocrx_word' id='word_1_184' title='bbox 777 1638 907 1673; x_wconf 84' lang='lat' dir='ltr'>genus</span> <span class='ocrx_word' id='word_1_185' title='bbox 922 1631 1185 1671; x_wconf 78' lang='lat' dir='ltr'>monotypum</span> <span class='ocrx_word' id='word_1_186' title='bbox 1202 1636 1447 1670; x_wconf 84' lang='lat' dir='ltr'>europaeum</span> <span class='ocrx_word' id='word_1_187' title='bbox 1463 1630 1521 1662; x_wconf 91' lang='lat' dir='ltr'>est</span> <span class='ocrx_word' id='word_1_188' title='bbox 1542 1630 1577 1662; x_wconf 92' lang='lat' dir='ltr'>et</span> <span class='ocrx_word' id='word_1_189' title='bbox 1595 1627 1850 1675; x_wconf 84' lang='lat' dir='ltr'>aquaticum,</span> <span class='ocrx_word' id='word_1_190' title='bbox 1877 1628 1955 1665; x_wconf 85' lang='lat' dir='ltr'>fri-</span> 
     </span>
     <span class='ocr_line' id='line_1_25' title="bbox 124 1681 1955 1733; baseline 0.001 -13"><span class='ocrx_word' id='word_1_191' title='bbox 124 1684 361 1730; x_wconf 87' lang='lat' dir='ltr'>gidiuscula</span> <span class='ocrx_word' id='word_1_192' title='bbox 376 1688 451 1721; x_wconf 89' lang='lat' dir='ltr'>sub</span> <span class='ocrx_word' id='word_1_193' title='bbox 470 1688 580 1721; x_wconf 91' lang='lat' dir='ltr'>coelo</span> <span class='ocrx_word' id='word_1_194' title='bbox 598 1688 816 1729; x_wconf 84' lang='lat' dir='ltr'>temperato</span> <span class='ocrx_word' id='word_1_195' title='bbox 830 1685 1130 1733; x_wconf 84' lang='lat' dir='ltr'>praediligens,</span> <span class='ocrx_word' id='word_1_196' title='bbox 1161 1681 1407 1731; x_wconf 69' lang='lat' dir='ltr'>Bonguerm</span> <span class='ocrx_word' id='word_1_197' title='bbox 1423 1683 1466 1719; x_wconf 89' lang='lat' dir='ltr'>in</span> <span class='ocrx_word' id='word_1_198' title='bbox 1479 1683 1638 1719; x_wconf 79' lang='lat' dir='ltr'>nivosis</span> <span class='ocrx_word' id='word_1_199' title='bbox 1655 1684 1833 1720; x_wconf 82' lang='lat' dir='ltr'>Andium</span> <span class='ocrx_word' id='word_1_200' title='bbox 1851 1685 1955 1721; x_wconf 82' lang='lat' dir='ltr'>boli-</span> 
     </span>
     <span class='ocr_line' id='line_1_26' title="bbox 124 1741 800 1785; baseline -0.003 -7"><span class='ocrx_word' id='word_1_201' title='bbox 124 1741 329 1778; x_wconf 83' lang='lat' dir='ltr'>viensium</span> <span class='ocrx_word' id='word_1_202' title='bbox 345 1742 528 1785; x_wconf 89' lang='lat' dir='ltr'>scopulis</span> <span class='ocrx_word' id='word_1_203' title='bbox 546 1743 683 1777; x_wconf 85' lang='lat' dir='ltr'>sedem</span> <span class='ocrx_word' id='word_1_204' title='bbox 699 1741 800 1778; x_wconf 84' lang='lat' dir='ltr'>fixit.</span> 
     </span>
    </p>
   </div>
   <div class='ocr_carea' id='block_1_8' title="bbox 127 1805 1964 2598">
    <p class='ocr_par' dir='ltr' id='par_1_8' title="bbox 127 1805 1964 2598">
     <span class='ocr_line' id='line_1_27' title="bbox 269 1805 1956 1859; baseline -0.001 -8"><span class='ocrx_word' id='word_1_205' title='bbox 269 1805 632 1859; x_wconf 60' lang='lat' dir='ltr'>QualitatOS</span> <span class='ocrx_word' id='word_1_206' title='bbox 652 1815 691 1849; x_wconf 88' lang='lat' dir='ltr'>et</span> <span class='ocrx_word' id='word_1_207' title='bbox 705 1817 876 1853; x_wconf 75' lang='lat' dir='ltr'>usus.</span> <span class='ocrx_word' id='word_1_208' title='bbox 906 1810 1200 1857; x_wconf 78' lang='lat' dir='ltr'>Plantaginum</span> <span class='ocrx_word' id='word_1_209' title='bbox 1215 1811 1336 1848; x_wconf 81' lang='lat' dir='ltr'>radix</span> <span class='ocrx_word' id='word_1_210' title='bbox 1351 1815 1385 1847; x_wconf 90' lang='lat' dir='ltr'>et</span> <span class='ocrx_word' id='word_1_211' title='bbox 1404 1813 1531 1848; x_wconf 87' lang='lat' dir='ltr'>herba</span> <span class='ocrx_word' id='word_1_212' title='bbox 1547 1814 1789 1855; x_wconf 80' lang='lat' dir='ltr'>subamara,</span> <span class='ocrx_word' id='word_1_213' title='bbox 1809 1812 1956 1849; x_wconf 79' lang='lat' dir='ltr'>leniter</span> 
     </span>
     <span class='ocr_line' id='line_1_28' title="bbox 127 1866 1958 1915; baseline -0.001 -9"><span class='ocrx_word' id='word_1_214' title='bbox 127 1869 405 1915; x_wconf 81' lang='lat' dir='ltr'>adstringens,</span> <span class='ocrx_word' id='word_1_215' title='bbox 437 1871 728 1906; x_wconf 86' lang='lat' dir='ltr'>nonnullarum</span> <span class='ocrx_word' id='word_1_216' title='bbox 748 1870 872 1906; x_wconf 85' lang='lat' dir='ltr'>etiam</span> <span class='ocrx_word' id='word_1_217' title='bbox 893 1871 1090 1906; x_wconf 86' lang='lat' dir='ltr'>subsalsa</span> <span class='ocrx_word' id='word_1_218' title='bbox 1114 1872 1188 1905; x_wconf 87' lang='lat' dir='ltr'>est.</span> <span class='ocrx_word' id='word_1_219' title='bbox 1245 1866 1460 1915; x_wconf 70' lang='lat' dir='ltr'>Plantagv</span> <span class='ocrx_word' id='word_1_220' title='bbox 1478 1867 1618 1915; x_wconf 75' lang='lat' dir='ltr'>major</span> <span class='ocrx_word' id='word_1_221' title='bbox 1632 1870 1753 1905; x_wconf 88' lang='lat' dir='ltr'>Linn.</span> <span class='ocrx_word' id='word_1_222' title='bbox 1771 1868 1839 1912; x_wconf 85' lang='lat' dir='ltr'>(P.</span> <span class='ocrx_word' id='word_1_223' title='bbox 1857 1870 1958 1906; x_wconf 86' lang='lat' dir='ltr'>lati-</span> 
     </span>
     <span class='ocr_line' id='line_1_29' title="bbox 130 1923 1957 1973; baseline 0.001 -11"><span class='ocrx_word' id='word_1_224' title='bbox 130 1927 231 1963; x_wconf 83' lang='lat' dir='ltr'>folia</span> <span class='ocrx_word' id='word_1_225' title='bbox 252 1936 285 1962; x_wconf 90' lang='lat' dir='ltr'>s.</span> <span class='ocrx_word' id='word_1_226' title='bbox 309 1928 438 1969; x_wconf 85' lang='lat' dir='ltr'>major</span> <span class='ocrx_word' id='word_1_227' title='bbox 455 1926 590 1973; x_wconf 67' lang='lat' dir='ltr'>offic,</span> <span class='ocrx_word' id='word_1_228' title='bbox 614 1925 862 1971; x_wconf 70' lang='lat' dir='ltr'>wegerich)</span> <span class='ocrx_word' id='word_1_229' title='bbox 887 1930 925 1962; x_wconf 87' lang='lat' dir='ltr'>et</span> <span class='ocrx_word' id='word_1_230' title='bbox 944 1923 1157 1972; x_wconf 69' lang='lat' dir='ltr'>plantago</span> <span class='ocrx_word' id='word_1_231' title='bbox 1177 1923 1424 1960; x_wconf 76' lang='lat' dir='ltr'>lanceolata</span> <span class='ocrx_word' id='word_1_232' title='bbox 1446 1926 1568 1962; x_wconf 91' lang='lat' dir='ltr'>Linn.</span> <span class='ocrx_word' id='word_1_233' title='bbox 1594 1925 1663 1970; x_wconf 84' lang='lat' dir='ltr'>[P.</span> <span class='ocrx_word' id='word_1_234' title='bbox 1686 1926 1957 1970; x_wconf 85' lang='lat' dir='ltr'>angustifolia</span> 
     </span>
     <span class='ocr_line' id='line_1_30' title="bbox 128 1982 1958 2029; baseline 0.001 -10"><span class='ocrx_word' id='word_1_235' title='bbox 128 1983 262 2029; x_wconf 59' lang='lat' dir='ltr'>Offae,</span> <span class='ocrx_word' id='word_1_236' title='bbox 294 1982 642 2027; x_wconf 79' lang='lat' dir='ltr'>Spitzwegerich]</span> <span class='ocrx_word' id='word_1_237' title='bbox 674 1985 769 2020; x_wconf 91' lang='lat' dir='ltr'>olim</span> <span class='ocrx_word' id='word_1_238' title='bbox 793 1984 836 2019; x_wconf 89' lang='lat' dir='ltr'>in</span> <span class='ocrx_word' id='word_1_239' title='bbox 868 1983 1021 2018; x_wconf 82' lang='lat' dir='ltr'>diversi</span> <span class='ocrx_word' id='word_1_240' title='bbox 1051 1983 1213 2027; x_wconf 85' lang='lat' dir='ltr'>generis</span> <span class='ocrx_word' id='word_1_241' title='bbox 1235 1983 1406 2029; x_wconf 85' lang='lat' dir='ltr'>morbis,</span> <span class='ocrx_word' id='word_1_242' title='bbox 1438 1983 1561 2020; x_wconf 89' lang='lat' dir='ltr'>etiam</span> <span class='ocrx_word' id='word_1_243' title='bbox 1590 1984 1790 2019; x_wconf 77' lang='lat' dir='ltr'>adversus</span> <span class='ocrx_word' id='word_1_244' title='bbox 1812 1983 1958 2020; x_wconf 82' lang='lat' dir='ltr'>febrim</span> 
     </span>
     <span class='ocr_line' id='line_1_31' title="bbox 130 2037 1957 2087; baseline 0.002 -12"><span class='ocrx_word' id='word_1_245' title='bbox 130 2039 459 2076; x_wconf 88' lang='lat' dir='ltr'>intermittentem</span> <span class='ocrx_word' id='word_1_246' title='bbox 476 2044 718 2087; x_wconf 85' lang='lat' dir='ltr'>usurpatae,</span> <span class='ocrx_word' id='word_1_247' title='bbox 751 2040 903 2076; x_wconf 81' lang='lat' dir='ltr'>exoleti</span> <span class='ocrx_word' id='word_1_248' title='bbox 919 2040 1038 2076; x_wconf 84' lang='lat' dir='ltr'>hodie</span> <span class='ocrx_word' id='word_1_249' title='bbox 1055 2049 1156 2075; x_wconf 87' lang='lat' dir='ltr'>usus</span> <span class='ocrx_word' id='word_1_250' title='bbox 1173 2044 1282 2076; x_wconf 86' lang='lat' dir='ltr'>sunt.</span> <span class='ocrx_word' id='word_1_251' title='bbox 1341 2037 1555 2086; x_wconf 76' lang='lat' dir='ltr'>Plantago</span> <span class='ocrx_word' id='word_1_252' title='bbox 1576 2038 1820 2085; x_wconf 77' lang='lat' dir='ltr'>Coronopns</span> <span class='ocrx_word' id='word_1_253' title='bbox 1835 2041 1957 2078; x_wconf 87' lang='lat' dir='ltr'>Linn.</span> 
     </span>
     <span class='ocr_line' id='line_1_32' title="bbox 130 2095 1958 2143; baseline 0.001 -12"><span class='ocrx_word' id='word_1_254' title='bbox 130 2096 292 2141; x_wconf 81' lang='lat' dir='ltr'>[Herba</span> <span class='ocrx_word' id='word_1_255' title='bbox 309 2097 507 2139; x_wconf 80' lang='lat' dir='ltr'>Coronopi</span> <span class='ocrx_word' id='word_1_256' title='bbox 530 2107 563 2132; x_wconf 88' lang='lat' dir='ltr'>s.</span> <span class='ocrx_word' id='word_1_257' title='bbox 581 2097 715 2132; x_wconf 85' lang='lat' dir='ltr'>Cornu</span> <span class='ocrx_word' id='word_1_258' title='bbox 732 2095 913 2140; x_wconf 78' lang='lat' dir='ltr'>cervini)</span> <span class='ocrx_word' id='word_1_259' title='bbox 932 2096 1139 2132; x_wconf 78' lang='lat' dir='ltr'>veteribus</span> <span class='ocrx_word' id='word_1_260' title='bbox 1155 2098 1358 2133; x_wconf 79' lang='lat' dir='ltr'>adversus</span> <span class='ocrx_word' id='word_1_261' title='bbox 1374 2097 1529 2133; x_wconf 87' lang='lat' dir='ltr'>rabiem</span> <span class='ocrx_word' id='word_1_262' title='bbox 1546 2096 1738 2132; x_wconf 85' lang='lat' dir='ltr'>caninam</span> <span class='ocrx_word' id='word_1_263' title='bbox 1755 2097 1958 2143; x_wconf 85' lang='lat' dir='ltr'>adhibita3</span> 
     </span>
     <span class='ocr_line' id='line_1_33' title="bbox 131 2153 1958 2196; baseline 0 -7"><span class='ocrx_word' id='word_1_264' title='bbox 131 2156 268 2189; x_wconf 88' lang='lat' dir='ltr'>cultae</span> <span class='ocrx_word' id='word_1_265' title='bbox 296 2156 424 2189; x_wconf 88' lang='lat' dir='ltr'>herba</span> <span class='ocrx_word' id='word_1_266' title='bbox 448 2153 587 2196; x_wconf 83' lang='lat' dir='ltr'>junior</span> <span class='ocrx_word' id='word_1_267' title='bbox 615 2153 658 2189; x_wconf 91' lang='lat' dir='ltr'>in</span> <span class='ocrx_word' id='word_1_268' title='bbox 683 2154 878 2190; x_wconf 86' lang='lat' dir='ltr'>acetariis</span> <span class='ocrx_word' id='word_1_269' title='bbox 902 2162 1066 2189; x_wconf 87' lang='lat' dir='ltr'>comesa</span> <span class='ocrx_word' id='word_1_270' title='bbox 1087 2154 1239 2189; x_wconf 78' lang='lat' dir='ltr'>virtute</span> <span class='ocrx_word' id='word_1_271' title='bbox 1262 2153 1462 2189; x_wconf 86' lang='lat' dir='ltr'>diuretica</span> <span class='ocrx_word' id='word_1_272' title='bbox 1486 2154 1799 2190; x_wconf 85' lang='lat' dir='ltr'>commendatur.</span> <span class='ocrx_word' id='word_1_273' title='bbox 1857 2155 1958 2190; x_wconf 87' lang='lat' dir='ltr'>Fre-</span> 
     </span>
     <span class='ocr_line' id='line_1_34' title="bbox 132 2209 1958 2257; baseline 0.001 -12"><span class='ocrx_word' id='word_1_274' title='bbox 132 2210 314 2254; x_wconf 84' lang='lat' dir='ltr'>quentior</span> <span class='ocrx_word' id='word_1_275' title='bbox 336 2213 399 2246; x_wconf 87' lang='lat' dir='ltr'>est</span> <span class='ocrx_word' id='word_1_276' title='bbox 421 2209 643 2257; x_wconf 87' lang='lat' dir='ltr'>seminum,</span> <span class='ocrx_word' id='word_1_277' title='bbox 675 2214 724 2247; x_wconf 85' lang='lat' dir='ltr'>ob</span> <span class='ocrx_word' id='word_1_278' title='bbox 748 2211 1015 2254; x_wconf 76' lang='lat' dir='ltr'>integumenti</span> <span class='ocrx_word' id='word_1_279' title='bbox 1037 2213 1213 2247; x_wconf 86' lang='lat' dir='ltr'>cellulas</span> <span class='ocrx_word' id='word_1_280' title='bbox 1232 2220 1350 2246; x_wconf 85' lang='lat' dir='ltr'>muco</span> <span class='ocrx_word' id='word_1_281' title='bbox 1373 2211 1538 2254; x_wconf 88' lang='lat' dir='ltr'>copioso</span> <span class='ocrx_word' id='word_1_282' title='bbox 1555 2209 1679 2246; x_wconf 87' lang='lat' dir='ltr'>facile</span> <span class='ocrx_word' id='word_1_283' title='bbox 1694 2210 1736 2245; x_wconf 92' lang='lat' dir='ltr'>in</span> <span class='ocrx_word' id='word_1_284' title='bbox 1754 2219 1861 2253; x_wconf 81' lang='lat' dir='ltr'>aqua</span> <span class='ocrx_word' id='word_1_285' title='bbox 1877 2210 1958 2246; x_wconf 89' lang='lat' dir='ltr'>fer-</span> 
     </span>
     <span class='ocr_line' id='line_1_35' title="bbox 132 2267 1960 2313; baseline 0.001 -11"><span class='ocrx_word' id='word_1_286' title='bbox 132 2267 229 2303; x_wconf 85' lang='lat' dir='ltr'>vida</span> <span class='ocrx_word' id='word_1_287' title='bbox 260 2267 458 2302; x_wconf 82' lang='lat' dir='ltr'>solvendo</span> <span class='ocrx_word' id='word_1_288' title='bbox 489 2276 656 2312; x_wconf 83' lang='lat' dir='ltr'>graves,</span> <span class='ocrx_word' id='word_1_289' title='bbox 689 2268 734 2304; x_wconf 87' lang='lat' dir='ltr'>in</span> <span class='ocrx_word' id='word_1_290' title='bbox 763 2267 936 2311; x_wconf 87' lang='lat' dir='ltr'>opificiis</span> <span class='ocrx_word' id='word_1_291' title='bbox 959 2267 1110 2313; x_wconf 80' lang='lat' dir='ltr'>variis,</span> <span class='ocrx_word' id='word_1_292' title='bbox 1142 2270 1366 2303; x_wconf 87' lang='lat' dir='ltr'>nonnullus</span> <span class='ocrx_word' id='word_1_293' title='bbox 1389 2267 1513 2303; x_wconf 84' lang='lat' dir='ltr'>etiam</span> <span class='ocrx_word' id='word_1_294' title='bbox 1529 2267 1575 2304; x_wconf 84' lang='lat' dir='ltr'>in</span> <span class='ocrx_word' id='word_1_295' title='bbox 1595 2277 1637 2302; x_wconf 90' lang='lat' dir='ltr'>re</span> <span class='ocrx_word' id='word_1_296' title='bbox 1662 2267 1820 2303; x_wconf 85' lang='lat' dir='ltr'>medica</span> <span class='ocrx_word' id='word_1_297' title='bbox 1841 2277 1960 2304; x_wconf 85' lang='lat' dir='ltr'>usus.</span> 
     </span>
     <span class='ocr_line' id='line_1_36' title="bbox 135 2321 1960 2369; baseline 0.001 -11"><span class='ocrx_word' id='word_1_298' title='bbox 135 2321 304 2358; x_wconf 69' lang='lat' dir='ltr'>Semina</span> <span class='ocrx_word' id='word_1_299' title='bbox 327 2321 482 2369; x_wconf 70' lang='lat' dir='ltr'>Psylliz&#39;</span> <span class='ocrx_word' id='word_1_300' title='bbox 501 2333 534 2359; x_wconf 93' lang='lat' dir='ltr'>s.</span> <span class='ocrx_word' id='word_1_301' title='bbox 553 2321 805 2359; x_wconf 60' lang='lat' dir='ltr'>Pulz&#39;earo&#39;coe</span> <span class='ocrx_word' id='word_1_302' title='bbox 829 2322 978 2368; x_wconf 80' lang='lat' dir='ltr'>(vulgo</span> <span class='ocrx_word' id='word_1_303' title='bbox 994 2325 1263 2368; x_wconf 84' lang='lat' dir='ltr'>Flohsaame]</span> <span class='ocrx_word' id='word_1_304' title='bbox 1282 2334 1303 2359; x_wconf 90' lang='lat' dir='ltr'>e</span> <span class='ocrx_word' id='word_1_305' title='bbox 1319 2324 1610 2369; x_wconf 79' lang='lat' dir='ltr'>plantaginum</span> <span class='ocrx_word' id='word_1_306' title='bbox 1626 2324 1960 2369; x_wconf 83' lang='lat' dir='ltr'>caulescentium,</span> 
     </span>
     <span class='ocr_line' id='line_1_37' title="bbox 133 2377 1963 2428; baseline -0.001 -12"><span class='ocrx_word' id='word_1_307' title='bbox 133 2380 358 2425; x_wconf 83' lang='lat' dir='ltr'>[imprimis</span> <span class='ocrx_word' id='word_1_308' title='bbox 381 2390 403 2415; x_wconf 91' lang='lat' dir='ltr'>e</span> <span class='ocrx_word' id='word_1_309' title='bbox 425 2377 698 2428; x_wconf 74' lang='lat' dir='ltr'>Plaulccgz&#39;m‘s</span> <span class='ocrx_word' id='word_1_310' title='bbox 722 2379 932 2427; x_wconf 69' lang='lat' dir='ltr'>Psyllium</span> <span class='ocrx_word' id='word_1_311' title='bbox 952 2380 1072 2416; x_wconf 85' lang='lat' dir='ltr'>Linn.</span> <span class='ocrx_word' id='word_1_312' title='bbox 1104 2384 1142 2416; x_wconf 86' lang='lat' dir='ltr'>et</span> <span class='ocrx_word' id='word_1_313' title='bbox 1166 2378 1438 2427; x_wconf 76' lang='lat' dir='ltr'>Planlagz&#39;m‘s</span> <span class='ocrx_word' id='word_1_314' title='bbox 1460 2381 1694 2414; x_wconf 65' lang='lat' dir='ltr'>arenariae</span> <span class='ocrx_word' id='word_1_315' title='bbox 1720 2382 1897 2416; x_wconf 63' lang='lat' dir='ltr'>tValtlst.</span> <span class='ocrx_word' id='word_1_316' title='bbox 1924 2383 1963 2416; x_wconf 86' lang='lat' dir='ltr'>et.</span> 
     </span>
     <span class='ocr_line' id='line_1_38' title="bbox 133 2435 1962 2484; baseline -0.001 -11"><span class='ocrx_word' id='word_1_317' title='bbox 133 2436 241 2481; x_wconf 79' lang='grc' dir='ltr'>Κίῐ.)</span> <span class='ocrx_word' id='word_1_318' title='bbox 259 2437 444 2480; x_wconf 88' lang='lat' dir='ltr'>capsulis</span> <span class='ocrx_word' id='word_1_319' title='bbox 460 2438 733 2482; x_wconf 80' lang='lat' dir='ltr'>polyspermis</span> <span class='ocrx_word' id='word_1_320' title='bbox 749 2438 1020 2484; x_wconf 82' lang='lat' dir='ltr'>colliguntur,</span> <span class='ocrx_word' id='word_1_321' title='bbox 1043 2440 1170 2473; x_wconf 89' lang='lat' dir='ltr'>multo</span> <span class='ocrx_word' id='word_1_322' title='bbox 1186 2437 1529 2475; x_wconf 78' lang='lat' dir='ltr'>circumvehenda</span> <span class='ocrx_word' id='word_1_323' title='bbox 1545 2437 1798 2474; x_wconf 83' lang='lat' dir='ltr'>commercio.</span> <span class='ocrx_word' id='word_1_324' title='bbox 1830 2435 1962 2471; x_wconf 75' lang='lat' dir='ltr'>Plan-</span> 
     </span>
     <span class='ocr_line' id='line_1_39' title="bbox 137 2485 1964 2543; baseline 0.001 -15"><span class='ocrx_word' id='word_1_325' title='bbox 137 2496 236 2540; x_wconf 78' lang='lat' dir='ltr'>tago</span> <span class='ocrx_word' id='word_1_326' title='bbox 259 2491 496 2540; x_wconf 77' lang='lat' dir='ltr'>Ispleagula</span> <span class='ocrx_word' id='word_1_327' title='bbox 517 2485 668 2543; x_wconf 49' lang='lat' dir='ltr'>Roxbs,</span> <span class='ocrx_word' id='word_1_328' title='bbox 701 2495 862 2539; x_wconf 85' lang='lat' dir='ltr'>species</span> <span class='ocrx_word' id='word_1_329' title='bbox 883 2495 927 2530; x_wconf 89' lang='grc'>111</span> <span class='ocrx_word' id='word_1_330' title='bbox 948 2494 1119 2530; x_wconf 85' lang='lat' dir='ltr'>Perside</span> <span class='ocrx_word' id='word_1_331' title='bbox 1142 2498 1286 2538; x_wconf 88' lang='lat' dir='ltr'>sponte</span> <span class='ocrx_word' id='word_1_332' title='bbox 1315 2503 1515 2542; x_wconf 87' lang='lat' dir='ltr'>nascens,</span> <span class='ocrx_word' id='word_1_333' title='bbox 1547 2494 1590 2530; x_wconf 86' lang='lat' dir='ltr'>in</span> <span class='ocrx_word' id='word_1_334' title='bbox 1617 2494 1760 2530; x_wconf 85' lang='lat' dir='ltr'>Indiae</span> <span class='ocrx_word' id='word_1_335' title='bbox 1790 2493 1964 2537; x_wconf 79' lang='lat' dir='ltr'>planitie</span> 
     </span>
     <span class='ocr_line' id='line_1_40' title="bbox 135 2549 1964 2598; baseline 0.001 -14"><span class='ocrx_word' id='word_1_336' title='bbox 135 2560 206 2594; x_wconf 87' lang='lat' dir='ltr'>per</span> <span class='ocrx_word' id='word_1_337' title='bbox 229 2549 462 2595; x_wconf 85' lang='lat' dir='ltr'>frigidiores</span> <span class='ocrx_word' id='word_1_338' title='bbox 485 2552 584 2587; x_wconf 85' lang='lat' dir='ltr'>anni</span> <span class='ocrx_word' id='word_1_339' title='bbox 605 2561 770 2588; x_wconf 87' lang='lat' dir='ltr'>menses</span> <span class='ocrx_word' id='word_1_340' title='bbox 794 2551 961 2596; x_wconf 91' lang='lat' dir='ltr'>seritur,</span> <span class='ocrx_word' id='word_1_341' title='bbox 995 2553 1042 2586; x_wconf 90' lang='lat' dir='ltr'>ob</span> <span class='ocrx_word' id='word_1_342' title='bbox 1067 2551 1228 2588; x_wconf 87' lang='lat' dir='ltr'>semina</span> <span class='ocrx_word' id='word_1_343' title='bbox 1250 2551 1574 2598; x_wconf 83' lang='lat' dir='ltr'>mucilaginosa,</span> <span class='ocrx_word' id='word_1_344' title='bbox 1607 2559 1632 2586; x_wconf 90' lang='lat' dir='ltr'>a</span> <span class='ocrx_word' id='word_1_345' title='bbox 1655 2551 1824 2586; x_wconf 80' lang='lat' dir='ltr'>medicis</span> <span class='ocrx_word' id='word_1_346' title='bbox 1848 2550 1964 2586; x_wconf 87' lang='lat' dir='ltr'>illius</span> 
     </span>
    </p>
   </div>
   <div class='ocr_carea' id='block_1_9' title="bbox 135 2605 1965 2712">
    <p class='ocr_par' dir='ltr' id='par_1_9' title="bbox 135 2605 1965 2712">
     <span class='ocr_line' id='line_1_41' title="bbox 135 2605 1965 2655; baseline 0.001 -14"><span class='ocrx_word' id='word_1_347' title='bbox 135 2606 268 2651; x_wconf 82' lang='lat' dir='ltr'>gentis</span> <span class='ocrx_word' id='word_1_348' title='bbox 293 2606 543 2649; x_wconf 81' lang='lat' dir='ltr'>frequentius</span> <span class='ocrx_word' id='word_1_349' title='bbox 565 2612 777 2652; x_wconf 84' lang='lat' dir='ltr'>usurpata.</span> <span class='ocrx_word' id='word_1_350' title='bbox 837 2610 871 2645; x_wconf 82' lang='lat' dir='ltr'>E</span> <span class='ocrx_word' id='word_1_351' title='bbox 888 2605 1161 2655; x_wconf 69' lang='lat' dir='ltr'>Plantccge&#39;m‘s</span> <span class='ocrx_word' id='word_1_352' title='bbox 1177 2615 1441 2655; x_wconf 64' lang='lat' dir='ltr'>squar-rosae</span> <span class='ocrx_word' id='word_1_353' title='bbox 1455 2607 1576 2644; x_wconf 88' lang='lat' dir='ltr'>Linn.</span> <span class='ocrx_word' id='word_1_354' title='bbox 1593 2606 1800 2644; x_wconf 84' lang='lat' dir='ltr'>cineribus</span> <span class='ocrx_word' id='word_1_355' title='bbox 1816 2609 1965 2643; x_wconf 85' lang='lat' dir='ltr'>Sodam</span> 
     </span>
     <span class='ocr_line' id='line_1_42' title="bbox 136 2661 799 2712; baseline 0.005 -14"><span class='ocrx_word' id='word_1_356' title='bbox 136 2663 179 2699; x_wconf 89' lang='lat' dir='ltr'>in</span> <span class='ocrx_word' id='word_1_357' title='bbox 195 2664 382 2708; x_wconf 79' lang='lat' dir='ltr'>Aegypto</span> <span class='ocrx_word' id='word_1_358' title='bbox 401 2661 596 2712; x_wconf 87' lang='lat' dir='ltr'>obtineri,</span> <span class='ocrx_word' id='word_1_359' title='bbox 627 2668 799 2702; x_wconf 88' lang='lat' dir='ltr'>constat.</span> 
     </span>
    </p>
   </div>
   <div class='ocr_carea' id='block_1_10' title="bbox 533 2811 1568 2870">
    <p class='ocr_par' dir='ltr' id='par_1_10' title="bbox 533 2811 1568 2870">
     <span class='ocr_line' id='line_1_43' title="bbox 533 2811 1568 2870; baseline -0.002 -12"><span class='ocrx_word' id='word_1_360' title='bbox 533 2812 705 2859; x_wconf 75' lang='lat' dir='ltr'>ordo</span> <span class='ocrx_word' id='word_1_361' title='bbox 735 2811 983 2859; x_wconf 67' lang='lat' dir='ltr'>CXVII.</span> <span class='ocrx_word' id='word_1_362' title='bbox 1055 2811 1568 2870; x_wconf 65' lang='lat' dir='ltr'>plumbagineae.</span> 
     </span>
    </p>
   </div>
   <div class='ocr_carea' id='block_1_11' title="bbox 142 2912 1972 3549">
    <p class='ocr_par' dir='ltr' id='par_1_11' title="bbox 142 2912 1972 3549">
     <span class='ocr_line' id='line_1_44' title="bbox 281 2912 1968 2980; baseline -0.001 -17"><span class='ocrx_word' id='word_1_363' title='bbox 281 2914 477 2963; x_wconf 77' lang='lat' dir='ltr'>Herbae</span> <span class='ocrx_word' id='word_1_364' title='bbox 513 2931 751 2980; x_wconf 85' lang='lat' dir='ltr'>perennes</span> <span class='ocrx_word' id='word_1_365' title='bbox 780 2932 823 2963; x_wconf 90' lang='lat' dir='ltr'>v.</span> <span class='ocrx_word' id='word_1_366' title='bbox 843 2913 1082 2978; x_wconf 72' lang='lat' dir='ltr'>frutices,</span> <span class='ocrx_word' id='word_1_367' title='bbox 1129 2915 1319 2963; x_wconf 84' lang='lat' dir='ltr'>acaules</span> <span class='ocrx_word' id='word_1_368' title='bbox 1350 2931 1395 2962; x_wconf 89' lang='lat' dir='ltr'>v.</span> <span class='ocrx_word' id='word_1_369' title='bbox 1429 2914 1784 2975; x_wconf 81' lang='lat' dir='ltr'>caulescentes3</span> <span class='ocrx_word' id='word_1_370' title='bbox 1817 2912 1968 2978; x_wconf 78' lang='lat' dir='ltr'>sole&#39;e&#39;s</span> 
     </span>
     <span class='ocr_line' id='line_1_45' title="bbox 142 2985 1968 3052; baseline 0.001 -20"><span class='ocrx_word' id='word_1_371' title='bbox 142 3002 263 3033; x_wconf 90' lang='lat' dir='ltr'>nunc</span> <span class='ocrx_word' id='word_1_372' title='bbox 295 2987 342 3033; x_wconf 89' lang='lat' dir='ltr'>in</span> <span class='ocrx_word' id='word_1_373' title='bbox 373 2988 510 3052; x_wconf 82' lang='lat' dir='ltr'>apice</span> <span class='ocrx_word' id='word_1_374' title='bbox 541 2988 815 3035; x_wconf 87' lang='lat' dir='ltr'>rhizomatis</span> <span class='ocrx_word' id='word_1_375' title='bbox 852 2986 1145 3051; x_wconf 85' lang='lat' dir='ltr'>multicipitis</span> <span class='ocrx_word' id='word_1_376' title='bbox 1186 2987 1438 3044; x_wconf 86' lang='lat' dir='ltr'>confer-tis,</span> <span class='ocrx_word' id='word_1_377' title='bbox 1485 2985 1798 3050; x_wconf 87' lang='lat' dir='ltr'>simplicibus,</span> <span class='ocrx_word' id='word_1_378' title='bbox 1845 2987 1968 3034; x_wconf 81' lang='lat' dir='ltr'>inte-</span> 
     </span>
     <span class='ocr_line' id='line_1_46' title="bbox 145 3056 1966 3123; baseline -0.001 -19"><span class='ocrx_word' id='word_1_379' title='bbox 145 3057 391 3121; x_wconf 77' lang='lat' dir='ltr'>gerrimis„</span> <span class='ocrx_word' id='word_1_380' title='bbox 447 3057 1006 3123; x_wconf 88' lang='lat' dir='ltr'>semiamplexicaulibns,</span> <span class='ocrx_word' id='word_1_381' title='bbox 1068 3059 1141 3105; x_wconf 87' lang='lat' dir='ltr'>vel</span> <span class='ocrx_word' id='word_1_382' title='bbox 1189 3059 1236 3105; x_wconf 92' lang='lat' dir='ltr'>in</span> <span class='ocrx_word' id='word_1_383' title='bbox 1284 3058 1418 3106; x_wconf 88' lang='lat' dir='ltr'>caule</span> <span class='ocrx_word' id='word_1_384' title='bbox 1473 3056 1966 3113; x_wconf 85' lang='lat' dir='ltr'>nodoso-articulato,</span> 
     </span>
     <span class='ocr_line' id='line_1_47' title="bbox 147 3127 1969 3193; baseline 0.001 -19"><span class='ocrx_word' id='word_1_385' title='bbox 147 3141 359 3186; x_wconf 82' lang='lat' dir='ltr'>ramoso,</span> <span class='ocrx_word' id='word_1_386' title='bbox 418 3129 563 3178; x_wconf 86' lang='lat' dir='ltr'>tereti</span> <span class='ocrx_word' id='word_1_387' title='bbox 614 3146 659 3180; x_wconf 80' lang='lat' dir='ltr'>v.</span> <span class='ocrx_word' id='word_1_388' title='bbox 706 3130 1039 3193; x_wconf 83' lang='lat' dir='ltr'>irregulariter</span> <span class='ocrx_word' id='word_1_389' title='bbox 1082 3129 1305 3192; x_wconf 84' lang='lat' dir='ltr'>angulato</span> <span class='ocrx_word' id='word_1_390' title='bbox 1359 3129 1581 3186; x_wconf 85' lang='lat' dir='ltr'>alternis,</span> <span class='ocrx_word' id='word_1_391' title='bbox 1636 3127 1870 3176; x_wconf 82' lang='lat' dir='ltr'>interdum</span> <span class='ocrx_word' id='word_1_392' title='bbox 1921 3129 1969 3175; x_wconf 92' lang='lat' dir='ltr'>in</span> 
     </span>
     <span class='ocr_line' id='line_1_48' title="bbox 148 3198 1967 3263; baseline 0.001 -18"><span class='ocrx_word' id='word_1_393' title='bbox 148 3198 372 3262; x_wconf 74' lang='lat' dir='ltr'>petiolum</span> <span class='ocrx_word' id='word_1_394' title='bbox 417 3198 518 3247; x_wconf 85' lang='lat' dir='ltr'>basi</span> <span class='ocrx_word' id='word_1_395' title='bbox 563 3198 826 3258; x_wconf 82' lang='lat' dir='ltr'>dilatatum,</span> <span class='ocrx_word' id='word_1_396' title='bbox 886 3201 1272 3263; x_wconf 81' lang='lat' dir='ltr'>amplexicaulem</span> <span class='ocrx_word' id='word_1_397' title='bbox 1319 3200 1603 3263; x_wconf 85' lang='lat' dir='ltr'>angustatis,</span> <span class='ocrx_word' id='word_1_398' title='bbox 1656 3200 1967 3263; x_wconf 81' lang='lat' dir='ltr'>exstipulatis.</span> 
     </span>
     <span class='ocr_line' id='line_1_49' title="bbox 145 3269 1970 3335; baseline 0.002 -20"><span class='ocrx_word' id='word_1_399' title='bbox 145 3269 319 3316; x_wconf 78' lang='lat' dir='ltr'>Flores</span> <span class='ocrx_word' id='word_1_400' title='bbox 361 3271 593 3332; x_wconf 82' lang='lat' dir='ltr'>perfecti,</span> <span class='ocrx_word' id='word_1_401' title='bbox 642 3272 688 3318; x_wconf 88' lang='lat' dir='ltr'>in</span> <span class='ocrx_word' id='word_1_402' title='bbox 732 3270 1011 3335; x_wconf 84' lang='lat' dir='ltr'>pedunculis</span> <span class='ocrx_word' id='word_1_403' title='bbox 1055 3287 1199 3335; x_wconf 87' lang='lat' dir='ltr'>saepe</span> <span class='ocrx_word' id='word_1_404' title='bbox 1244 3270 1628 3334; x_wconf 72' lang='lat' dir='ltr'>scapiformibus,</span> <span class='ocrx_word' id='word_1_405' title='bbox 1681 3271 1970 3334; x_wconf 61' lang='lat' dir='ltr'>simplicibus</span> 
     </span>
     <span class='ocr_line' id='line_1_50' title="bbox 148 3339 1970 3405; baseline 0.002 -20"><span class='ocrx_word' id='word_1_406' title='bbox 148 3339 246 3386; x_wconf 82' lang='lat' dir='ltr'>sive</span> <span class='ocrx_word' id='word_1_407' title='bbox 293 3341 489 3387; x_wconf 86' lang='lat' dir='ltr'>ramosis</span> <span class='ocrx_word' id='word_1_408' title='bbox 535 3342 726 3405; x_wconf 86' lang='lat' dir='ltr'>spicati,</span> <span class='ocrx_word' id='word_1_409' title='bbox 782 3343 1058 3405; x_wconf 79' lang='lat' dir='ltr'>saepissime</span> <span class='ocrx_word' id='word_1_410' title='bbox 1103 3341 1322 3401; x_wconf 83' lang='lat' dir='ltr'>secundi,</span> <span class='ocrx_word' id='word_1_411' title='bbox 1377 3359 1419 3390; x_wconf 85' lang='lat' dir='ltr'>v,</span> <span class='ocrx_word' id='word_1_412' title='bbox 1467 3341 1745 3405; x_wconf 78' lang='lat' dir='ltr'>paule-alati,</span> <span class='ocrx_word' id='word_1_413' title='bbox 1800 3350 1881 3388; x_wconf 89' lang='lat' dir='ltr'>aut</span> <span class='ocrx_word' id='word_1_414' title='bbox 1924 3344 1970 3394; x_wconf 81' lang='grc'>111</span> 
     </span>
     <span class='ocr_line' id='line_1_51' title="bbox 150 3409 1972 3474; baseline 0.002 -18"><span class='ocrx_word' id='word_1_415' title='bbox 150 3409 399 3473; x_wconf 89' lang='lat' dir='ltr'>capitulum</span> <span class='ocrx_word' id='word_1_416' title='bbox 438 3411 786 3464; x_wconf 76' lang='lat' dir='ltr'>involucratum,</span> <span class='ocrx_word' id='word_1_417' title='bbox 818 3413 1034 3472; x_wconf 81' lang='lat' dir='ltr'>collecti,</span> <span class='ocrx_word' id='word_1_418' title='bbox 1082 3413 1290 3461; x_wconf 86' lang='lat' dir='ltr'>bracteis</span> <span class='ocrx_word' id='word_1_419' title='bbox 1329 3412 1413 3461; x_wconf 93' lang='lat' dir='ltr'>sub</span> <span class='ocrx_word' id='word_1_420' title='bbox 1453 3412 1638 3474; x_wconf 83' lang='lat' dir='ltr'>singulo</span> <span class='ocrx_word' id='word_1_421' title='bbox 1676 3413 1794 3460; x_wconf 88' lang='lat' dir='ltr'>flore</span> <span class='ocrx_word' id='word_1_422' title='bbox 1823 3414 1972 3460; x_wconf 86' lang='lat' dir='ltr'>ternis</span> 
     </span>
     <span class='ocr_line' id='line_1_52' title="bbox 151 3481 1968 3549; baseline 0.003 -23"><span class='ocrx_word' id='word_1_423' title='bbox 151 3488 230 3541; x_wconf 85' lang='lat' dir='ltr'>aut</span> <span class='ocrx_word' id='word_1_424' title='bbox 259 3481 411 3530; x_wconf 88' lang='lat' dir='ltr'>rarius</span> <span class='ocrx_word' id='word_1_425' title='bbox 443 3481 590 3542; x_wconf 77' lang='lat' dir='ltr'>binis,</span> <span class='ocrx_word' id='word_1_426' title='bbox 619 3483 892 3549; x_wconf 80' lang='lat' dir='ltr'>plerumque</span> <span class='ocrx_word' id='word_1_427' title='bbox 925 3485 1166 3534; x_wconf 84' lang='lat' dir='ltr'>scariosis.</span> <span class='ocrx_word' id='word_1_428' title='bbox 1210 3484 1368 3547; x_wconf 60' lang='grc' dir='ltr'>θαῖμα·</span> <span class='ocrx_word' id='word_1_429' title='bbox 1397 3483 1678 3548; x_wconf 83' lang='lat' dir='ltr'>persistens,</span> <span class='ocrx_word' id='word_1_430' title='bbox 1714 3483 1968 3542; x_wconf 82' lang='grc'>1011010303,</span> 
     </span>
    </p>
   </div>
  </div>
 </body>
</html>
