2147 3756
1029 117 1151 167 456

184 295 344 340 patent3
379 290 608 339 Adonides,
647 290 974 339 Ceratocephali,
1011 289 1230 338 Eranthis,
1269 288 1494 337 Hellebori,
1531 291 1723 340 [somn-a,
1755 290 1999 339 Garidellae,

184 351 392 397 Nigellae,
423 348 721 391 Actinosporae
750 353 787 383 et
808 348 1013 383 Paeoniae
1039 347 1167 383 veteri
1198 346 1304 393 orbi,
1336 345 1684 395 Cyrtorhynchae,
1715 348 2001 394 Hydrastides,

182 407 402 453 casaleae,
428 404 646 451 Enemion,
672 404 1009 449 Trautvetteriae,
1034 403 1299 446 Botrophides
1317 402 1706 450 etXanthorrhizae,
1734 404 1897 440 totidem
1915 403 2000 440 fere

187 462 407 507 generibus
424 461 677 505 gerontogeis
695 469 744 495 ex
761 459 917 495 amussi
934 460 1243 506 respondentes,
1267 458 1308 494 in
1324 467 1427 494 novo
1444 461 1538 495 orbe
1554 459 1757 506 habitant3
1786 461 2002 496 Knowlto-

183 520 282 556 niae
310 519 354 555 in
377 518 519 561 Capite
544 519 672 552 bonae
694 516 803 560 spei,
834 516 1144 557 Hamadryades
1175 517 1213 550 et
1235 516 1582 557 Aphanostemma
1610 515 1653 551 in
1673 516 1866 552 America
1887 520 2003 552 trans

184 575 464 619 capricornum
486 572 691 619 habitant,
723 571 883 614 reliqua
904 579 1056 617 genera
1077 580 1150 616 per
1171 579 1327 608 omnem
1349 570 1675 615 hemisphaeram
1697 574 1901 609 borealem
1916 571 2003 609 dis-

181 635 335 677 puncta
350 633 457 668 sunt.

327 691 686 746 Qualitates
710 700 749 733 et
769 703 937 738 usus.
994 698 1338 735 Ranunculaceae
1368 696 1452 734 fere
1482 706 1620 734 omnes
1643 705 1760 734 acres
1784 699 1880 734 sunt
1904 699 2002 735 sub-

182 761 433 801 venenatae,
464 755 686 790 innumeris
704 757 834 790 tamen
850 754 1014 791 virtutis
1029 754 1236 799 gradibus.
1280 754 1554 801 Principium,
1589 754 1655 790 cui
1671 753 1858 790 virtutem
1874 753 2003 797 pluri-

184 823 277 851 mae
294 815 459 858 debent,
489 810 674 846 volatilis
691 819 784 847 esse
807 814 980 847 naturae
1003 814 1191 858 apparet,
1223 820 1315 847 cum
1336 811 1376 846 in
1401 810 1536 847 herbis
1559 813 1597 846 et
1622 810 1748 846 coctis
1769 813 1809 845 et
1831 809 2003 847 siccatis

185 872 426 913 evanescam
457 867 499 902 in
523 867 668 909 paucis
692 871 825 903 autem
848 868 913 904 vis
935 867 1210 903 vehementior
1224 871 1262 904 et
1278 867 1467 911 pertinax
1482 875 1507 903 a
1523 862 1755 904 substantia
1771 865 2009 902 alkaloidea

182 927 345 970 pendet.
401 922 578 960 Radices
600 923 858 970 perennium,
890 928 1049 968 praeter
1064 924 1270 960 materiem
1286 933 1441 970 acrem,
1473 923 1717 966 principium
1734 923 2005 958 extractivum

185 990 388 1027 amarum,
418 979 537 1016 varia
560 988 651 1016 cum
675 980 920 1016 substantiis
944 980 1163 1026 resinosis,
1196 980 1343 1023 quibus
1359 980 1401 1015 in
1416 979 1627 1015 nonnullis
1645 979 1724 1015 olei
1739 978 1919 1015 aetherei
1934 987 2005 1014 ac-

185 1038 292 1074 cedit
314 1036 465 1084 portio,
496 1035 667 1072 miscela
690 1035 917 1084 continent,
948 1037 1099 1072 virtute
1123 1039 1358 1080 plerumque
1383 1036 1586 1071 drasticae
1609 1039 1646 1071 et
1665 1035 1872 1071 emeticae.
1929 1035 2004 1070 Se-

185 1095 298 1132 mina
321 1092 455 1140 acria,
486 1095 772 1131 nonnullarum
796 1096 957 1137 praeter
979 1095 1111 1129 oleum
1134 1095 1366 1129 aethereum
1389 1092 1511 1128 etiam
1527 1091 1798 1129 substantiam
1813 1091 2003 1136 pinguem

185 1149 390 1197 gerentia,
423 1148 644 1185 aromatica
658 1152 766 1186 sunt.

328 1221 739 1256 Ranunculacearum
757 1218 1021 1263 complurium
1037 1220 1203 1255 herbam
1219 1221 1420 1255 recentem
1435 1217 1540 1254 inter
1556 1218 1732 1254 remedia
1747 1216 2006 1253 rubefacien-

187 1276 248 1314 tia
270 1278 307 1313 et
329 1276 559 1312 vesicantia
583 1285 608 1312 a
630 1276 800 1313 medicis
825 1276 921 1312 olim
944 1275 1187 1322 adhibitam,
1218 1275 1433 1311 hodiedum
1455 1284 1480 1310 a
1496 1278 1613 1319 plebe
1631 1274 1819 1318 usurpari
1835 1276 2005 1310 constat.

186 1336 297 1370 Inter
319 1337 521 1369 nostrates
546 1342 598 1368 ex
620 1332 790 1368 istarum
813 1342 978 1368 numero
1005 1329 1207 1367 clematis
1230 1334 1376 1366 erecta
1398 1330 1517 1367 Linn.
1542 1330 1701 1374 (Herba
1718 1329 1956 1367 Clematidis
1973 1339 2005 1365 s.

184 1391 441 1427 Flammulae
471 1387 631 1435 Jovis],
660 1392 699 1424 et
725 1387 925 1423 Clementis
954 1385 1129 1422 Vitalba
1151 1390 1198 1424 L.
1231 1387 1393 1430 (Herba
1415 1391 1454 1423 et
1476 1388 1634 1430 stipites
1659 1386 1894 1425 Clematidis
1918 1387 2007 1429 syl-

184 1444 361 1488 vestris]
392 1444 663 1481 nominandae
692 1448 807 1491 sunt,
841 1444 988 1487 quibus
1018 1444 1141 1480 etiam
1170 1445 1277 1480 inter
1299 1444 1478 1480 remedia
1501 1443 1782 1479 venementius
1806 1443 1920 1479 acria
1941 1441 2007 1478 in-

185 1505 326 1539 ternus
343 1511 445 1537 usus
463 1509 488 1536 a
503 1501 712 1537 nonnullis
728 1501 973 1537 conceditur.
2021 1540 2023 1542 μ

332 1555 578 1592 Clematidis
595 1553 945 1593 cirrhosaeLinn.
966 1553 1281 1606 (κληματῖτις),
1303 1555 1346 1592 in
1361 1556 1657 1593 mediterranea
1679 1563 1751 1591 ora
1772 1553 2008 1602 crescentis,

185 1623 292 1653 usus
309 1614 352 1650 in
367 1616 502 1661 lepra,
527 1613 696 1650 seminis
714 1615 764 1650 ad
789 1615 1042 1659 purgandam
1066 1617 1202 1650 alvum
1222 1614 1309 1656 jam
1331 1613 1536 1649 veteribus
1560 1611 1759 1660 cognitus.
1807 1609 2010 1646 Clematis

188 1672 333 1716 crispa
348 1670 467 1706 Linn.
484 1670 920 1706 boreali-americanis
937 1670 1173 1710 Clematidis
1190 1674 1348 1706 erectae
1362 1672 1452 1705 loco
1469 1673 1542 1706 est.
1583 1667 1724 1703 clema
1732 1665 1829 1704 tz'dis
1844 1666 2008 1703 mauri-

189 1729 337 1764 tianae
352 1728 466 1762 Lam.
483 1726 594 1763 foliis
610 1727 848 1770 Madegassi
865 1727 1155 1764 Cantharidum
1169 1729 1258 1762 loco
1274 1729 1452 1762 utuntur.

330 1781 578 1818 Rammculi
597 1786 846 1830 complures,
879 1792 1046 1826 quorum
1061 1783 1249 1833 nonnulli
1263 1791 1515 1825 summopere
1531 1781 1728 1829 caustici,
1758 1779 2013 1823 frequentius

187 1840 299 1886 plebi
329 1842 381 1876 ad
404 1840 645 1876 excitandas
669 1840 712 1875 in
735 1843 826 1875 cute
848 1839 1010 1876 vesicas
1033 1839 1276 1875 inserviunt.
1335 1836 1583 1872 Raraunculi
1603 1836 1771 1884 Lingua
1793 1837 1913 1873 Linn.
1937 1834 2010 1879 (R.

188 1897 364 1934 flammei
388 1896 556 1939 majoris
580 1895 739 1943 Νῆα),
771 1893 1018 1930 Βαηιιηεαῖὶ
1039 1892 1277 1929 Flammula
1299 1895 1419 1931 Linn.
1445 1893 1605 1937 (Herba
1627 1895 1881 1931 Flammulae
1903 1902 1936 1929 s.
1960 1894 2009 1928 R.

190 1953 365 1991 flammei
388 1952 519 1999 Offic.,
549 1946 796 2003 χελιὸρόνια
816 1951 1008 1999 Neogr.),
1040 1949 1289 1986 Rammculi
1307 1949 1640 1987 sceleratiLinn.
1666 1949 1738 1993 [R.
1755 1948 1952 1993 palustris
1970 1957 2010 1984 v.

191 2009 374 2053 aquatici
396 2009 553 2054 Νῆα),
583 2006 830 2043 Βαηιιηοιιῖι·
849 2007 968 2043 acris
991 2008 1111 2044 Linn.
1137 2006 1208 2051 (R.
1226 2008 1432 2051 pratensis
1455 2017 1489 2043 s.
1513 2007 1623 2043 acris
1640 2006 1800 2052 Νῆα),
1831 2003 2013 2039 Ramm-

190 2063 455 2101 culz'lmlbosz‘
474 2065 618 2113 Linn.,
654 2059 1103 2100 Rccnuncul2·arvens'2·s
1118 2064 1261 2110 Linn.,
1293 2061 1888 2098 Rammculz·muricatiLinn.
1905 2060 2013 2097 alia-

190 2131 360 2165 rumque
389 2121 616 2165 specierum
645 2121 725 2157 iste
755 2121 954 2165 imprimis
984 2130 1086 2157 usus
1117 2124 1198 2168 est,
1229 2128 1323 2156 nam
1354 2120 1421 2162 qui
1455 2119 1550 2155 olim
1574 2120 1618 2155 in
1638 2119 1883 2155 medicorum
1906 2124 2014 2161 penu

191 2182 328 2224 erant,
359 2178 434 2214 vix
456 2177 633 2220 amplius
657 2178 911 2214 adhibentur.
969 2174 1266 2211 Rammculnm
1282 2174 1537 2211 sceleratum
1555 2176 1674 2211 Linn.
1690 2175 1796 2210 inter
1809 2177 2014 2209 nostrates

189 2234 532 2271 venenatisimum
550 2234 806 2280 crediderim,
839 2236 999 2276 praeter
1018 2225 1310 2267 Ranunculu‘m
1332 2229 1518 2265 Thoram
1534 2232 1651 2267 Linn.
1665 2258 1675 2276 ,
1699 2233 1880 2274 plantam
1905 2229 2014 2272 alpi-

193 2299 359 2338 genarn,
390 2289 539 2326 veneni
563 2289 761 2326 dirissimi
785 2289 897 2325 fama
920 2291 1213 2335 percelebrem,
1244 2289 1340 2324 licet
1363 2290 1414 2324 ad
1437 2290 1566 2335 hanc,
1597 2296 1701 2330 quae
1724 2287 1832 2329 apud
1854 2289 2014 2321 veteres

194 2349 244 2383 de
265 2347 439 2383 Aconito
468 2346 511 2382 in
542 2345 697 2382 fabulis
726 2343 947 2393 habentur,
978 2345 1174 2381 trahenda
1203 2346 1312 2381 haud
1335 2345 1568 2380 concedam.
1626 2344 1694 2379 Ad
1718 2339 2013 2378 Ranunculum

194 2401 452 2440 sceleratum
474 2403 614 2449 redeo,
645 2404 824 2445 plantam
846 2401 889 2437 in
912 2401 1035 2437 fossis
1055 2401 1242 2444 locisque
1262 2400 1476 2444 paludosis
1493 2399 1648 2443 passim
1664 2400 1847 2446 obviam,
1878 2399 2015 2433 etlate

191 2469 267 2504 per
282 2462 479 2495 terrarum
495 2461 627 2494 orbem
644 2459 917 2505 divulgatam,
950 2459 1070 2501 cujus
1092 2457 1346 2501 aliarumque
1362 2457 1558 2493 similium
1575 2455 1798 2499 specierum
1813 2461 2016 2490 venenum

193 2514 482 2560 sagacissimis
513 2515 801 2559 experimentis
831 2514 1086 2558 periclitatus
1116 2517 1179 2550 est
1206 2514 1273 2549 vir
1302 2522 1469 2549 avorum
1498 2512 1693 2548 memoria
1719 2512 1829 2555 apud
1858 2510 2015 2547 Vindo-

192 2575 398 2609 bonenses
423 2573 560 2607 clarus
583 2572 756 2608 Carolus
772 2571 983 2618 Krapfius,
1013 2579 1085 2614 pro
1102 2569 1275 2606 scientia
1290 2569 1583 2611 imperterritus
1599 2568 1713 2604 mori.
1770 2569 1907 2603 Herba
1924 2565 2016 2602 diu·-

194 2629 278 2665 tius
311 2631 426 2664 cocta
455 2627 595 2664 insons
626 2631 707 2675 est,
739 2630 777 2663 et
806 2635 831 2664 a
855 2627 1098 2670 quibusdam
1121 2635 1211 2662 cum
1234 2626 1413 2662 oleribus
1437 2626 1671 2661 comeditur.
1727 2625 1792 2660 Ex
1815 2631 1923 2666 aqua
1944 2623 2016 2657 de-

195 2685 358 2722 stillata
391 2684 514 2727 liujus
553 2683 807 2727 aliarumque
842 2683 1070 2727 specierum
1108 2682 1342 2719 substantia
1377 2681 1621 2726 crystallina
1657 2681 1868 2717 admodum
1906 2677 2016 2714 acris

196 2740 436 2778 secernitur.
496 2738 775 2775 Rammculus
791 2748 939 2786 repens
961 2739 1080 2776 Linn.
1104 2737 1175 2782 [R.
1194 2739 1326 2774 dulcis
1344 2737 1481 2781 offic.)
1506 2741 1638 2774 autem
1654 2736 1783 2771 omnis
1799 2736 1883 2771 fere
1898 2742 2017 2769 acre-

198 2797 308 2833 dinis
334 2806 480 2840 expers
503 2800 586 2843 est,
618 2800 656 2833 et
680 2796 1009 2839 frequentissime
1026 2795 1131 2831 citra
1144 2804 1295 2831 noxam
1310 2795 1352 2830 in
1364 2793 1545 2837 jusculis
1559 2793 1784 2829 adhibetur.
1839 2791 1949 2826 Idem
1967 2790 2016 2825 de

200 2851 447 2888 elementiciis
471 2849 734 2888 mammulae
750 2855 817 2900 L.,
847 2855 1014 2897 plantae
1035 2852 1078 2887 in
1099 2853 1288 2895 Europae
1311 2849 1571 2887 australioris
1592 2848 1760 2891 sepibus
1782 2847 1946 2893 obviae,
1977 2847 2019 2882 et

198 2910 305 2946 inter
328 2909 549 2946 acerrimas
575 2911 869 2956 numerandae,
902 2908 1129 2945 turionibus
1149 2907 1378 2954 perhibent,
1410 2914 1510 2948 quos
1527 2905 1701 2940 innocue
1717 2905 1808 2939 cum
1825 2902 2016 2939 edulibus

197 2966 305 3004 sumi
334 2968 538 3002 asserunt.
594 2962 816 2999 Fit-ariam
846 2961 1187 3010 ranuncoloe'dem
1215 2962 1336 2998 Linn.
1374 2959 1688 3004 (Chelidonium
1716 2959 1852 2996 minus
1882 2958 2016 3006 Νῆα,

197 3016 434 3068 χελιδόνιον
456 3014 606 3070 μικρόν
627 3021 786 3068 Diosc.,
816 3021 934 3056 hodie
956 3012 1278 3069 σφουρὸακύλα,
1310 3010 1650 3069 ζοχάδοχορτον)
1675 3018 1858 3060 plantam
1879 3014 2018 3060 vulgi-³

198 3087 348 3122 vagam
377 3080 444 3114 sat
472 3085 606 3113 acrem
627 3076 764 3124 nasci,
795 3077 958 3112 tandem
980 3079 1099 3111 aucto
1121 3075 1165 3110 in
1187 3074 1300 3110 foliis
1322 3083 1439 3110 muco
1463 3078 1502 3110 et
1526 3074 1707 3120 salibus,
1738 3073 1782 3108 in
1806 3070 2018 3108 radicibus

200 3135 324 3172 etiam
352 3136 507 3181 amylo,
537 3133 752 3169 mitescere
772 3125 944 3169 consta‘t.
1004 3128 1282 3166 Ranunculus
1298 3128 1499 3176 alpestris
1515 3129 1634 3165 Linn.
1651 3128 1761 3165 acris
1777 3131 1859 3174 est,
1891 3130 2017 3164 etve-

201 3191 315 3234 sicas
336 3190 378 3226 in
402 3194 495 3226 cute
518 3189 627 3226 ducit
650 3192 689 3225 et·
711 3191 850 3225 alvum
871 3191 1025 3234 movet,
1055 3190 1163 3223 hunc
1185 3190 1319 3222 tamen
1340 3190 1553 3223 venatores
1570 3185 1700 3229 alpini
1714 3184 1933 3221 masticare
1948 3192 2016 3221 so-

201 3249 308 3295 lent,
340 3250 385 3283 ut
407 3256 453 3283 se
476 3255 502 3282 a
526 3245 726 3290 vertigine
749 3245 988 3292 defendant,
1019 3246 1058 3279 et
1072 3244 1183 3280 vires
1199 3242 1438 3279 refocillent.
1500 3239 1658 3277 Caltlea
1671 3238 1881 3287 palustris
1897 3237 2015 3275 Linn.

203 3301 438 3348 [Populago
455 3300 594 3346 Νῆα)
611 3302 795 3347 vulgaris
811 3300 979 3338 notitiae
994 3302 1133 3343 planta
1151 3303 1231 3346 est,
1263 3309 1338 3335 nec
1354 3299 1585 3336 insontibus
1601 3297 1870 3334 accensenda.
1921 3295 2016 3331 Flo-

204 3368 270 3394 res
298 3359 475 3395 nondum
505 3358 679 3403 expansi
708 3362 748 3395 et
777 3360 891 3394 aceto
919 3356 1070 3393 conditi
1098 3356 1173 3392 vix
1199 3356 1290 3393 sine
1325 3356 1505 3399 periculo
1529 3353 1771 3398 Capparidis
1793 3350 2017 3388 alabastris

204 3415 518 3451 substituuntur.
575 3414 808 3451 Ranunculi
830 3422 946 3450 acres
963 3416 1014 3450 ab
1031 3411 1212 3455 antiquis
1229 3413 1427 3448 adversus
1444 3412 1646 3456 scabiem,
1676 3417 1893 3454 verrucas,
1923 3415 2018 3450 per-

204 3470 348 3508 niones
363 3475 483 3516 atque
498 3471 776 3509 carcinomata
791 3470 980 3522 adhibiti,
1003 3470 1058 3508 ad
1074 3466 1368 3506 Ranmeculum
1384 3466 1676 3516 lanuginosum
1690 3465 1809 3503 Linn.
1827 3462 2016 3513 (σπουρ-
