2147 3756
940 163 1058 241 685

200 337 323 375 6832.
356 338 518 374 Entada
536 333 692 372 Adam.
830 333 835 337 “
1137 337 1260 373 6836.
1292 335 1427 381 Zygia
1444 335 1492 373 P.
1515 336 1588 372 Br.

413 386 653 429 Gigfllssbium
673 386 716 421 P·
737 386 804 425 BF·
996 392 999 394 ’
1136 394 1257 431 6837.
1289 396 1390 437 Iuga
1411 393 1543 430 Plane.

411 437 628 471 l’ursaettm
646 436 759 470 Lian.
1348 443 1488 475 Amo„
1504 442 1617 477 Nec-12

200 494 323 530 6833.
358 496 599 540 Gagnebina
619 490 748 531 Nec-k,
1191 505 1228 527 n.
1256 491 1626 537 Str-yphnmlemlron
1644 493 1768 527 Mart.

199 552 323 588 6034,
357 553 520 589 Angeia
539 549 664 587 Neck,
848 590 852 593 ὓ
914 575 915 578 ,
1191 544 1226 578 ὁ.
1252 543 1400 584 Euinga
1418 542 1531 577 Endl.

256 614 293 634 a.
319 600 605 644 Rinacosperma
621 600 747 634 stlart.
1348 591 1440 634 luga
1458 591 1581 625 Mart.

253 649 286 683 b.
314 648 504 684 Eu'acacia
522 649 646 684 ,tlara
1192 653 1223 676 c.
1250 640 1556 676 Pitheeol‹·binn1
1575 640 1689 676 Eucti.

199 704 323 745 6835.
354 709 556 746 Vachelia
584 704 725 753 H'o'ghe
744 710 779 742 et
800 701 903 743 Arn.
1194 693 1228 726 d·
1256 691 1545 726 Enterolobium
1563 691 1676 726 End&

409 757 597 792 Farnesia
619 755 835 801 Gaspan'n.
1137 749 1263 786 6838.
1292 751 1491 787 Affonsea
1509 747 1569 785 St.
1589 747 1679 784 Hil.

230 857 555 903 Affinitas.
610 865 713 900 Ordo
730 862 898 899 floribus
915 860 1197 911 regularibus,
1223 864 1442 900 staminum
1461 873 1626 900 numero
1642 866 1680 900 et
1696 865 1914 901 eorundem

83 921 326 967 insertione,
356 930 432 958 nec
455 931 535 957 non
560 923 714 957 corolla
736 929 862 963 saepe
887 922 1167 966 gamopetala,
1200 921 1472 957 aestivatione
1494 920 1664 956 valvat'a
1689 930 1714 958 a
1731 921 1914 965 Papilio-

83 978 246 1025 naceis,
281 977 393 1014 foliis
424 978 651 1021 bipinnatis
674 981 709 1013 et
734 979 952 1020 embryone
977 981 1084 1013 recto
1108 986 1133 1013 a
1156 979 1403 1014 Swartzieis
1433 978 1632 1014 facillime
1656 978 1915 1023 distinguen-

83 1037 180 1081 duS,
199 1036 402 1071 mediante
418 1036 765 1082 Erythrophlaeo,
783 1043 931 1079 genere
947 1034 1019 1070 vix
1037 1044 1058 1070 e
1073 1035 1254 1071 ParKiae
1271 1035 1467 1072 affinitate
1485 1036 1746 1084 removendo,
1766 1035 1916 1072 arctis-

85 1092 188 1129 sime
204 1093 254 1128 ad
272 1091 488 1128 Detarieas
506 1092 678 1128 accedit.
786 1100 789 1101 ⁷

227 1171 657 1228 Geographia·
695 1176 942 1213 ,Mimoseae
966 1175 1008 1212 in
1033 1175 1270 1221 regionibus
1294 1176 1463 1221 tropicis
1487 1177 1698 1225 copiosae,
1730 1178 1772 1213 in
1791 1179 1915 1222 plaga

84 1235 322 1278 subtropica
345 1234 655 1277 hemisphaerae
679 1234 856 1270 borealis
882 1242 1020 1281 rarae,
1053 1234 1209 1277 ingenti
1234 1244 1397 1270 numero
1416 1239 1527 1270 trans
1547 1235 1827 1278 capricornum
1847 1244 1916 1278 per

83 1302 241 1328 omnem
265 1294 402 1327 Novae
426 1291 671 1327 Hollandiae
701 1300 812 1327 oram
844 1291 1017 1326 diffusae
1043 1291 1312 1333 reperiuntur.
1371 1291 1538 1326 Praeter
1562 1294 1716 1327 Novam
1741 1293 1916 1327 Hollan-

85 1348 215 1393 diam,
248 1350 366 1391 cujus
390 1349 590 1384 Mimosae
612 1348 684 1382 vix
708 1357 788 1383 non
812 1357 952 1383 omnes
975 1349 1026 1383 ad
1049 1347 1230 1384 Acaciae
1255 1357 1403 1393 genus,
1437 1352 1474 1383 et
1498 1348 1698 1390 imprimis
1723 1350 1775 1384 ad
1799 1349 1912 1384 illam

83 1406 246 1450 generis
277 1406 500 1441 sectionem
532 1405 782 1451 referuntur,
815 1413 918 1447 quae
953 1405 1119 1447 petiolis
1150 1405 1426 1447 phyllodineis
1457 1405 1557 1440 mire
1582 1404 1914 1448 multiformibus,

83 1462 270 1507 vulgaris
287 1462 328 1498 in
346 1462 556 1497 viridariis
574 1462 724 1497 nostris
741 1462 910 1497 notitiae
928 1464 1010 1507 est,
1036 1462 1231 1497 America
1248 1461 1401 1505 tropica
1419 1461 1649 1504 specierum
1666 1466 1726 1497 est
1744 1462 1915 1498 feracis-

82 1519 202 1556 sima.
261 1520 479 1555 Americae
510 1519 801 1554 Mimosearum
832 1518 1148 1562 populositatem
1178 1518 1327 1554 Africa
1357 1520 1608 1567 aemulatur,
1648 1518 1917 1555 asiaticarum

84 1575 356 1620 frequentiam
373 1578 494 1620 longo
513 1580 602 1619 post
618 1585 663 1611 se
680 1575 898 1611 intervallo
915 1575 1166 1619 relinquens.

230 1654 594 1708 Qualitates
619 1663 656 1696 et
679 1666 848 1699 usus.
908 1661 1201 1697 Mimosearum
1233 1660 1454 1703 qualitates
1486 1661 1590 1703 quod
1624 1659 1787 1707 attinet,
1820 1659 1916 1695 illas

82 1719 283 1763 imprimis
314 1728 365 1754 ex
389 1719 503 1754 acido
528 1718 836 1765 mimotannico‚
869 1728 891 1753 e
913 1718 1159 1754 substantiis
1187 1718 1557 1764 adstringentibus,
1588 1721 1709 1759 atque
1735 1726 1756 1752 e
1780 1715 1917 1753 succis

84 1776 307 1822 gummosis
337 1776 512 1818 pendere
542 1779 681 1810 notum
713 1780 787 1810 est.
847 1775 937 1810 Olei
961 1775 1141 1810 aetherei
1166 1775 1318 1819 exigua
1343 1775 1547 1816 particula
1572 1778 1687 1818 grato
1710 1773 1850 1809 florum
1874 1772 1918 1809 in

83 1833 296 1870 nonnullis
320 1833 441 1868 odore
465 1832 666 1875 proditur,
706 1841 796 1867 cum
819 1832 1030 1868 deterrimo
1056 1824 1258 1867 interdum
1282 1831 1434 1867 radicis
1461 1830 1623 1866 foetore.
1689 1830 1919 1874 Legumina

33 1889 47 1896 ⁸
84 1890 351 1933 complurium
390 1892 562 1932 pulposa
599 1891 745 1924 bonam
784 1889 973 1925 sacchari
1010 1892 1164 1932 partem
1195 1891 1421 1924 concelant.
1489 1886 1752 1923 Substantiae
1783 1895 1916 1934 acres,

84 1947 281 1984 emeticae
313 1949 348 1982 et
382 1949 627 1991 purgantes,
661 1954 764 1988 quas
794 1946 837 1981 in
862 1945 1167 1988 Papilionaceis
1199 1945 1384 1989 pluribus
1415 1944 1712 1992 indicavimuS,
1744 1944 1787 1979 in
1812 1952 1918 1987 pau—

83 2004 343 2040 cissimarum
374 2003 602 2039 seminibus
633 2007 673 2038 et
702 2002 842 2045 radice
872 2003 1065 2041 resident.
1123 2004 1313 2038 Notanda
1343 2003 1466 2038 etiam
1496 2002 1685 2038 foliorum
1709 2001 1753 2038 in
1777 1999 1916 2037 multis

82 2061 355 2098 sensibilitas.
1129 2079 1147 2083 1

225 2141 414 2180 Aeac-iae
435 2141 623 2179 Caeecleu
641 2143 804 2191 Wi11d.,
828 2144 989 2181 arboris
1011 2143 1187 2192 indicae,
1206 2153 1358 2180 succus
1376 2143 1636 2188 adstringens
1654 2143 1836 2180 coctione
1853 2142 1917 2180 in-

82 2202 291 2247 spissatus
318 2205 462 2236 terrae
479 2199 712 2247 japonicae
744 2211 777 2237 s.
803 2200 922 2236 succi
947 2198 1162 2236 Cateckoa
1193 2201 1356 2236 nomine
1387 2202 1429 2236 in
1453 2201 1626 2237 officinis
1652 2205 1724 2237 est.
1784 2198 1919 2247 lagae

83 2269 212 2296 verae
228 2260 374 2295 ufilld.
399 2261 437 2295 et
454 2257 589 2306 Ingae
604 2257 755 2305 unguis
776 2257 878 2294 Cati
891 2259 1037 2303 Willd.
1063 2262 1202 2294 cortex
1217 2258 1322 2294 inter
1338 2258 1673 2294 Americanorum
1693 2258 1918 2293 medicinas

84 2316 558 2360 lonico-adstringentes
588 2320 837 2352 numeratur.
902 2314 1066 2350 Cortex·
1100 2312 1373 2361 adstringens
1403 2313 1669 2349 masiliensis
1700 2319 1738 2350 et
1764 2317 1918 2349 cortex

84 2373 311 2421 Jaremae,
343 2383 473 2416 nuper
488 2385 509 2409 e
526 2373 709 2408 Brasilia
725 2372 877 2408 nostris
893 2372 1069 2409 officinis
1086 2373 1269 2420 advecti,
1294 2381 1347 2408 ex
1364 2370 1473 2419 laga
1490 2370 1776 2410 Barbatimao
1795 2375 1917 2408 Mart.

83 2436 124 2468 et
139 2429 251 2479 laga
268 2430 450 2466 Jarema
466 2433 588 2466 Mart.
607 2431 867 2473 colliguntur.

232 2514 271 2550 V
270 2513 464 2550 acheliae
490 2511 788 2549 Farnesz'anae
810 2514 957 2559 wight
980 2517 1017 2550 et
1042 2516 1163 2559 Arm,
1197 2513 1355 2550 arboris
1383 2523 1435 2550 ex
1451 2513 1625 2550 Antillis
1643 2524 1713 2557 per
1729 2513 1917 2558 regiones

84 2574 304 2611 calidiores
329 2573 452 2608 totius
474 2572 606 2620 orbis,
640 2571 851 2615 ipsamque
875 2580 987 2607 oram
1009 2571 1348 2607 mediterraneam
1370 2575 1642 2618 propagatae,
1674 2573 1802 2606 multa
1823 2573 1919 2609 laus

85 2637 161 2668 est.
219 2630 390 2666 Radicis
408 2633 567 2675 cortex,
602 2629 752 2665 foetore
770 2628 946 2664 alliaceo
963 2628 1121 2672 gravis,
1148 2628 1389 2664 tinctoribus
1411 2633 1447 2664 et
1466 2628 1653 2664 coriariis
1672 2627 1808 2674 utilis,
1832 2635 1920 2663 me-

85 2688 275 2726 dicandis
307 2686 489 2731 balneis,
522 2695 626 2729 quae
658 2686 700 2722 in
732 2685 916 2721 febribus
947 2685 1206 2729 adynamicis
1236 2686 1439 2721 salutaria
1461 2687 1699 2731 creduntur,
1732 2683 1920 2720 adhiberi

84 2749 201 2783 solet.
260 2744 409 2780 cortex
433 2743 600 2778 remedii
622 2742 1088 2787 tonino-adstringentis
1105 2741 1148 2776 in
1165 2743 1324 2777 modum
1341 2746 1480 2778 contra
1499 2742 1685 2777 diversas
1701 2740 1918 2783 passiones

85 2806 320 2846 usurpatur.
380 2801 524 2836 Flores
547 2800 682 2835 odoris
700 2799 853 2845 dulcis,
885 2809 1002 2842 quem
1019 2799 1222 2834 latissime
1239 2803 1456 2844 spargunt,
1490 2798 1698 2834 suavitate
1717 2807 1920 2834 commen-

85 2861 246 2896 dantur.
307 2857 474 2893 Semina
503 2857 630 2892 acria.
690 2854 826 2902 lagae
849 2853 1055 2890 Marthae
1079 2858 1168 2898 Spr.
1200 2856 1410 2899 legumina
1439 2851 1747 2901 (Algarom’lla)
1780 2852 1919 2891 valide

86 2915 403 2960 adstringentia,
435 2916 563 2959 pulpa
592 2921 734 2949 amara
764 2913 916 2959 farcta,
948 2912 1211 2957 tinctoribus,
1245 2912 1392 2954 quibus
1418 2914 1591 2948 colorem
1614 2912 1774 2954 nigrum
1797 2919 1920 2955 prae-.-

86 2977 201 3019 bent,
234 2982 286 3009 ex
310 2971 503 3007 America
527 2972 797 3006 advehuntur.
863 2969 1038 3006 coriarii
1063 2966 1249 3003 Aeac-iae
1273 2967 1475 3002 niloticae
1498 2971 1588 3005 Del.
1611 2968 1818 3013 legumina
1841 2967 1920 3003 im·

86 3035 250 3067 matura
282 3024 534 3071 (Neb-Neb)
570 3037 622 3064 ex
650 3027 798 3063 Africa
827 3030 980 3070 petunt.
1038 3024 1174 3071 lagae
1204 3035 1331 3060 verae
1361 3026 1530 3072 Wi11d.,
1558 3027 1679 3068 juxta
1709 3025 1920 3061 fluminum

85 3088 302 3125 Americae
319 3086 431 3128 ripas
448 3084 693 3130 crescentis,
713 3084 917 3120 fructuum
936 3084 1063 3126 pulpa
1079 3083 1293 3118 dulcedine
1311 3084 1559 3130 demulcens,
1584 3082 1741 3126 largius
1757 3081 1921 3125 ingesta

88 3147 268 3180 Mannae
286 3143 327 3178 in
345 3143 527 3189 modum,
559 3151 638 3177 non
656 3141 747 3177 sine
766 3141 1046 3176 intestinorum
1063 3140 1302 3176 torminibus
1315 3168 1324 3186 ,
1349 3144 1510 3183 purgat.
1568 3137 1772 3184 Prosopz's
1789 3137 1918 3183 spici.-

84 3210 214 3247 gerae
230 3200 375 3235 Willd.
388 3226 398 3243 ,
419 3201 667 3239 arbusculae
687 3198 729 3234 in
745 3198 853 3234 Asia
870 3197 1026 3240 tropica
1041 3196 1285 3242 crescentis,
1303 3197 1512 3240 legumina
1529 3196 1776 3238 Siliquarum
1793 3194 1921 3230 Cerae

86 3257 221 3293 toniae
239 3256 476 3299 qualitatem
494 3258 764 3291 aemulantur.
791 3249 1282 3302 Algarobz‘aejalssr17·ae
1292 3255 1450 3298 Benth.,
1469 3252 1714 3298 (Cashaw),
1731 3252 1774 3287 in
1791 3251 1920 3288 aridis

89 3314 302 3349 Jamaicae
326 3312 484 3355 campis
509 3311 838 3358 frequentissime
860 3310 1105 3356 crescentis,
1137 3311 1599 3355 legumina-tempestate
1616 3309 1730 3345 sicca
1745 3309 1920 3345 innocue

89 3379 114 3406 a
140 3369 362 3413 pecudibus
386 3370 578 3415 eduntur,
612 3373 851 3412 tempestate
867 3368 1060 3412 pluviosa
1076 3366 1286 3403 mortifera
1300 3371 1394 3403 sunt
1407 3394 1417 3413 ,
1449 3366 1675 3402 seminibus
1691 3366 1838 3410 quippe
1855 3365 1921 3400 in—

91 3431 154 3462 tra
185 3428 436 3463 stomachum
467 3425 802 3470 germinationem
833 3425 1146 3469 auspicantibus
1177 3428 1216 3459 et
1246 3423 1602 3460 inflammationem
1632 3425 1796 3459 letalem
1826 3431 1920 3466 pro·

89 3483 345 3519 vocantibus.
379 3482 544 3518 Semina
563 3479 762 3516 Entadae
777 3476 1053 3518 Pursaetltae
1067 3481 1168 3527 DC„
1191 3480 1370 3526 indicae,
1394 3480 1566 3516 emetica
1582 3482 1692 3526 sunt,
1721 3476 1920 3514 Entadae

90 3538 306 3588 Ge‘galobz'i
327 3540 435 3589 DC.,
466 3539 746 3588 americanae,
777 3539 998 3576 alexiteria
1020 3539 1252 3576 creduntur.
1321 3533 1650 3573 Adenanclcerae
1674 3534 1921 3572 Pavom’nae
