2147 3756
1053 140 1170 189 556

207 321 383 368 plurium
409 317 694 362 indigenarum
723 315 873 352 baccas
904 313 948 349 in
977 313 1138 349 deliciis
1168 313 1339 360 habent,
1371 319 1422 348 ex
1451 310 1516 348 bis
1541 307 1740 347 Solanum
1762 312 2014 350 murinarum

206 381 292 416 Ait.
312 379 472 422 [Peppo
487 385 526 410 ν.
543 373 723 416 Peppino
740 373 788 407 de
803 373 846 406 la
861 368 1006 412 tierra)
1031 373 1069 404 et
1093 366 1293 403 solanum
1317 367 1533 414 qm'coense
1555 370 1667 406 Lam.
1693 369 1951 418 [Naranjilas
1967 373 2017 410 de

206 435 347 480 Quito]
365 434 407 469 in
430 431 557 467 hortis
579 432 734 473 colunt,
768 425 917 461 Solam·
930 424 1185 471 nemoy-ensis
1201 427 1305 461 Dun.
1332 424 1486 461 fructus
1504 423 1708 466 (Rocotito
1726 428 1774 461 de
1791 428 2016 472 Mome]1in

204 492 339 536 sylvis
367 492 520 532 legunt.
579 485 852 521 Plurimarum
881 485 1033 518 baccae
1062 481 1226 516 virosae
1256 484 1364 516 sunt.
1423 479 1621 514 Solmmm
1643 480 1806 526 nigrum
1831 484 1950 519 Linn,
1973 485 2014 520 in

205 546 407 586 ruderaiis
425 548 459 580 el
477 543 580 579 locis
605 541 724 576 cultis
741 541 926 581 Europae
950 539 1073 574 totius
1097 538 1283 580 vulgaris
1305 537 1509 584 nascitur,
1540 541 1665 574 herba
1689 538 1898 584 indecora,
1930 540 2016 576 foe-

204 608 287 641 tore
318 609 539 643 nauseosa,
579 606 722 639 sapore
753 597 1063 640 arnam-salsa,
1099 595 1249 629 virtute
1279 595 1496 629 narcotica.
1561 597 1607 630 In
1638 595 1823 629 omnibus
1853 597 2016 637 plantae

202 661 408 705 patlibus,
440 654 635 697 imprimis
668 656 800 687 lamen
831 651 871 686 in
904 651 1035 686 fructu
1066 649 1298 686 substantia
1323 646 1552 685 alcaloidea
1577 648 1821 693 (Salonina)
1850 652 2013 698 residet,

200 718 419 760 crystallos
449 711 695 754 acuformes,
739 711 884 743 breves
925 707 1124 752 formam,
1172 707 1447 741 vehementius
1488 707 1676 751 emetica,
1722 707 1853 742 serius
1893 708 2016 744 etiam

199 774 383 809 effectum
412 767 658 805 narcoticum
679 773 888 800 exserens.
945 764 1069 799 Virus
1094 763 1279 798 omnibus
1302 762 1503 798 naturalis
1528 763 1690 806 generis
1712 764 1925 805 speciebus
1949 764 2014 799 in·-

201 839 294 866 esse
329 825 552 862 verisimile
591 825 673 866 est,
709 821 752 856 in
790 820 998 863 plerisque
1035 819 1143 855 acidi
1180 819 1357 862 alicujus
1395 819 1627 862 praesenlia
1663 822 1729 854 vel
1761 820 1869 855 muci
1899 820 2016 863 copia

199 875 489 928 tempera111111.'
533 881 580 914 In
604 875 754 911 Solam·
768 873 1038 910 Dide-amara
1054 876 1193 922 Linn.,
1225 878 1390 918 plantae
1414 875 1670 923 scandentis,
1694 875 1799 911 inter
1822 877 2015 918 planitie-

198 951 286 978 rum
310 937 550 975 nostratium
579 934 758 977 virgulta
787 942 868 968 non
897 932 1130 977 indecorae,
1170 933 1241 968 sed
1272 932 1421 976 tristis,
1459 932 1667 979 caulibus,
1715 941 1818 975 quae
1848 932 2014 969 ineunte

195 1008 293 1034 vere
323 999 361 1031 et
390 997 582 1038 autumno
613 1000 702 1025 sero
732 990 775 1025 in
805 988 1049 1024 medicorum
1081 998 1200 1023 usum
1232 988 1498 1032 colliguntur,
1530 988 1761 1023 substantia
1784 989 2013 1025 alcaloidea

198 1064 286 1090 cum
309 1049 477 1087 materie
501 1046 700 1091 peculiari
723 1045 882 1088 saporis
906 1044 1023 1079 inilio
1048 1044 1196 1089 amari,
1231 1044 1374 1079 deinde
1399 1040 1551 1088 dulcis,
1584 1045 1772 1080 subacris
1796 1049 1924 1088 nupta
1947 1056 2012 1081 re-

196 1110 361 1154 peritur.
421 1100 571 1139 Solaria·
600 1101 787 1136 tuberose·
807 1101 927 1137 Linn.
953 1100 1115 1144 (Papa)
1140 1101 1294 1135 natalis
1318 1102 1437 1136 sedes
1459 1101 1501 1135 in
1526 1101 1838 1137 Cordillerarum
1864 1111 2012 1144 perua-

195 1175 340 1203 narum
363 1166 401 1199 et
423 1160 667 1198 chilensium
690 1155 995 1205 tractu3‘herba
1016 1159 1066 1192 ab
1092 1156 1389 1198 antiquissimis
1413 1157 1658 1199 temporibus
1681 1159 1764 1192 late
1794 1167 1864 1200 per
1885 1159 2012 1193 Ame-

194 1224 321 1260 ricam
358 1219 648 1255 occidentalem
685 1215 853 1261 diffusa,
899 1213 1088 1249 caulibus
1126 1212 1403 1248 subterraneis
1434 1213 1760 1248 tuberiformibus
1791 1214 2013 1250 immensae

195 1277 400 1316 utilitatis.
452 1275 661 1311 culturam
677 1273 766 1314 ejus
783 1280 853 1314 per
869 1274 1065 1306 terrarum
1082 1272 1215 1305 orbem
1232 1269 1350 1304 hodie
1367 1269 1545 1304 exerceri
1563 1269 1652 1311 quis
1670 1269 1824 1304 nescii?
1868 1270 2012 1306 solani

194 1338 338 1371 tubera
360 1333 496 1375 amylo
520 1329 682 1372 copioso
707 1327 814 1363 foeta
839 1327 1031 1369 optimum
1054 1325 1219 1369 benigni
1242 1325 1420 1361 numinis
1446 1327 1612 1371 donum,
1646 1327 1768 1367 dapes
1799 1330 1917 1370 grata
1947 1327 2012 1362 di-

192 1392 286 1437 vili,
319 1388 488 1434 pauperi
517 1386 651 1430 panis.
670 1402 676 1411 π
706 1385 932 1428 InnommS,
965 1382 1002 1418 si
1033 1383 1220 1417 corticem
1250 1381 1397 1427 demis,
1429 1385 1610 1417 tuberum
1642 1392 1761 1428 usus,
1794 1387 2012 1419 nascentes

195 1445 507 1493 gemmaevirus
523 1441 755 1478 solaninum
774 1439 992 1475 continent.
1049 1439 1187 1473 Herba
1202 1438 1451 1480 Hyoscyami
1465 1438 1653 1473 virtutem
1669 1441 1910 1474 aemulatur.

333 1495 793 1542 Solam‘Pseudoqm‘na
809 1497 866 1530 St.
883 1495 962 1529 Hil.
981 1492 1180 1539 (Quina),
1212 1496 1456 1529 arbusculae
1472 1494 1752 1537 masiliensis,
1782 1499 1920 1531 cortex
1934 1496 2009 1532 aa-

190 1562 351 1598 modum
365 1565 551 1603 amaruS,
583 1553 834 1603 febrifugus,
865 1552 970 1587 inter
987 1551 1218 1587 Cinchonae
1233 1551 1492 1586 succedanea
1505 1554 1751 1587 numeratur.

329 1645 887 1698 *Desfontaineae.
945 1647 1145 1687 Frutz‘ces
1169 1645 1382 1701 pemani,
1414 1659 1508 1687 non
1536 1646 1648 1687 satis
1672 1645 1769 1688 noti
1797 1648 1844 1686 et
1860 1645 2008 1687 affini-

193 1712 307 1754 tatis
335 1712 521 1764 penitus
547 1709 732 1757 dubiae,
763 1705 901 1747 ramis
927 1704 1171 1759 oppositis,
1202 1703 1331 1744 foliis
1361 1704 1609 1757 oppositis,
1644 1703 1901 1757 petiolatis‚
1935 1716 2008 1744 co-

191 1770 380 1818 riaceis,
411 1764 862 1820 spinoso-dentatis,
889 1761 1078 1816 petiolis
1104 1773 1204 1800 cum
1228 1772 1355 1801 ramo
1382 1759 1667 1809 articulatis,
1700 1759 2008 1812 exstipulatis.

191 1829 341 1867 Flores
373 1823 589 1877 perfecti,
619 1820 885 1870 regulares,
924 1817 1146 1858 axillares
1177 1822 1224 1856 et
1255 1816 1544 1867 terminales,
1582 1816 1803 1867 solitarii,
1833 1816 2007 1869 pedun-

193 1883 359 1929 culad,
398 1876 641 1934 pedunculi
678 1873 1020 1916 bibracteolati.
1091 1875 1232 1924 Calyce·
1266 1873 1407 1921 liber,
1447 1873 1872 1927 quinquepartitus,
1907 1885 2006 1926 pei·-

190 1942 384 1987 sistens,
423 1935 604 1977 laciniis
641 1931 936 1981 lanceolatis,
983 1930 1165 1970 erectis.
1241 1931 1436 1968 Coronae
1478 1929 1770 1983 receptaculo
1815 1931 2007 1979 inserta,
2044 1928 2047 1931 ’

188 1995 431 2044 tribulosa,
468 1989 882 2042 subcartilaginea,
912 1987 1020 2027 tubo
1054 1985 1292 2035 coccineo,
1324 1985 1530 2039 calycem
1563 1986 1703 2039 duplo
1736 1993 2006 2038 superante,

188 2063 411 2100 nervoso,
441 2049 598 2088 nervis
623 2059 705 2100 per
727 2044 900 2085 medias
925 2042 1052 2084 limbi
1076 2042 1216 2092 lutei,
1249 2043 1471 2094 patentis,
1501 2042 1770 2095 aequaliter.
1785 2042 2006 2096 quinque-

187 2108 349 2165 partiti
390 2105 581 2146 lacinias
621 2106 805 2151 ovatas,
836 2101 1140 2140 aestuatione
1172 2098 1442 2139 imbricatas
1474 2099 1844 2139 decurrentibus.
1905 2101 2008 2137 Sca-

189 2170 305 2211 mz'mz
329 2164 374 2214 5,
406 2160 613 2202 corollae
634 2159 756 2199 sauci
773 2158 973 2206 inserta,
1004 2155 1214 2208 ejusdem
1237 2155 1420 2194 laciniis
1443 2156 1645 2205 alterna,
1676 2155 1875 2206 inclusa3
1910 2154 2006 2195 fila-

189 2228 346 2262 menta
388 2217 682 2264 brevissima,
728 2213 1044 2265 complanata,
1097 2213 1306 2250 antherae
1341 2211 1645 2261 biloeulares,
1698 2210 2005 2262 lanceolatae,

188 2274 600 2331 longitudinaliter
623 2268 927 2312 dehiscentes.
989 2271 1167 2307 Germen
1189 2267 1458 2320 globosum,
1488 2267 1774 2308 uniloculare
1802 2267 1876 2318 (ἓ),
1910 2272 2003 2308 tro-

185 2331 490 2390 phospermiis
516 2327 818 2382 parietalibus
836 2326 1060 2379 quinque,
1094 2322 1461 2378 septiformibus,
1491 2323 1637 2364 latere
1656 2328 1858 2377 utroque
1877 2336 2002 2377 gem-

186 2391 338 2432 mulas
379 2398 649 2428 numerosas
683 2383 970 2437 gerentibus,
1015 2383 1224 2433 margine
1270 2380 1490 2421 interiore
1536 2381 1684 2422 nudis.
1761 2383 2003 2420 Gemmulae

191 2445 531 2494 horizontales,
561 2447 826 2494 anatropae.
887 2440 1031 2487 Scyllas
1057 2436 1339 2487 terminalis,
1370 2436 1624 2488 filiformis3
1656 2440 1811 2488 stigma
1830 2438 2000 2491 capita·

187 2514 300 2544 tum.
360 2504 508 2540 Bacca
532 2498 746 2553 globosa,
780 2492 1110 2543 unilocularis,
1139 2493 1527 2548 trophospermiis
1552 2494 1871 2547 parietalibus.
1931 2495 2000 2532 Se-

186 2565 301 2600 mina
319 2558 536 2611 plurima,
559 2554 798 2608 angulata,
820 2553 1142 2604 integumento
1163 2550 1399 2600 coriaceo,
1425 2550 1530 2590 hinc
1548 2548 1718 2604 rhaphe
1739 2550 2002 2604 prominula

185 2628 420 2672 percursa.
479 2614 662 2662 Embryo
686 2611 731 2650 in
749 2609 848 2649 basi
864 2607 1112 2647 albuminis
1132 2606 1274 2647 dense
1294 2608 1477 2647 carnosi
1496 2607 1674 2659 copiosi
1693 2619 1835 2661 prope
1851 2604 1998 2646 hilum

183 2673 423 2723 minimus,
451 2668 784 2723 subglobosus,
813 2665 1125 2716 cotyledom'bzcs
1141 2663 1449 2716 brevissimis,
1477 2661 1689 2705 radicula
1705 2675 1877 2705 crassa.

829 2769 1038 2804 Ganos
1085 2773 1352 2804 caucum.

743 2840 867 2876 3875.
896 2837 1186 2875 Desfontainia
1202 2834 1312 2872 Ruz'z
1325 2839 1367 2874 et
1381 2833 1488 2872 Pav.

958 2886 1099 2920 Linkia
1115 2886 1222 2920 Pers.

955 2929 1124 2963 Bevania
1138 2927 1275 2972 Bridg.

322 3001 723 3056 Observatio·
780 3006 899 3045 Folia
912 3006 997 3044 fere
1011 3005 1146 3055 Ilicis,
1177 3005 1390 3043 admodum
1407 3013 1560 3043 amara.

323 3103 773 3152 *Retziaceaffi
831 3102 1030 3140 Frntz'ces
1054 3111 1294 3154 capenses,
1313 3101 1442 3152 foliis
1465 3098 1656 3139 alternis
1679 3110 1721 3140 v,
1744 3098 1994 3140 verticilla-

185 3168 268 3219 tis,
306 3164 549 3212 confertis,
591 3155 1164 3206 lanceolam-linearibus,
1212 3155 1396 3209 rigidis,
1440 3156 1775 3209 integerrimis.
1843 3157 1996 3195 Floras

186 3223 405 3279 perfecti,
434 3218 677 3273 regulares
701 3217 748 3256 in
772 3225 1096 3268 supremorum
1118 3212 1340 3253 foliorum
1365 3212 1519 3252 axillis
1543 3213 1764 3263 solitarii,
1795 3212 1993 3264 sessiles,

183 3280 385 3322 bracteis
422 3275 640 3318 carinatis
678 3274 851 3325 stipati.
931 3272 1072 3320 θαῖμα·
1108 3269 1382 3319 tubulosus,
1431 3269 1771 3324 quinquelidus,
1812 3268 1993 3309 laciniis

184 3335 481 3384 lanceolatis,
506 3330 841 3385 inaequalibus.
888 3329 1061 3365 Corolla
1075 3326 1376 3378 receptaculo
1399 3326 1593 3376 inserta,
1615 3325 1851 3375 tubulosa,
1875 3324 1990 3364 tubo

187 3394 391 3446 calycem
421 3392 562 3442 longe
587 3389 856 3440 superante,
885 3383 1014 3423 limbi
1037 3382 1398 3436 quinquepartiti
1420 3382 1599 3422 laciniis
1621 3381 1863 3429 brevibus,
1895 3380 1991 3420 lan-

186 3449 404 3497 ceolatis,
447 3446 748 3487 aestivatione
783 3439 1058 3489 imbricatis,
1106 3440 1302 3478 Stamina
1332 3439 1379 3490 5,
1417 3438 1620 3479 corollae
1649 3437 1770 3478 sauci
1802 3437 1991 3486 inserta,

186 3505 392 3559 ejusdem
417 3502 599 3544 laciniis
624 3499 820 3551 alterna3
840 3497 1082 3549 filamencis
1104 3495 1410 3548 brevissimis,
1443 3496 1636 3535 ant-heris
1660 3493 1992 3542 munemel-tis,
