2147 3756
991 149 1101 198 421

139 331 227 365 octo
252 326 338 364 dies
356 323 534 369 quotidie
551 324 810 371 effundenda,
841 322 1142 370 calefacienda,
1174 321 1385 364 denuoque
1401 321 1645 356 effundenda
1660 326 1741 366 est,
1776 333 1955 365 coquun-

139 391 223 429 tur,
255 387 292 419 et
317 384 360 418 in
381 382 543 427 lagenis
565 382 710 418 xitreis
734 381 881 425 optime
904 380 1065 418 clausis
1089 381 1320 416 servantur.
1379 378 1512 413 Nuces
1529 377 1660 414 muria
1676 377 1839 414 inlusae
1856 388 1958 414 non-

140 441 264 479 nisia
279 440 449 484 plebejis
468 438 723 475 adhibentur.

280 499 414 532 Nuces
435 495 581 539 majori
604 495 722 539 copia
745 495 928 539 ingestas
952 492 1126 537 pectoris
1144 490 1469 537 oppressionem,
1501 489 1705 527 difficilem
1723 490 1960 533 respiratio-

140 563 251 599 nem,
276 553 476 588 intensam
494 552 626 599 sitim,
653 552 802 595 capitis
819 562 864 595 gr
868 560 919 587 :w
924 551 1099 594 edinem,
1126 547 1423 595 temulentiam,
1442 548 1520 583 imo
1538 546 1723 582 delirium
1743 549 1781 581 et
1797 549 1960 583 letalem

139 610 398 653 apoplexiam
430 610 623 645 inducere
653 613 832 653 constat3
865 609 942 643 imo
967 607 1122 643 arboris
1145 610 1182 641 et
1208 606 1411 641 fruetuum
1433 607 1765 640 coacervatorum
1788 604 1960 639 halitum

139 659 437 709 incauteju'xta
454 667 698 702 cubantibus
716 665 988 709 perniciosum
1007 674 1097 699 esse
1116 662 1260 698 serunt.

280 724 416 760 Etiam
440 723 482 759 in
505 726 631 768 Jawr,
671 724 881 766 Sumam-a,
912 720 1134 763 Bengalia,
1166 718 1316 753 insulis
1338 717 1593 765 Borbonicis,
1624 715 1961 762 mentagrae-caria,

140 790 214 816 nec
235 790 315 816 non
339 780 381 815 in
405 781 647 823 quibusdam
664 778 879 814 Americae
905 777 1087 819 partibus
1113 775 1349 821 Myr-istica,
1383 776 1600 818 Belgarum
1624 774 1721 809 olim
1744 773 1961 819 peculium,

142 838 260 873 hodie
284 837 457 883 colitur,
481 845 557 872 nec
574 838 708 871 tamen
724 834 834 881 pari,
867 834 1000 876 quoad
1015 832 1204 867 virtutem
1220 831 1349 866 macis
1366 836 1403 867 et
1421 831 1558 867 nuclei
1573 839 1793 878 successu,
1818 839 1897 873 quo
1921 829 1964 866 in

143 894 293 930 ditione
309 895 520 929 Randana.

281 950 453 995 mercis,
486 951 536 984 ab
559 946 768 984 Arabibus
793 945 964 989 primum
989 944 1261 990 exercitatae,
1291 943 1525 991 historiffln,
1557 944 1738 980 cruentis
1753 943 1859 980 mter
1874 946 1966 979 Mo-

139 1009 350 1042 lnccarum
374 1005 589 1048 indigenas
612 1003 779 1047 moenis
803 1005 985 1049 plenam,
1017 1003 1095 1036 adx
1099 1010 1267 1036 enarum
1290 1005 1556 1036 mercatorum
1573 1001 1727 1037 crudeli
1743 993 1966 1044 cupiditate

139 1063 289 1106 diram,
321 1063 536 1098 hodiedum
560 1064 606 1096 ob
631 1071 725 1102 sen
729 1069 840 1095 orum
864 1062 1031 1104 sortem
1065 1058 1132 1101 qui
1157 1061 1231 1093 sub
1260 1060 1370 1093 coelo
1388 1057 1601 1104 pestifer-,0
1634 1057 1967 1093 insalubrixictu

139 1090 367 1155 misen-'ime
391 1118 631 1159 sustentati,
664 1118 706 1153 in
729 1120 805 1152 hac
828 1119 968 1152 arbore
992 1115 1162 1150 colenda
1187 1118 1448 1162 exercentur,
1481 1114 1657 1163 tristem,
1688 1114 1885 1150 intactam
1902 1123 1966 1150 re-

139 1176 363 1219 linquimus
377 1205 386 1220 ,
419 1180 628 1211 aeternnm
646 1173 812 1209 humani
829 1171 990 1217 generis
1009 1171 1278 1214 opprobrium.

279 1233 459 1268 Arillum
489 1236 525 1268 et
556 1233 747 1267 nucleum
777 1231 952 1266 aliarum
985 1228 1106 1264 etiam
1136 1228 1385 1276 specierum,
1418 1230 1578 1271 praeter
1609 1227 1809 1271 plurimas
1842 1229 1966 1271 plane

139 1290 291 1326 inertes
303 1317 312 1335 ,
345 1295 413 1326 aut
430 1289 502 1325 vix
518 1288 780 1333 aromaticas,
812 1286 963 1322 virtute
978 1285 1095 1321 nucis
1112 1287 1366 1331 moschatae,
1402 1284 1590 1332 quamvis
1605 1285 1760 1320 minore
1776 1285 1968 1329 gaudere,

139 1347 382 1383 monendum
399 1351 472 1382 est.
518 1348 626 1380 Inter
642 1345 841 1380 asiaticas
857 1340 1087 1388 lllyrz’ste’ea
1105 1341 1253 1386 spuria
1271 1343 1404 1377 Blum.
1423 1340 1502 1384 (Μ.
1520 1340 1794 1385 philippensis
1809 1341 1966 1385 Lam.?‚

141 1406 197 1440 M.
228 1404 466 1439 luzonensis
491 1406 600 1438 Man.
627 1401 821 1445 Blaitc.?]
854 1404 934 1446 est,
966 1400 1008 1435 in
1039 1398 1191 1434 insulis
1216 1398 1466 1441 Philippinis
1496 1397 1709 1445 indigena,
1741 1394 1968 1444 Damghan,

140 1457 358 1506 Danghem
390 1471 423 1496 s.
458 1457 686 1504 &mengono
718 1458 925 1502 indigenis
957 1457 1083 1501 dicta,
1123 1457 1241 1498 cujus
1272 1455 1399 1490 mac-is
1431 1456 1575 1490 durum
1605 1465 1744 1490 semen
1774 1458 1970 1498 obtegens

140 1517 268 1561 primo
290 1518 446 1553 navens
471 1520 552 1562 est,
585 1525 679 1551 mox
701 1518 809 1551 laete
834 1522 1057 1558 purpurea,
1091 1512 1250 1549 semina
1275 1517 1411 1548 autem
1435 1515 1524 1555 post
1539 1512 1639 1547 anni
1655 1511 1837 1555 spatium
1852 1521 1970 1547 omne

140 1583 281 1610 aroma
297 1575 500 1610 amittunt.
560 1574 717 1607 Suc-cus
735 1571 1014 1617 sanguineus,
1047 1569 1319 1605 incisionibus
1343 1579 1366 1605 e
1392 1573 1531 1604 trunco
1555 1570 1681 1611 hujus
1705 1568 1862 1612 speciei
1884 1569 1971 1603 col-

141 1633 293 1677 lectus,
322 1628 530 1677 Sanguine·
543 1626 760 1663 Draconis
778 1627 1053 1664 substituitur.
1086 1624 1341 1672 Mszsrz'stz‘cae
1359 1627 1619 1660 comeneosae
1636 1627 1795 1661 Thunb.
1812 1624 1973 1661 semina

145 1689 253 1730 apud
269 1688 568 1723 Amboinenses
586 1687 779 1722 aromatis
796 1683 1072 1728 aphrodis-iaci
1089 1684 1210 1719 laude
1227 1684 1416 1727 gaudent.
1476 1679 1730 1728 Myristicae
1747 1681 1972 1716 acumina-

144 1747 216 1779 tae
237 1746 351 1780 Lam.
384 1749 423 1780 et
447 1742 700 1789 ,il-misticae
723 1738 1139 1788 veculagascarz'ensis
1161 1742 1276 1776 Lam.
1300 1739 1502 1776 fructibus
1526 1738 1646 1775 nucis
1669 1741 1904 1777 moschatae
1928 1738 1973 1774 in

140 1803 299 1838 modum
317 1800 556 1844 Madegassi
573 1804 752 1836 utuntur.

281 1861 389 1894 Inter
412 1857 670 1894 americanas
687 1855 975 1893 brasilienses:
1007 1852 1239 1901 Myr-istim
1255 1852 1437 1889 Bioniba
1454 1855 1605 1890 Schott.
1624 1851 1824 1897 [Bicuiba
1839 1862 1873 1890 s.
1891 1853 1973 1888 Bo-

141 1915 292 1959 curva]
319 1918 355 1950 et
374 1912 603 1960 Myr-Istica
620 1910 856 1963 officinalis
873 1916 993 1948 Mart.
1018 1911 1217 1955 [Bicniba
1241 1911 1442 1956 redonda]
1468 1911 1670 1954 imprimis
1687 1910 1972 1947 nominandae.

142 1972 303 2008 Arillus
327 1971 497 2007 istarum
523 1971 665 2014 purius
689 1970 937 2007 aromaticus
955 1973 1036 2016 est,
1069 1969 1238 2005 seminis
1256 1977 1396 2005 aroma
1410 1968 1630 2015 modicum,
1663 1967 1804 2010 aliqua
1820 1967 1973 2003 amari-

142 2029 282 2065 tudine
312 2029 646 2064 contaminatum.
705 2028 865 2063 Ambae
889 2027 1049 2070 species
1072 2028 1203 2061 oleum
1228 2025 1400 2072 pingue,
1431 2025 1607 2060 Bicuiba
1630 2024 1752 2060 etiam
1776 2027 1972 2060 substan·-

143 2084 241 2121 tiam
264 2094 421 2121 ceream
445 2088 652 2128 praebent.
711 2082 965 2130 lllyrislicae
985 2080 1122 2117 Otoba
1138 2085 1284 2118 Humb.
1301 2086 1340 2117 et
1355 2084 1499 2125 Bonpl.
1512 2110 1522 2129 ,
1546 2081 1589 2117 in
1606 2081 1841 2117 Columbiae
1857 2090 1974 2117 mon-

85 2179 95 2187 χ
141 2142 252 2179 tibus
276 2142 521 2189 crescentis,
555 2142 711 2178 fructus
737 2142 857 2176 odore
879 2141 1062 2187 ingrato,
1094 2143 1334 2183 penetrante
1365 2141 1532 2182 pollent.
1589 2139 1656 2174 Ex
1685 2138 1805 2174 arillo
1835 2138 1973 2174 albido

141 2204 415 2246 unguentum,
442 2201 643 2235 adversus
668 2199 849 2235 scabiem
867 2197 986 2244 utile,
1014 2201 1172 2240 parant.
1230 2192 1617 2244 Myre'ste‘ccefatua
1634 2196 1719 2231 Sw.
1736 2195 1781 2230 in
1796 2195 1973 2231 Antillis

144 2259 183 2292 et
212 2256 256 2292 in
281 2257 494 2292 Surinamo
527 2254 621 2299 [ubi
644 2258 768 2299 vulgo
794 2251 1164 2289 Moschat-Boom
1188 2253 1329 2297 Belgis
1353 2251 1525 2295 dicitur]
1557 2251 1727 2288 habitat.
1785 2251 1973 2296 Qualitas

143 2314 369 2350 aromatica
386 2314 513 2357 fugax
530 2316 611 2360 est,
629 2322 724 2348 nam
741 2322 812 2355 per
828 2315 916 2347 octo
934 2311 1097 2347 circiter
1115 2312 1201 2346 dies
1219 2309 1353 2346 fructu
1370 2314 1528 2346 maturo
1545 2312 1632 2345 loco
1648 2309 1769 2344 nucis
1783 2311 1975 2344 moscha·

144 2374 210 2406 tae
233 2374 400 2406 utuntur
419 2371 602 2415 incolae,
634 2370 699 2405 his
722 2368 1017 2412 praeterlapsis
1041 2368 1233 2403 virtutem
1256 2367 1405 2402 amittit
1427 2370 1463 2402 et
1487 2366 1598 2402 iners
1615 2366 1763 2402 evadit.
1823 2368 1855 2402 E
1876 2363 1973 2410 Mys-

144 2424 322 2462 re'ste'cae
339 2426 551 2476 sebz'ferae
567 2428 650 2461 Sw.
670 2424 862 2468 (virolae
877 2424 1078 2460 sebiferae
1093 2424 1259 2469 Aubl.]‚
1276 2425 1319 2459 in
1336 2425 1533 2466 Cayenna
1549 2427 1587 2459 et
1604 2423 1767 2458 Guiana
1782 2432 1974 2458 crescen-

144 2483 218 2530 tis,
256 2487 400 2520 nucleo
431 2485 590 2527 oleoso,
628 2491 737 2525 aqua
766 2482 903 2518 calida
932 2481 1163 2517 substantia
1193 2484 1371 2516 sebacea
1399 2483 1635 2525 separatur,
1666 2479 1888 2524 flavicans‚
1920 2481 1974 2515 ad

142 2543 339 2577 candelas
355 2541 512 2576 idonea.
544 2542 702 2575 succus
719 2538 972 2574 rubicundus
989 2541 1028 2573 et
1044 2538 1172 2583 acris,
1192 2537 1261 2580 qui
1277 2547 1329 2573 ex
1343 2537 1475 2572 inciso
1493 2540 1633 2572 trunco
1649 2536 1800 2585 effluit,
1825 2537 1974 2572 adver-

144 2606 217 2634 sus
235 2599 408 2641 aphthas
426 2597 528 2642 oris,
561 2600 599 2631 et
615 2597 657 2631 in
673 2596 859 2632 sistenda
875 2595 1053 2630 dentium
1070 2594 1180 2630 carie
1198 2594 1310 2630 utilis
1325 2593 1571 2637 perhibetur.

285 2650 533 2699 Pyr-rhome
552 2650 750 2699 lingentis
769 2654 916 2698 Blum.,
934 2651 977 2687 in
992 2651 1197 2688 Amboina
1213 2651 1444 2697 indigenae,
1461 2653 1584 2686 rubra
1600 2649 1728 2686 macis
1744 2648 1850 2685 inter
1866 2649 1974 2693 digl-

144 2714 207 2748 tos
239 2711 411 2747 contrita
435 2718 604 2746 mucosa
628 2712 709 2756 est,
742 2709 838 2744 illos
862 2710 1002 2753 rubro,
1035 2708 1156 2750 quasi
1179 2708 1297 2751 igneo
1319 2709 1452 2742 colore
1477 2707 1624 2753 inficit,
1657 2707 1695 2742 si
1719 2710 1854 2742 autem
1877 2708 1974 2742 calx

146 2768 340 2811 addatur,
372 2767 619 2812 pigmentum
637 2768 802 2803 rubrum
820 2768 1004 2810 praebet,
1037 2774 1114 2807 quo
1138 2764 1357 2807 indigenae
1379 2765 1520 2800 dentes
1545 2763 1725 2809 tingunt,
1757 2763 1861 2806 quod
1884 2762 1972 2798 illis

142 2824 461 2869 pulcherrimum
484 2823 663 2870 videtur,
697 2826 735 2858 et
760 2825 870 2858 tanto
894 2822 1028 2864 magis
1051 2824 1293 2869 usurpatur,
1325 2829 1418 2857 cum
1439 2819 1546 2857 inter
1569 2819 1797 2856 fricandum
1813 2820 1974 2856 odorem

145 2881 492 2920 subaromaticum
507 2880 661 2918 mixtae
678 2889 770 2916 cum
787 2878 904 2916 acido
921 2878 1052 2915 macis
1068 2880 1252 2923 spargat.

561 3045 733 3093 ordo
764 3043 1083 3093 CLXXVI.
1155 3008 1557 3090 honaeeae·

286 3160 512 3209 Arbores
547 3178 592 3210 v.
617 3159 859 3225 fi'utz'ces,
884 3160 1055 3209 'odore
1102 3169 1151 3209 et
1193 3176 1362 3225 sapore
1407 3159 1880 3218 aromatico‚,succo
1927 3160 1975 3206 in

148 3231 422 3297 quibusdam
467 3234 583 3280 acri.
655 3235 815 3291 Rami,
861 3233 1121 3297 ramulique
1159 3240 1357 3280 teretes.
1430 3232 1574 3280 Folia
1611 3230 1816 3288 alterna,
1863 3229 1975 3277 sim-

148 3304 312 3368 plicia,
358 3304 688 3366 integerrima,
735 3305 1067 3367 penninervka,
1107 3303 1300 3367 juniora
1344 3301 1679 3366 pubescentia,
1727 3300 1971 3364 petiolata,

148 3375 326 3438 petiole
358 3374 459 3421 basi
489 3375 761 3438 plerumque
793 3375 1068 3433 articulato,
1117 3374 1416 3437 exstipulata.
1489 3374 1662 3421 Flores
1690 3372 1896 3437 persecti
1926 3389 1973 3420 v.

151 3446 303 3493 rarius
348 3445 516 3493 abortu
570 3445 858 3509 imperfecti,
920 3446 967 3493 in
1019 3443 1296 3509 pedunculis
1348 3444 1624 3508 plerumque
1677 3442 1970 3502 axillaribus,

150 3517 301 3565 rarius
349 3515 619 3565 lateralibus
665 3533 707 3565 v.
748 3517 1113 3584 oppositifoliis,
1171 3516 1285 3567 folio
1330 3515 1628 3566 brevioribus
1675 3515 1875 3563 solitarii
1921 3531 1968 3564 v.
