2147 3756
915 125 1038 176 659

65 302 235 347 populos
263 299 478 338 hodiedum
508 300 680 348 obtinet,
710 299 780 345 qui
808 300 1032 345 spirituoso
1059 298 1173 345 potui
1203 309 1226 336 e
1247 297 1412 343 petiolis
1436 300 1625 339 Heraclei
1649 303 1893 349 sphondylii

67 363 208 402 parato
247 359 403 400 aliquid
434 359 618 394 sedantis
650 363 689 395 et
718 358 985 395 demulcentis
1016 356 1216 402 addituri,
1253 358 1474 393 medullam
1506 360 1683 395 caulium
1713 361 1893 405 Epilobii

65 417 208 461 hujus,
227 424 331 457 quae
347 414 452 450 inter
468 415 667 458 cupedias
682 423 820 450 earum
838 415 1016 460 gentium
1032 417 1166 450 locum
1184 422 1262 449 non
1280 413 1458 450 infimum
1476 416 1647 463 obtinet,
1666 417 1729 452 illi
1749 423 1892 454 temeto

65 472 303 508 admiscent.
369 471 503 507 Etiam
535 472 577 506 in
607 471 757 507 suecia
786 473 908 515 hujus
940 473 1107 514 plantae
1139 470 1319 506 turinnes
1349 471 1622 506 comeduntur.
1687 475 1894 512 seminum

63 529 216 572 lanugo
240 528 282 563 in
306 527 373 563 fila
397 529 571 564 ducitur.
641 526 849 562 Circaeae
872 527 1001 572 (quae
1025 527 1187 570 quidem
1210 536 1237 564 a
1257 531 1438 564 veterum
1462 523 1632 578 κιρκαίᾳ
1653 530 1895 575 longissiine

65 585 216 630 distat]
235 584 335 620 folia
351 586 550 621 adversus
569 586 857 628 condylomata
873 586 1106 621 laudantur.

212 638 454 676 Oenothera
471 640 630 676 biennis
641 641 778 689 Linn.,
796 641 982 677 ducentis
998 644 1048 677 ab
1065 641 1161 677 hinc
1176 639 1296 677 annis
1313 649 1364 677 ex
1373 640 1566 678 America
1581 641 1736 678 boreali
1753 642 1805 678 ad
1822 652 1897 682 nos

66 699 321 745 transvecta,
354 708 462 734 nunc
488 709 559 742 per
581 708 736 734 omnem
761 699 845 734 fere
861 699 1061 741 Europam
1088 697 1255 733 civitate
1272 699 1420 734 donata
1436 701 1511 734 est.
1571 698 1707 735 Radix
1723 697 1895 741 (Radix

70 751 270 801 Onograe
292 765 365 790 seu
388 753 649 801 Rapunculv')
682 757 925 790 saccharata
950 754 990 789 in
1014 754 1209 790 acetariis
1232 758 1364 801 estur,
1396 758 1432 791 et
1456 764 1546 792 cum
1568 755 1748 791 oleribus
1775 756 1897 800 coqui

2 850 9 853 .
66 814 183 848 solet.
245 812 521 855 complurium
537 821 827 857 congerierum,
859 812 901 846 in
921 810 1114 846 America
1130 811 1285 846 boreali
1301 812 1591 861 crescentium,
1627 809 1896 848 Oenotherae

61 864 358 915 grandssorae
389 869 496 915 Ain,
540 864 806 902 Oenotherae
839 865 1124 901 suaveolentis
1154 867 1289 913 Desf.,
1333 865 1600 904 Oenotherae
1621 865 1896 917 parvq'florae

65 924 208 971 Linn.,
260 921 527 958 Oenotherae
565 924 804 958 murz'cczlae
842 923 962 959 Linn.
1003 923 1258 966 aliarumque
1288 924 1484 961 similium
1514 926 1745 970 specierum
1775 927 1897 963 radix

66 984 280 1017 esculenta
303 983 378 1016 est.
440 980 600 1016 Chileni
621 976 888 1013 Oenotherae
905 976 1073 1014 acanus
1090 980 1187 1017 Cav.
1206 980 1382 1016 radicem
1400 981 1505 1018 inter
1519 983 1765 1030 medicinas,
1797 992 1897 1028 ape-

65 1037 216 1074 rientes
249 1041 286 1073 et
309 1036 570 1072 vulnerarias
594 1041 820 1072 numerant.
879 1033 1108 1070 Jussv‘evae
1130 1036 1286 1072 modice
1310 1038 1630 1086 adstringentes‚
1662 1040 1704 1076 in
1728 1041 1834 1077 Asia
1857 1045 1897 1077 et

63 1094 260 1131 America
288 1094 443 1136 tropica
474 1103 545 1137 pro
577 1093 764 1130 fomentis
796 1097 835 1130 et
864 1094 1229 1135 cataplasmatibus
1261 1094 1514 1132 adhibentur.
1574 1094 1806 1131 Isnardv‘ae
1829 1097 1896 1134 his

64 1152 247 1195 proxime
277 1150 421 1187 affines
456 1150 614 1187 viribus
646 1152 874 1187 anomalae.
932 1152 1035 1186 Nam
1057 1147 1266 1185 Isnardz'cc
1286 1147 1450 1196 dffusa
1481 1150 1726 1198 (Ludwigia
1749 1155 1897 1191 diffusa

65 1206 225 1255 Ham),
249 1209 358 1251 apud
371 1208 492 1243 Indos
509 1217 703 1252 nascens,
730 1206 896 1244 remedii
912 1207 1237 1243 anthelminthici
1255 1211 1293 1244 et
1310 1208 1578 1252 diaphoretici
1595 1212 1715 1246 laude
1731 1213 1896 1260 gaudet,

63 1264 479 1309 Anglo-Amerieani
496 1262 725 1299 Isnardae’ae
744 1262 1042 1312 alterrzq'folz’ae
1057 1264 1141 1300 Dc.
1158 1264 1334 1300 radicem
1353 1265 1561 1301 emetieam
1579 1267 1801 1308 perhibent.

207 1323 241 1359 Ε
270 1318 480 1356 Fucltsv'ae
503 1331 617 1355 macr
627 1325 853 1356 ostemmae
875 1321 982 1357 Ruiz
1006 1324 1043 1357 et
1060 1322 1160 1357 Pav.
1185 1325 1223 1356 et
1241 1318 1453 1373 Fuclaesiae
1476 1321 1697 1357 coccineae
1719 1325 1802 1360 Ait.
1829 1333 1897 1361 ra-

65 1377 191 1414 mulis
215 1383 253 1414 et
277 1378 388 1414 foliis
412 1379 620 1414 decoctum
637 1379 884 1422 refrigerans
901 1386 926 1414 a
943 1377 1124 1414 Chilenis
1142 1382 1321 1421 paratur.
1378 1378 1555 1423 Lignum
1572 1379 1760 1417 fruticum
1779 1382 1896 1418 acido

66 1435 356 1478 scytodephico
392 1439 579 1481 scatens,
619 1435 860 1471 tinctoribus
893 1435 1005 1471 utile.
1073 1435 1282 1470 Antillani
1311 1431 1499 1470 Fuclcsia
1529 1445 1752 1472 racemosa
1781 1441 1898 1476 Lam.

66 1491 233 1527 remedii
256 1491 455 1529 solventis
471 1494 581 1537 loco,
612 1492 655 1527 in
673 1492 848 1528 diversis
866 1491 951 1527 tubi
966 1491 1219 1527 intestinalis
1236 1495 1273 1527 et
1290 1493 1528 1535 systematis
1544 1495 1782 1538 lymphatici
1800 1505 1897 1540 pas-

67 1547 274 1595 sionibus,
307 1548 350 1584 in
382 1548 484 1584 febri
507 1548 797 1585 intermittente
821 1553 858 1584 et
882 1550 1081 1584 adversus
1108 1550 1423 1585 blennorrhoeas
1446 1553 1626 1586 utuntur.
1685 1548 1898 1587 Fuclesiae

68 1602 360 1640 denticulatae
375 1605 481 1641 Ruiz
499 1611 536 1642 et
554 1607 654 1642 Pav.
672 1606 928 1649 aliarumque
946 1606 1171 1648 specierum
1188 1606 1513 1642 americanarum
1530 1609 1684 1644 baccae
1699 1611 1898 1645 saccharo

67 1662 256 1698 conditae
292 1664 569 1699 comeduntur.
636 1660 849 1698 Fuclesv’ae
887 1660 1164 1706 (Skinnerae)
1196 1661 1498 1697 excorticatae
1526 1664 1657 1700 Forst.
1689 1663 1899 1708 [Kohutu-

67 1718 214 1766 butu),
248 1719 409 1755 fruticis
427 1720 469 1754 in
485 1719 866 1756 Nova-Zeelandia
882 1719 1086 1765 indigeni,
1117 1721 1270 1754 baccae
1285 1722 1592 1767 suaveolentes,
1617 1722 1898 1771 dulcissimae,

68 1777 380 1812 autochtonibus
396 1776 438 1812 in
456 1777 618 1812 deliciis
635 1780 750 1824 sunt,
782 1779 820 1811 et
836 1785 1076 1811 numerosas
1094 1775 1232 1811 avium
1250 1775 1426 1812 ferarum
1443 1786 1587 1822 greges
1607 1781 1855 1816 sustentant.

211 1831 426 1867 Mantinia
450 1832 568 1867 acris
592 1833 732 1880 Lirim,
767 1832 909 1868 frutex
927 1832 1142 1881 carpensis,
1173 1832 1352 1869 omnium
1367 1833 1566 1884 partium,
1596 1833 1796 1880 imprimis
1811 1836 1900 1874 fru-

70 1891 183 1939 ctus,
214 1897 362 1935 sapore
377 1890 485 1939 acri,
515 1890 700 1934 piperato
716 1889 896 1926 excellit.

439 2040 613 2093 ordo
645 2038 1034 2086 ccnxvlll.
1099 2037 1532 2097 nalorageae.

211 2141 407 2191 Herbe‘e
447 2144 696 2207 aquaticae
735 2159 780 2190 v.
817 2141 1103 2207 szffrutz'ces
1147 2151 1420 2191 terrestres.
1493 2143 1638 2192 Fole‘a
1684 2145 1901 2209 opposita

70 2230 115 2262 v.
142 2215 449 2273 verticillata,
482 2215 721 2262 rarissime
753 2214 958 2273 alterna,
992 2214 1250 2278 simplicia,
1278 2215 1591 2277 integerrima
1612 2232 1666 2263 v.
1690 2214 1901 2277 dentata,

73 2284 315 2333 submersa
345 2285 621 2350 plerumque
653 2286 1271 2349 pectinata-pinnatiseeta.
1315 2286 1540 2350 Stzjvulae
1572 2287 1742 2336 nullae.
1785 2289 1902 2337 Flo-

72 2372 153 2405 res
183 2356 388 2420 perfecti
417 2366 498 2404 aut
528 2357 697 2404 abortu
730 2357 1022 2420 imperfecti,
1072 2356 1343 2420 regulares,
1390 2358 1708 2421 inconspicui,
1755 2375 1900 2424 saepe

72 2428 375 2492 incompleti,
431 2429 479 2475 in
523 2428 675 2475 axillis
720 2428 942 2476 foliorum
989 2427 1204 2486 sessileS,
1248 2426 1459 2475 'solitarii
1504 2445 1588 2476 seu
1633 2429 1900 2493 glomerati,

75 2500 351 2562 saepissime
384 2498 487 2546 basi
518 2498 876 2557 bibracteolati,
916 2497 1149 2546 interdum
1180 2498 1310 2546 foliis
1339 2498 1583 2547 floralibus
1614 2500 1901 2550 abbreviatis

72 2570 595 2634 vesticulam-spicati,
629 2570 782 2617 rarius
814 2569 1110 2634 pedicellati,
1142 2568 1380 2618 interdum
1407 2571 1679 2636 paniculati.
1744 2573 1904 2636 θαῖμα·

73 2640 187 2688 tubo
234 2641 401 2698 tereti,
448 2641 672 2703 angulato
718 2658 762 2688 v.
805 2650 1017 2700 costato,
1067 2657 1169 2688 eum
1216 2641 1430 2703 germine
1477 2651 1708 2701 connato,
1757 2642 1900 2692 limbo

74 2727 272 2775 supero,
312 2712 585 2775 saepissime
620 2711 883 2776 quadrifido
913 2729 958 2761 v.
993 2710 1360 2776 quadripartitO,
1409 2713 1563 2761 rarius
1595 2712 1780 2773 trifido,
1828 2715 1902 2763 in-

74 2781 257 2831 terdum
288 2781 457 2843 bifido,
498 2800 827 2848 nonnunquam
857 2792 1100 2841 truncato,
1149 2784 1481 2846 integerrimO,
1528 2785 1632 2832 fere
1665 2784 1901 2835 obsoleto.

80 2855 280 2902 Corolla
311 2855 438 2904 nulla
469 2870 512 2902 v.
542 2855 700 2918 petala
729 2871 906 2902 summo
939 2855 1118 2918 calycis
1151 2854 1262 2901 tubo
1295 2855 1496 2912 inserta,
1545 2854 1756 2918 ejusdem
1787 2857 1903 2905 laci-

77 2926 168 2973 niis
200 2941 395 2973 numero
427 2927 644 2990 aequalia
676 2934 725 2974 et
755 2927 961 2985 alterna,
994 2926 1271 2990 plerumque
1303 2926 1544 2989 longiora,
1584 2926 1900 2988 subeoneava,

78 2997 390 3045 aestivatione
428 2997 612 3045 Valvata
648 3014 690 3045 v.
731 2997 999 3056 imbricata,
1028 2997 1136 3044 sub
1176 2997 1359 3043 antbesi
1397 2997 1628 3060 patentia,
1678 2996 1899 3048 decidua.

78 3068 300 3116 Stamina
332 3085 436 3115 cum
466 3069 638 3134 petalis
670 3069 874 3128 inserta,
922 3085 1044 3116 nunc
1078 3068 1255 3132 calycis
1288 3068 1472 3116 laciniis
1504 3085 1696 3117 numero
1728 3085 1903 3135 aequa-

78 3138 144 3186 lia
174 3147 223 3186 et
253 3140 492 3202 opposita,
537 3157 660 3188 nune
693 3139 853 3204 dupla,
902 3157 945 3187 ν.
977 3139 1211 3188 interdum
1244 3137 1383 3202 duplo
1416 3155 1610 3188 numero
1643 3139 1902 3205 quadrante

78 3210 328 3274 pauciora,
373 3211 466 3257 imo
513 3226 618 3258 cum
663 3212 845 3275 ealycis
889 3211 1032 3258 limbo
1081 3211 1298 3258 obsoleto
1344 3211 1548 3258 unicum.
1628 3213 1904 3262 Fz‘lamenta

80 3280 335 3328 filiformia.
408 3282 668 3329 Antherae
705 3283 964 3341 introrsae,
1010 3281 1321 3340 biloculares,
1370 3281 1607 3346 oblongae
1637 3299 1680 3331 v.
1715 3292 1903 3344 ovatae,

79 3349 182 3398 basi
213 3368 257 3399 v.
291 3349 433 3398 dorso
465 3353 696 3411 insertae,
745 3351 1154 3416 longitudinaliter
1192 3347 1511 3400 dehiscentes.
1589 3354 1792 3404 Germen
1830 3355 1903 3402 in-

82 3422 256 3481 ferum,
290 3423 566 3486 saepissime
599 3423 767 3471 loculis
796 3433 870 3472 tot
900 3433 1014 3489 quot
1045 3424 1245 3472 laciniae
1281 3424 1483 3488 calyciS,
1524 3422 1905 3489 bi-tri-quadri-

80 3492 320 3554 Ioculare,
381 3494 626 3557 gemmulis
671 3496 796 3543 intra
839 3495 1026 3544 loculos
1071 3495 1321 3554 solitariis,
1381 3496 1536 3543 rarius
1588 3496 1900 3558 uniloculare‚
