2147 3756
88 271 110 288 1

994 161 1111 213 572

875 241 1079 249 ...ψη-.--ω
1088 237 1225 246 Αν-σ-υν---··

147 336 270 374 celsis
286 334 416 373 Asiae
439 337 476 372 ct
492 333 706 374 Americae
724 333 838 383 Jugts
861 335 1134 381 intertropicis
1154 335 1323 385 vivunt,
1354 335 1468 373 trans
1493 335 1771 380 ‚capricornum
1787 341 1960 378 nondum

150 396 406 433 observatae.

287 471 649 526 unalitates
673 479 713 514 et
735 482 904 517 usus.
949 477 1238 513 Ericacearum
1254 476 1432 520 qualitas
1449 479 1672 515 seeundum
1685 479 1838 516 ordinis
1855 479 1961 517 divi-

148 535 285 573 siones
301 538 512 572 naturales
529 535 782 578 aliquomodo
799 534 963 570 diversa
979 537 1057 580 est3
1087 534 1219 570 virtus
1236 534 1279 569 in
1295 534 1533 571 universum
1547 543 1572 571 a
1587 537 1830 572 substantiis
1847 545 1961 573 ama-

143 593 203 629 ris
226 592 573 637 adstringentibus
598 594 636 626 et
658 584 1110 627 aromatico-resinosis
1126 592 1290 638 pendet,
1321 591 1466 633 quibus
1483 591 1526 626 in
1541 592 1751 628 nonnullis
1768 593 1964 629 narcotici

145 650 302 693 aliquid
327 650 517 684 accedere
534 650 649 683 solet.
708 644 890 681 Erz’ceae
906 648 1150 683 substantiis
1167 647 1708 695 amaro-adstringentibus,
1739 652 1963 685 nonnullae

142 707 382 743 balsameo·
394 704 588 740 resinosis
606 703 738 739 foetae
754 706 868 750 sunt,
901 703 1099 746 imprimis
1116 704 1158 739 in
1174 704 1373 740 morbosis
1389 704 1685 740 adfectionibus
1701 704 1861 740 viarum
1876 705 1962 740 uri-

141 763 299 798 nalium
312 788 322 808 ,
353 771 377 797 a
395 761 603 798 debilitate
619 763 656 794 et
671 760 844 796 laxitate
860 761 1130 803 pendentibus
1146 764 1372 806 salutares,
1397 761 1674 803 paucissimae
1690 760 1962 808 stimulantes,

144 818 472 855 subnarcoticae.
530 818 800 852 Baccatarum
825 816 983 853 fructus
1007 819 1161 853 edules.
1219 818 1441 853 Fructuum
1464 826 1610 860 sapore
1632 817 1812 864 acidulo,
1843 817 1962 852 refri-

144 878 311 919 gerante
341 870 593 906 Vaccinieae
622 872 821 915 imprimis
851 875 1190 910 commendantur.
1248 874 1454 909 Foliorum
1476 873 1606 910 virtus
1627 873 1762 914 lenius
1785 873 1962 909 adstrin-

146 940 260 974 gens.
319 931 549 965 Nonnullae
565 928 1045 966 aromatico-resinosae.
1104 927 1534 965 Rhododendrearum
1550 930 1681 967 virtus
1697 929 1920 966 narcotica.

286 996 442 1033 Ανόιιῖί
454 996 793 1036 Unedom’sLinn.
812 994 1023 1049 (κόμαρος
1039 999 1189 1047 Diosc.,
1206 992 1418 1052 κουμαριὰ
1432 1002 1589 1050 Neogr.,
1607 1002 1776 1037 Kothleb
1793 999 1962 1048 Arab.]‚

143 1056 305 1094 fruticis
330 1055 684 1104 sempervirentis,
715 1056 759 1091 in
780 1057 981 1100 lapidosis
999 1057 1208 1094 sterilibus
1227 1057 1404 1101 regionis
1419 1058 1760 1104 mediterraneae,
1791 1067 1865 1092 nec
1881 1066 1964 1093 non

141 1114 188 1149 in
203 1113 423 1148 Hiberniae
439 1113 573 1148 littore
590 1113 783 1148 atlantico
806 1113 936 1159 obvii,
968 1117 1104 1147 cortex
1127 1118 1167 1148 et
1189 1113 1290 1147 folia
1315 1112 1623 1156 adstringentia.
1680 1115 1801 1155 Aqua
1823 1112 1965 1148 florum

141 1170 328 1214 patribus
346 1169 563 1204 remedium
581 1169 911 1211 diaphoreticum.
969 1169 1128 1203 Baccae
1145 1171 1677 1212 granulato-tuberculatae
1695 1164 1964 1218 (μιμαίκυλα,

145 1223 260 1260 alliu
282 1223 401 1259 aldeb
419 1229 455 1260 et
470 1217 575 1273 ‘azir
590 1222 709 1259 aldeb
724 1225 851 1261 Arab.
873 1225 900 1260 i.
918 1234 951 1259 e.
969 1224 1068 1260 ficus
1084 1225 1170 1267 lupi
1187 1229 1221 1260 et
1240 1227 1414 1260 mustum
1432 1224 1544 1268 lupi]
1568 1224 1684 1270 fraga
1699 1225 1963 1272 mentiuntur,

142 1283 327 1327 juniores
350 1282 564 1317 admodum
587 1285 795 1329 austerae,
828 1280 991 1325 penitus
1014 1285 1197 1316 maturae
1222 1280 1398 1324 insipide
1415 1282 1574 1327 dulces3
1605 1281 1762 1326 largius
1777 1281 1964 1324 ingestae

144 1341 397 1377 stomachum
426 1339 625 1374 offendere
656 1341 695 1373 et
724 1338 873 1381 capitis
905 1337 1183 1373 temulentiam
1213 1337 1404 1373 inducere
1426 1337 1699 1380 perhibentur.
1755 1339 1803 1373 In
1825 1337 1966 1373 insula

144 1396 314 1432 Corsica
331 1404 382 1431 ex
397 1395 461 1430 his
476 1395 566 1430 vini
583 1394 761 1437 speciem
776 1394 935 1441 parari,
967 1394 1010 1428 in
1028 1394 1150 1429 Italia
1167 1394 1323 1436 reliqua
1340 1394 1528 1437 spiritum
1545 1393 1748 1429 fervidum
1764 1393 1967 1429 destillari

143 1454 318 1489 constat.
363 1447 519 1494 Arbuti
532 1446 807 1485 Αηιῐναοῖιηεε
825 1449 943 1485 Βίιιιιζ
960 1442 1327 1499 [ἀγριοκουμαριόι
1344 1450 1536 1497 Neogr.],
1561 1450 1723 1486 fruticis
1746 1449 1906 1492 copiose
1921 1449 1966 1486 in

146 1508 321 1544 Graecia
336 1507 572 1555 crescentis,
591 1507 740 1544 similis
755 1507 886 1543 virtus
906 1509 980 1542 est.
1017 1502 1345 1551 Areeo‘staphylz‘
1359 1502 1594 1554 officinalis
1609 1507 1774 1542 WVimm.
1793 1505 1967 1549 [Arbuti

145 1567 262 1601 Uvae
276 1565 372 1600 Ursi
386 1564 555 1611 Linn.],
576 1563 733 1599 fruticis
750 1563 793 1598 in
809 1561 1066 1606 rupestribus
1083 1566 1119 1598 et
1135 1562 1338 1599 montanis
1353 1564 1543 1606 Europae
1559 1563 1716 1598 mediae
1734 1565 1773 1598 et
1788 1562 1966 1599 borealis

143 1621 390 1669 habitantis,
423 1621 545 1656 etiam
574 1620 617 1655 in
639 1619 745 1656 Asia
777 1622 815 1655 et
836 1619 1030 1655 America
1051 1620 1204 1655 boreali
1225 1619 1357 1665 obvii,
1388 1618 1488 1655 folia
1511 1619 1644 1655 odoris
1668 1618 1834 1665 debilis,
1866 1621 1966 1655 sub-

145 1677 379 1724 aromatici,
411 1676 570 1719 saporis
594 1677 722 1712 amari
746 1679 784 1712 et
807 1676 1101 1718 adstringentis
1124 1676 1167 1710 in
1184 1675 1355 1712 officinis
1372 1679 1485 1722 sunt,
1517 1675 1561 1712 in
1576 1675 1725 1711 morbis
1742 1674 1966 1711 calculosis

146 1737 367 1772 celebrata.
411 1734 572 1769 Baccae
588 1734 801 1769 admodum
817 1736 1018 1769 austerae.
1059 1729 1342 1766 Gaultherz'ae
1351 1730 1664 1778 procumbentis
1679 1731 1820 1779 Linn.,
1847 1730 1966 1766 fruti-

145 1791 231 1828 culi
255 1789 485 1837 aromatici,
515 1790 559 1825 in
575 1789 777 1825 montanis
793 1790 1008 1824 Alnericae
1022 1789 1201 1825 borealis
1217 1788 1460 1835 crescentis,
1485 1788 1615 1824 virtus
1633 1796 1791 1835 amara,
1821 1787 1967 1823 leniter

145 1848 387 1893 stimulans,
419 1846 719 1883 subnarcotica.
776 1846 894 1881 Folia
913 1845 1060 1889 (vulgo
1076 1845 1290 1881 Mountain
1306 1844 1413 1889 Tea]
1430 1845 1473 1879 in
1490 1845 1665 1880 officinis
1682 1845 1966 1880 transatlanti-

146 1904 208 1940 cis
241 1905 470 1939 servantur.
529 1903 663 1945 Calyx
691 1902 876 1938 fructifer
903 1905 1101 1937 baccatus
1124 1900 1271 1945 [vulgo
1294 1903 1558 1949 Box-berry,
1590 1899 1965 1945 Patridge-berry]

146 1960 294 1997 edulis.
341 1955 624 1993 Gaaleleerme
641 1956 816 1992 Shallon
831 1959 977 1993 Pursli.
993 1960 1145 1993 baccae
1162 1958 1394 1993 deliciosae.
1439 1953 1730 1991 Andromedae
1739 1954 1967 2001 poloe'f'olz‘ae

145 2017 291 2063 Linn.,
322 2015 366 2051 in
382 2015 549 2050 turfosis
564 2015 800 2051 borealibus
823 2014 1083 2061 amphigeae,
1113 2014 1245 2050 virtus
1267 2013 1641 2061 narcotico-acris,
1670 2015 1796 2048 herba
1820 2012 1966 2053 ovibus

147 2073 336 2108 exitiosa.
395 2071 550 2107 Similis
567 2066 1098 2104 Andromedae-quarinum
1114 2070 1235 2105 Linn.
1248 2097 1258 2116 ,
1284 2070 1328 2104 in
1343 2069 1536 2105 America
1556 2069 1712 2106 boreali
1734 2068 1966 2116 indigenae,

150 2129 404 2170 aliarumque
425 2136 713 2174 congerierum,
744 2127 787 2162 in
802 2125 1006 2162 montibus
1021 2124 1163 2162 Indiae
1180 2125 1470 2173 crescentium,
1502 2126 1568 2161 vis
1584 2130 1658 2163 est.
1721 2122 1971 2174 (lzydendra‘

149 2183 419 2219 arbor-eino,
444 2182 748 2226 (Andromedae
771 2186 964 2218 arboreae
987 2182 1129 2229 Linn.,
1160 2184 1286 2225 vulgo
1309 2183 1564 2217 Sorrel-tree
1588 2185 1626 2217 et
1649 2182 1899 2226 Saur—tree)
1924 2181 1968 2219 in

149 2241 341 2278 America
361 2239 516 2275 boreali
541 2239 762 2276 crescentis
777 2238 878 2274 folia
893 2236 1013 2274 acida
1025 2264 1036 2286 ,
1067 2238 1366 2282 aliquantulum
1382 2240 1568 2287 austera,
1599 2239 1879 2282 praeparando
1897 2239 1966 2274 de-

149 2301 262 2334 cocto
278 2296 609 2345 antiphlogistico
625 2296 880 2332 adhibentur.
930 2336 933 2337 ⁷

296 2365 478 2401 Callum
501 2364 691 2413 vulgaris
714 2366 867 2403 Salisb.
891 2364 1214 2413 (IIaidelzrauO,
1238 2363 1457 2402 fruticulus
1474 2364 1968 2402 resinoso-subaromati-

151 2433 245 2473 cus,
275 2426 417 2460 vastos
449 2427 579 2470 terrae
614 2426 768 2459 tractus
797 2423 842 2459 in
868 2422 1085 2458 Germania
1113 2421 1269 2459 boreali
1299 2424 1491 2469 occupat,
1523 2422 1566 2457 in
1588 2421 1792 2458 montibus
1815 2421 1967 2458 nostris

151 2481 300 2527 rarior,
332 2481 557 2516 collucatas
579 2479 988 2527 solitudines—aulaeo
1011 2478 1111 2514 mire
1127 2479 1270 2514 decoro
1287 2478 1398 2522 tegit.
1456 2478 1599 2514 Virtus
1616 2478 1874 2522 adstringens
1891 2482 1967 2515 est.

151 2539 261 2574 Usus
285 2538 394 2580 apud
416 2536 593 2573 fullones
617 2539 655 2571 et
679 2536 870 2572 tinctores
893 2544 975 2571 non
996 2534 1246 2578 infrequens.
1305 2535 1447 2570 Flores
1470 2534 1615 2577 apibus
1631 2534 1749 2579 grati.

292 2603 451 2641 Ero’cae
467 2605 674 2641 arboreae
689 2606 830 2653 Linn.,
850 2604 1010 2641 fruticis
1026 2604 1333 2653 mediterranei,
1352 2605 1550 2647 quaedam
1568 2607 1677 2649 apud
1691 2593 1849 2642 veteres
1863 2604 1982 2641 inter,

155 2663 379 2700 medicinas
397 2664 751 2707 alexipharmacas
767 2662 879 2698 fama
893 2661 983 2697 fuit.

300 2730 596 2768 Vaeev‘m'ormn
618 2732 861 2770 nostratium
880 2734 1106 2769 herbaceae
1129 2734 1267 2776 partes
1282 2730 1517 2776 substantia
1533 2731 1760 2768 extractiva
1775 2738 1915 2767 amara
1929 2735 1969 2767 et

153 2791 269 2827 acido
291 2790 547 2825 mimotanico
564 2798 729 2836 graves,
761 2790 834 2824 vix
849 2789 955 2824 inter
971 2789 1149 2825 remedia
1165 2789 1425 2836 adhibentur,
1456 2791 1608 2824 baccae
1625 2788 1966 2833 acidulo—dulces,

152 2847 306 2883 modice
322 2846 623 2890 adstringentes
636 2873 646 2893 ,
678 2848 826 2881 crudae
843 2848 882 2880 et
898 2845 1084 2881 conditae
1100 2844 1143 2880 in
1160 2844 1328 2890 cibariis
1345 2847 1459 2891 sunt,
1490 2844 1620 2886 neque
1635 2843 1967 2893 medicisffispli-

153 2907 265 2948 cent,
298 2912 391 2938 nam
419 2911 558 2949 muco,
590 2905 804 2950 sacellam,
836 2902 951 2937 acido
981 2901 1128 2937 malico
1152 2904 1192 2936 et
1213 2900 1355 2936 citrico
1377 2904 1415 2936 et
1438 2900 1669 2935 substantia
1689 2899 1968 2941 adstringente

154 2958 363 3002 praeditae
375 2985 384 3003 ,
402 2958 621 3000 quidquam
636 2957 819 2993 nutriunt
835 2961 873 2992 et
888 2960 1096 3003 roborant,
1115 2959 1248 2992 labem
1264 2955 1534 2993 scorbuticam
1550 2955 1810 3000 corrigentes.
1855 2953 1966 2990 Vae-

155 3015 259 3049 ce'm‘i
272 3012 589 3060 Myrtilliliinn.
604 3016 756 3050 baccae
780 3012 956 3055 (baccae
972 3013 1263 3059 Myrtillorum,
1295 3021 1333 3047 v.
1351 3012 1664 3058 Heidelbeeren,
1689 3011 1967 3056 Bickbeeren)

154 3072 198 3107 in
222 3073 386 3113 Europa
409 3070 629 3112 subalpina
653 3072 691 3105 et
712 3068 869 3106 boreali
891 3068 1212 3110 frequentissimi
1234 3077 1348 3104 usus.
1414 3064 1608 3102 Vaeez'm'z'
1630 3062 1828 3114 uliginosi
1847 3068 1965 3104 Linn.

156 3128 315 3163 fructus
340 3125 696 3172 (Rausclibeeren,
726 3123 1077 3167 Trunkelbeeren]
1098 3125 1232 3160 minus
1256 3124 1412 3171 sapidi,
1442 3124 1600 3168 largius
1625 3124 1774 3168 ingesti
1798 3124 1967 3168 vertigi-

83 3186 97 3199 ‘
155 3193 247 3220 nem
271 3187 309 3219 et
332 3183 479 3226 capitis
501 3181 777 3218 temulentiam
799 3189 972 3216 causare
994 3181 1266 3222 perhibentur.
1332 3178 1526 3214 Vaccrniz·
1546 3179 1655 3215 Vitis
1672 3178 1830 3214 Idaeae
1845 3180 1965 3217 Linn.

156 3243 310 3275 baccae
326 3236 712 3282 [Preusselbeeren]
735 3238 881 3273 rubrae
905 3237 1066 3280 saporis
1082 3237 1214 3280 magis
1227 3236 1335 3272 acidi
1352 3240 1388 3272 et
1406 3236 1555 3273 acerbi.
1612 3237 1730 3273 Folia
1747 3246 1837 3272 cum
1853 3237 1980 3286 Uvae·

157 3296 246 3332 ursi
262 3295 374 3331 foliis
391 3304 515 3338 saepe
529 3294 680 3342 mixta,
709 3303 748 3329 V.
766 3302 903 3330 eorum
917 3295 1006 3328 loco
1023 3293 1218 3329 adhibita.
1267 3291 1687 3329 Boreali-americani
1704 3301 1801 3328 suas
1817 3291 1967 3329 Vacci-

157 3352 315 3387 niorum
339 3352 517 3395 species:
556 3348 595 3383 V
593 3349 800 3385 (recinium
823 3347 1108 3396 corymbosum
1130 3349 1269 3394 Lirin„
1308 3347 1347 3382 V
1346 3349 1553 3384 (recinium
1565 3347 1822 3398 frondosum
1845 3348 1965 3384 Linn.

158 3405 285 3450 (Biue
310 3406 515 3455 langles),
551 3405 794 3441 Vaccz‘m’um
815 3404 1012 3453 glaucum
1032 3405 1205 3452 Michx.,
1243 3402 1486 3440 Vaceoe'm'um
1502 3403 1715 3440 clamosum
1729 3405 1813 3442 Ain
1838 3405 1967 3440 alias-

161 3473 237 3506 que
260 3466 427 3510 liabent,
457 3463 606 3500 nostris
622 3464 914 3501 succedaneas.
971 3462 1160 3498 Aliarum
1176 3461 1298 3498 etiam
1314 3471 1600 3510 congeneruni,
1632 3470 1736 3504 quae
1750 3470 1820 3504 per
1834 3462 1966 3495 orbem

161 3524 356 3556 terrarum
395 3519 604 3565 dispersae
639 3522 884 3570 nascuntur,
922 3521 1073 3558 baccae
1110 3519 1271 3568 edules,
1309 3518 1573 3563 plurimarum
1603 3522 1736 3555 tamen
1764 3515 1968 3560 insipidae

2131 3493 2147 3521 ΛΞ
2136 3388 2147 3474 Διψα-
2132 3353 2147 3378 ¹·-
2130 3247 2147 3345 ...ζῆ-κ.
2136 3207 2147 3238 Λῑ.Δ
2137 3191 2143 3197 ν
2137 3111 2147 3183 ;«μᾈλ<
2144 3087 2147 3101 a
