2147 3756
1077 120 1153 169 26

1197 199 1286 206 ‚—

349 287 773 346 Geographia.
836 294 1122 331 Anthocerotis
1152 293 1314 337 species
1342 301 1517 339 paucae,
1563 294 1794 340 terrestreS,
1839 295 1922 330 late
1955 303 2022 336 per

211 355 404 388 terrarum
424 355 558 389 orbem
576 353 769 395 diffusae,
801 353 1040 387 Monocleae
1063 355 1101 386 ct
1125 350 1396 393 Cladobryum
1421 349 1690 396 truncicolae,
1722 353 1795 386 hoc
1819 350 1861 386 in
1885 350 2023 385 insula

207 409 333 455 Java,
379 409 479 444 illae
508 408 550 444 in
580 410 695 444 Nova
724 408 969 456 Zeelandia,
1014 407 1206 444 America
1243 406 1471 444 annai-crica
1507 408 1545 442 et
1573 406 1755 443 Brasilia
1784 409 2022 444 observatae

210 464 383 500 suerunt.

348 535 408 571 De
425 534 691 579 qualitatibus
709 543 747 572 v.
765 543 844 571 usu
862 533 961 571 nihil
984 518 1152 570 constat.

641 699 812 745 Ordo
841 698 1003 744 XIX.
1064 696 1590 756 Targioniaceae.

349 803 607 849 Plantulae
652 817 912 864 perennes,
966 797 1242 857 frondosae,
1297 796 1464 846 fronde
1510 797 1696 862 parcius
1743 797 1927 846 furcata
1980 809 2025 846 et

208 874 343 936 apice
376 873 671 935 interruptim
706 873 948 929 continua,
989 869 1363 918 innovationibus
1396 885 1422 917 e
1454 878 1615 916 costae
1649 869 1871 916 centralis
1910 869 2030 916 late-

209 959 261 991 re
302 945 438 1003 ortis,
479 959 606 989 ramo
649 943 815 989 costali
848 943 1059 1006 primitus
1091 940 1271 988 frondis
1304 940 1443 987 limbo
1476 940 1661 987 inferne
1694 939 1892 998 adnato,
1942 940 2025 986 sub

209 1015 423 1076 margine
467 1012 645 1060 denium
685 1013 1037 1060 frondescente.
1114 1010 1401 1074 Supcrficies
1441 1010 1642 1057 dorsalis
1679 1027 1879 1073 porosa,
1929 1011 2030 1073 epi-

211 1083 421 1130 dermide
463 1100 643 1141 crassa,
684 1093 830 1130 strato
872 1084 1118 1147 hypoporo
1160 1081 1329 1139 dcnsQ
1368 1082 1594 1128 ventralis
1627 1081 1943 1144 squammosa,
1984 1082 2029 1126 in

211 1153 365 1201 medio
400 1153 702 1201 radiculosa.-·
754 1155 1124 1217 Receptaculzcm
1155 1150 1620 1215 antheridiophoru'm
1653 1152 1697 1196 in
1731 1150 1949 1197 distincta
1982 1159 2032 1196 ut

210 1224 395 1273 videtur
424 1226 569 1287 stirpe
592 1220 646 1271 'in
680 1226 868 1289 propria
902 1224 1203 1270 innovatione
1237 1239 1261 1269 e
1288 1221 1467 1268 frondis
1494 1231 1623 1268 costa
1650 1222 1847 1268 ventrali
1874 1222 2032 1268 oriens

211 1296 430 1353 laterale,
464 1294 736 1342 disciforme
770 1296 1060 1358 papillosum.
1121 1294 1492 1356 Receptaculum
1523 1293 1818 1339 fructiferum
1852 1291 2034 1338 discre-

211 1375 305 1412 tum
346 1367 534 1412 nullum.
608 1368 912 1413 Iavolucrum
953 1366 997 1411 in
1037 1366 1171 1427 apice
1205 1363 1385 1410 frondis
1423 1364 1649 1419 inferum,
1697 1361 1902 1420 bivalve,
1950 1363 2035 1408 tri-

211 1438 399 1496 ssorum,
440 1438 557 1484 flore
598 1437 734 1483 unico
767 1436 930 1482 fertili.
1004 1436 1268 1482 Pz’stz'llz‘dz'a
1300 1435 1346 1480 in
1378 1433 1549 1495 angulo
1584 1434 1769 1496 postico
1802 1433 2034 1480 involucri

211 1517 490 1569 aggregata.
563 1508 862 1554 Involeccella
895 1506 1033 1552 nulla.
1113 1506 1349 1567 Calyptra
1381 1505 1560 1561 tenuis,
1601 1504 1886 1566 persistens,
1927 1520 2036 1567 spo-

212 1579 423 1640 rangium
455 1593 600 1640 usque
633 1576 692 1623 ad
724 1578 1036 1623 maturitatem
1076 1576 1309 1632 vestiens,
1351 1573 1580 1620 interdum
1622 1590 1823 1636 superne
1865 1589 2037 1620 evane-

212 1664 375 1706 scens,
431 1648 530 1695 basi
584 1648 865 1710 persistente
919 1646 1198 1709 pedicellum
1251 1646 1494 1708 vagiuaus,
1584 1645 1750 1707 Stylus
1796 1643 2035 1691 deciduus.

212 1720 539 1782 Sporangz'um
570 1718 703 1764 brevi
733 1718 1086 1782 pediccllatum,
1127 1716 1365 1780 pedicello
1406 1716 1529 1762 intra
1568 1715 1810 1779 calyptrae
1849 1715 2036 1762 bulbum

213 1798 262 1836 et
292 1789 471 1836 frondis
502 1789 735 1836 foveolam
774 1790 1016 1845 immerso,
1057 1785 1657 1846 tenui-membranaceum,
1699 1785 1878 1832 demum
1919 1786 2038 1832 irre-

216 1860 446 1922 gulariter
489 1860 695 1906 lacerum
742 1876 783 1906 v.
830 1860 877 1905 in
922 1858 1120 1905 frustula
1166 1857 1395 1905 dilabens.
1469 1858 1658 1920 Sporae
1703 1856 2035 1920 subglohosae,

217 1930 585 1989 submuricatae‚
628 1929 885 1978 elaterihus
917 1927 1223 1993 di-trispiris.

988 2077 1269 2112 GENER&

329 2178 424 2214 461.
455 2169 678 2221 Targionia
693 2172 860 2212 Mic-hel.
1271 2174 1366 2210 462.
1398 2171 1665 2216 cyaumciium
1684 2169 1822 2208 Lehm.

373 2241 386 2250 .-
1479 2220 1742 2268 §carpobolus
1760 2219 1948 2257 Schwein.

356 2313 680 2359 Affinitas.
740 2318 1063 2364 Targioniaceae
1086 2316 1290 2355 involucri
1305 2316 1393 2353 veri
1411 2316 1646 2361 praesentia
1661 2325 1687 2352 a
1705 2315 2042 2360 praecedentibus

216 2373 512 2421 Henaticarum
550 2377 760 2413 ordinibus
797 2377 1006 2424 diversae,
1050 2375 1388 2412 involucellorum
1426 2374 1588 2411 defectu
1620 2383 1646 2411 a
1675 2371 2041 2419 Marchantiaceis,

219 2434 367 2478 quibus
385 2435 493 2470 alias
510 2434 740 2480 proximae,
774 2435 980 2469 recedunt.

362 2497 793 2555 Geographia.
858 2501 1116 2550 Targiom'ae
1153 2503 1292 2546 plures
1321 2501 1365 2538 in
1393 2499 1628 2546 regionibus
1658 2498 1891 2545 temperatis
1920 2497 2044 2536 totius

219 2561 328 2600 orbis
346 2561 573 2598 terricolae.
636 2557 916 2608 Cyaclcode’um
933 2569 1062 2605 genus
1080 2559 1338 2597 antillanum.

359 2633 474 2673 Usus
490 2632 645 2672 nullus,

646 2800 816 2851 ordo
846 2799 972 2844 XX.
1031 2793 1616 2844 Marchantiaceae.

364 2903 560 2954 Herbcce'
583 2919 841 2968 perennes,
876 2900 1152 2958 frondosae,
1187 2897 1355 2945 fronde
1381 2897 1560 2955 lobata,
1594 2891 1883 2958 epidermide
1910 2908 2048 2940 areo-

226 2977 320 3023 lata
353 2985 400 3022 et
430 2991 619 3038 porosa.
691 2973 994 3021 Antlzcrz'dz'a
1025 2986 1146 3017 nunc
1186 2967 1340 3016 frondi
1381 2968 1620 3022 immersa,
1661 2981 1783 3011 nunc
1825 2966 1871 3010 in
1912 2958 2050 3011 rflce-

227 3047 425 3110 ptaculis
459 3043 827 3101 disciformibus,
869 3041 1132 3098 sessilibus‚
1172 3056 1215 3086 v.
1249 3036 1479 3093 interdum
1511 3035 1878 3100 peltiformibus.
1917 3033 2052 3098 pedi-

231 3117 433 3164 ccllatis.
524 3115 789 3162 Pekte‘llc‘dz‘a
843 3113 890 3158 in
944 3111 1146 3175 capitulo
1198 3108 1540 3173 pcdunculatO,
1598 3106 1757 3153 subtus
1805 3122 1849 3152 v.
1899 3105 2051 3152 rar—ius

231 3187 404 3233 ambitu
449 3186 689 3244 florifero,
743 3185 1005 3231 involucris
1049 3181 1212 3238 variis,
1269 3178 1668 3226 uni-multifloris.
1752 3176 2052 3223 Involucella

230 3257 615 3313 membranacea,
661 3253 946 3317 regulariter
984 3253 1106 3299 fissa.
1195 3251 1428 3312 Calyptra
1472 3249 1606 3311 apice
1651 3262 1895 3310 rumpens,
1943 3261 2052 3308 per·-

235 3328 405 3373 sistens
452 3343 495 3373 v.
535 3327 719 3390 penitus
766 3339 1071 3372 evanescens.
1146 3321 1428 3385 Sporangz'a
1473 3317 1782 3387 pedicellata,
1838 3315 2053 3363 dentibus

236 3395 526 3444 dehiscentia
558 3414 603 3445 v.
640 3396 992 3453 circumscissa‚
1034 3393 1185 3441 rarius
1217 3388 1490 3455 quadrifida.
1565 3389 1755 3453 Sporae
1795 3384 2053 3448 elaterihuqs

237 3475 428 3515 mixtae.
