<?xml version="1.0" encoding="UTF-8"?>
<!DOCTYPE html PUBLIC "-//W3C//DTD XHTML 1.0 Transitional//EN"
    "http://www.w3.org/TR/xhtml1/DTD/xhtml1-transitional.dtd">
<html xmlns="http://www.w3.org/1999/xhtml" xml:lang="en" lang="en">
 <head>
  <title>
</title>
<meta http-equiv="Content-Type" content="text/html;charset=utf-8" />
  <meta name='ocr-system' content='tesseract 3.04.00' />
  <meta name='ocr-capabilities' content='ocr_page ocr_carea ocr_par ocr_line ocrx_word'/>
</head>
<body>
  <div class='ocr_page' id='page_1' title='image "./enchiridionbotan00endl/enchiridionbotan00endl_0138.png"; bbox 0 0 2147 3756; ppageno 0'>
   <div class='ocr_carea' id='block_1_1' title="bbox 1098 122 1207 170">
    <p class='ocr_par' dir='ltr' id='par_1_1' title="bbox 1098 122 1207 170">
     <span class='ocr_line' id='line_1_1' title="bbox 1098 122 1207 170; baseline 0 0"><span class='ocrx_word' id='word_1_1' title='bbox 1098 122 1207 170; x_wconf 73' lang='lat'>120</span> 
     </span>
    </p>
   </div>
   <div class='ocr_carea' id='block_1_2' title="bbox 1062 201 1204 205">
    <p class='ocr_par' dir='ltr' id='par_1_2' title="bbox 1062 201 1204 205">
     <span class='ocr_line' id='line_1_2' title="bbox 1062 201 1204 205; baseline 0 0"><span class='ocrx_word' id='word_1_2' title='bbox 1062 201 1204 205; x_wconf 95' lang='lat' dir='ltr'> </span> 
     </span>
    </p>
   </div>
   <div class='ocr_carea' id='block_1_3' title="bbox 244 292 2064 393">
    <p class='ocr_par' dir='ltr' id='par_1_3' title="bbox 244 292 2064 393">
     <span class='ocr_line' id='line_1_3' title="bbox 245 292 2064 346; baseline 0.002 -15"><span class='ocrx_word' id='word_1_3' title='bbox 245 298 398 339; x_wconf 87' lang='lat' dir='ltr'>partem</span> <span class='ocrx_word' id='word_1_4' title='bbox 415 292 768 330; x_wconf 86' lang='lat' dir='ltr'>constituentibus.</span> <span class='ocrx_word' id='word_1_5' title='bbox 823 294 1029 330; x_wconf 83' lang='lat' dir='ltr'>Plurimae</span> <span class='ocrx_word' id='word_1_6' title='bbox 1046 294 1086 330; x_wconf 92' lang='lat' dir='ltr'>in</span> <span class='ocrx_word' id='word_1_7' title='bbox 1106 294 1236 330; x_wconf 84' lang='lat' dir='ltr'>Asiae</span> <span class='ocrx_word' id='word_1_8' title='bbox 1253 294 1430 338; x_wconf 77' lang='lat' dir='ltr'>tropicae</span> <span class='ocrx_word' id='word_1_9' title='bbox 1448 294 1675 332; x_wconf 78' lang='lat' dir='ltr'>continente</span> <span class='ocrx_word' id='word_1_10' title='bbox 1692 298 1938 346; x_wconf 86' lang='lat' dir='ltr'>nascuntur,</span> <span class='ocrx_word' id='word_1_11' title='bbox 1964 306 2064 342; x_wconf 78' lang='lat' dir='ltr'>pau-</span> 
     </span>
     <span class='ocr_line' id='line_1_4' title="bbox 244 351 1671 393; baseline 0 -5"><span class='ocrx_word' id='word_1_12' title='bbox 244 353 436 388; x_wconf 76' lang='lat' dir='ltr'>cissimae</span> <span class='ocrx_word' id='word_1_13' title='bbox 451 351 495 386; x_wconf 86' lang='lat' dir='ltr'>in</span> <span class='ocrx_word' id='word_1_14' title='bbox 510 351 654 387; x_wconf 83' lang='lat' dir='ltr'>Africa</span> <span class='ocrx_word' id='word_1_15' title='bbox 672 355 709 388; x_wconf 79' lang='lat' dir='ltr'>et</span> <span class='ocrx_word' id='word_1_16' title='bbox 723 351 914 387; x_wconf 82' lang='lat' dir='ltr'>America</span> <span class='ocrx_word' id='word_1_17' title='bbox 930 351 1221 393; x_wconf 82' lang='lat' dir='ltr'>aequinoctiali</span> <span class='ocrx_word' id='word_1_18' title='bbox 1239 354 1478 387; x_wconf 80' lang='lat' dir='ltr'>observatae</span> <span class='ocrx_word' id='word_1_19' title='bbox 1496 351 1671 388; x_wconf 85' lang='lat' dir='ltr'>fuerunt.</span> 
     </span>
    </p>
   </div>
   <div class='ocr_carea' id='block_1_4' title="bbox 245 429 2070 988">
    <p class='ocr_par' dir='ltr' id='par_1_4' title="bbox 245 429 2070 988">
     <span class='ocr_line' id='line_1_5' title="bbox 389 429 2067 483; baseline 0.001 -11"><span class='ocrx_word' id='word_1_20' title='bbox 389 429 749 481; x_wconf 53' lang='lat' dir='ltr'>Quuaiitatssts</span> <span class='ocrx_word' id='word_1_21' title='bbox 776 438 811 472; x_wconf 87' lang='lat' dir='ltr'>et</span> <span class='ocrx_word' id='word_1_22' title='bbox 836 441 1003 474; x_wconf 77' lang='lat' dir='ltr'>usus.</span> <span class='ocrx_word' id='word_1_23' title='bbox 1062 435 1448 478; x_wconf 70' lang='lat' dir='ltr'>zingiberacearum</span> <span class='ocrx_word' id='word_1_24' title='bbox 1480 436 1639 472; x_wconf 81' lang='lat' dir='ltr'>radices</span> <span class='ocrx_word' id='word_1_25' title='bbox 1669 436 1933 483; x_wconf 76' lang='lat' dir='ltr'>aromaticae,</span> <span class='ocrx_word' id='word_1_26' title='bbox 1965 436 2067 474; x_wconf 86' lang='lat' dir='ltr'>oleis</span> 
     </span>
     <span class='ocr_line' id='line_1_6' title="bbox 245 491 2063 540; baseline 0 -12"><span class='ocrx_word' id='word_1_27' title='bbox 245 494 446 529; x_wconf 71' lang='lat' dir='ltr'>aethereis</span> <span class='ocrx_word' id='word_1_28' title='bbox 472 494 656 527; x_wconf 71' lang='lat' dir='ltr'>diversae</span> <span class='ocrx_word' id='word_1_29' title='bbox 681 493 848 536; x_wconf 83' lang='lat' dir='ltr'>indolis,</span> <span class='ocrx_word' id='word_1_30' title='bbox 881 496 917 526; x_wconf 85' lang='lat' dir='ltr'>et</span> <span class='ocrx_word' id='word_1_31' title='bbox 941 493 1117 526; x_wconf 86' lang='lat' dir='ltr'>nondum</span> <span class='ocrx_word' id='word_1_32' title='bbox 1140 491 1243 525; x_wconf 80' lang='lat' dir='ltr'>satis</span> <span class='ocrx_word' id='word_1_33' title='bbox 1268 493 1489 532; x_wconf 73' lang='lat' dir='ltr'><strong>exploratis</strong></span> <span class='ocrx_word' id='word_1_34' title='bbox 1516 492 1665 539; x_wconf 83' lang='lat' dir='ltr'>foetae,</span> <span class='ocrx_word' id='word_1_35' title='bbox 1698 494 1872 528; x_wconf 77' lang='lat' dir='ltr'>resinam</span> <span class='ocrx_word' id='word_1_36' title='bbox 1889 496 2063 540; x_wconf 88' lang='lat' dir='ltr'>mollem,</span> 
     </span>
     <span class='ocr_line' id='line_1_7' title="bbox 248 547 2068 593; baseline -0.001 -8"><span class='ocrx_word' id='word_1_37' title='bbox 248 549 507 585; x_wconf 80' lang='lat' dir='ltr'>aromaticam</span> <span class='ocrx_word' id='word_1_38' title='bbox 527 553 563 584; x_wconf 86' lang='lat' dir='ltr'>et</span> <span class='ocrx_word' id='word_1_39' title='bbox 583 552 781 592; x_wconf 77' lang='lat' dir='ltr'>urentem,</span> <span class='ocrx_word' id='word_1_40' title='bbox 807 547 1050 589; x_wconf 66' lang='lat' dir='ltr'>Fapsicinae</span> <span class='ocrx_word' id='word_1_41' title='bbox 1067 549 1354 589; x_wconf 80' lang='lat' dir='ltr'>quodammodo</span> <span class='ocrx_word' id='word_1_42' title='bbox 1372 548 1566 593; x_wconf 82' lang='lat' dir='ltr'>similem,</span> <span class='ocrx_word' id='word_1_43' title='bbox 1586 550 1857 584; x_wconf 73' lang='lat' dir='ltr'>substantiam</span> <span class='ocrx_word' id='word_1_44' title='bbox 1875 550 2068 584; x_wconf 87' lang='lat' dir='ltr'>extracti-</span> 
     </span>
     <span class='ocr_line' id='line_1_8' title="bbox 245 603 2064 650; baseline -0.001 -8"><span class='ocrx_word' id='word_1_45' title='bbox 245 615 337 642; x_wconf 82' lang='lat' dir='ltr'>vam</span> <span class='ocrx_word' id='word_1_46' title='bbox 366 614 545 640; x_wconf 79' lang='lat' dir='ltr'>amarant</span> <span class='ocrx_word' id='word_1_47' title='bbox 577 603 918 650; x_wconf 66' lang='lat' dir='ltr'>(Zmioarinam),</span> <span class='ocrx_word' id='word_1_48' title='bbox 950 605 1140 645; x_wconf 84' lang='lat' dir='ltr'>maj0rem</span> <span class='ocrx_word' id='word_1_49' title='bbox 1167 607 1234 638; x_wconf 85' lang='lat' dir='ltr'>aut</span> <span class='ocrx_word' id='word_1_50' title='bbox 1266 604 1458 639; x_wconf 78' lang='lat' dir='ltr'>minorem</span> <span class='ocrx_word' id='word_1_51' title='bbox 1482 606 1608 646; x_wconf 76' lang='lat' dir='ltr'>amyli</span> <span class='ocrx_word' id='word_1_52' title='bbox 1634 606 1810 650; x_wconf 88' lang='lat' dir='ltr'>copiam,</span> <span class='ocrx_word' id='word_1_53' title='bbox 1843 608 2064 641; x_wconf 80' lang='lat' dir='ltr'>nonnullae</span> 
     </span>
     <span class='ocr_line' id='line_1_9' title="bbox 247 658 2066 705; baseline 0 -8"><span class='ocrx_word' id='word_1_54' title='bbox 247 663 491 705; x_wconf 84' lang='lat' dir='ltr'>principium</span> <span class='ocrx_word' id='word_1_55' title='bbox 516 664 703 696; x_wconf 85' lang='lat' dir='ltr'>colorans</span> <span class='ocrx_word' id='word_1_56' title='bbox 728 660 895 705; x_wconf 75' lang='lat' dir='ltr'>flavum,</span> <span class='ocrx_word' id='word_1_57' title='bbox 929 660 969 694; x_wconf 87' lang='lat' dir='ltr'>in</span> <span class='ocrx_word' id='word_1_58' title='bbox 994 669 1099 702; x_wconf 78' lang='lat' dir='ltr'>aqua</span> <span class='ocrx_word' id='word_1_59' title='bbox 1116 661 1222 695; x_wconf 86' lang='lat' dir='ltr'>haud</span> <span class='ocrx_word' id='word_1_60' title='bbox 1240 662 1478 695; x_wconf 82' lang='lat' dir='ltr'>solvendum</span> <span class='ocrx_word' id='word_1_61' title='bbox 1496 658 1830 705; x_wconf 72' lang='lat' dir='ltr'>(CurcuminamJ</span> <span class='ocrx_word' id='word_1_62' title='bbox 1848 662 2066 698; x_wconf 80' lang='lat' dir='ltr'>continent.</span> 
     </span>
     <span class='ocr_line' id='line_1_10' title="bbox 248 716 2069 760; baseline -0.001 -7"><span class='ocrx_word' id='word_1_63' title='bbox 248 718 512 754; x_wconf 78' lang='lat' dir='ltr'>substantiae</span> <span class='ocrx_word' id='word_1_64' title='bbox 544 717 790 752; x_wconf 70' lang='lat' dir='ltr'>aromaticae</span> <span class='ocrx_word' id='word_1_65' title='bbox 820 716 860 750; x_wconf 90' lang='lat' dir='ltr'>in</span> <span class='ocrx_word' id='word_1_66' title='bbox 892 717 1099 752; x_wconf 75' lang='lat' dir='ltr'>radicibus</span> <span class='ocrx_word' id='word_1_67' title='bbox 1126 718 1378 752; x_wconf 73' lang='lat' dir='ltr'>abundantes</span> <span class='ocrx_word' id='word_1_68' title='bbox 1401 717 1442 751; x_wconf 91' lang='lat' dir='ltr'>in</span> <span class='ocrx_word' id='word_1_69' title='bbox 1467 718 1649 759; x_wconf 87' lang='lat' dir='ltr'>partibus</span> <span class='ocrx_word' id='word_1_70' title='bbox 1674 717 1884 753; x_wconf 81' lang='lat' dir='ltr'>herbaceis</span> <span class='ocrx_word' id='word_1_71' title='bbox 1909 718 2069 760; x_wconf 83' lang='lat' dir='ltr'>parcis-</span> 
     </span>
     <span class='ocr_line' id='line_1_11' title="bbox 248 772 2069 816; baseline -0.001 -6"><span class='ocrx_word' id='word_1_72' title='bbox 248 775 349 810; x_wconf 86' lang='lat' dir='ltr'>sime</span> <span class='ocrx_word' id='word_1_73' title='bbox 373 774 642 816; x_wconf 83' lang='lat' dir='ltr'>reperiuntur,</span> <span class='ocrx_word' id='word_1_74' title='bbox 676 773 716 806; x_wconf 92' lang='lat' dir='ltr'>in</span> <span class='ocrx_word' id='word_1_75' title='bbox 742 772 940 807; x_wconf 84' lang='lat' dir='ltr'>fructibus</span> <span class='ocrx_word' id='word_1_76' title='bbox 967 773 1229 815; x_wconf 86' lang='lat' dir='ltr'>plurimarum</span> <span class='ocrx_word' id='word_1_77' title='bbox 1252 782 1340 808; x_wconf 90' lang='lat' dir='ltr'>cum</span> <span class='ocrx_word' id='word_1_78' title='bbox 1365 774 1468 808; x_wconf 88' lang='lat' dir='ltr'>oleis</span> <span class='ocrx_word' id='word_1_79' title='bbox 1493 774 1692 808; x_wconf 79' lang='lat' dir='ltr'>aethereis</span> <span class='ocrx_word' id='word_1_80' title='bbox 1726 774 1932 816; x_wconf 75' lang='lat' dir='ltr'>copiosius</span> <span class='ocrx_word' id='word_1_81' title='bbox 1963 773 2069 809; x_wconf 87' lang='lat' dir='ltr'>resi—</span> 
     </span>
     <span class='ocr_line' id='line_1_12' title="bbox 250 829 2070 872; baseline -0.001 -7"><span class='ocrx_word' id='word_1_82' title='bbox 250 833 401 866; x_wconf 83' lang='lat' dir='ltr'>dentes.</span> <span class='ocrx_word' id='word_1_83' title='bbox 460 830 731 865; x_wconf 87' lang='lat' dir='ltr'>Plurimarum</span> <span class='ocrx_word' id='word_1_84' title='bbox 755 829 914 864; x_wconf 82' lang='lat' dir='ltr'>radices</span> <span class='ocrx_word' id='word_1_85' title='bbox 939 833 974 863; x_wconf 86' lang='lat' dir='ltr'>et</span> <span class='ocrx_word' id='word_1_86' title='bbox 1002 829 1158 864; x_wconf 82' lang='lat' dir='ltr'>fructus</span> <span class='ocrx_word' id='word_1_87' title='bbox 1183 831 1232 864; x_wconf 86' lang='lat' dir='ltr'>ab</span> <span class='ocrx_word' id='word_1_88' title='bbox 1257 829 1555 871; x_wconf 82' lang='lat' dir='ltr'>antiquissimis</span> <span class='ocrx_word' id='word_1_89' title='bbox 1582 830 1828 872; x_wconf 86' lang='lat' dir='ltr'>temporibus</span> <span class='ocrx_word' id='word_1_90' title='bbox 1852 830 1956 865; x_wconf 90' lang='lat' dir='ltr'>inter</span> <span class='ocrx_word' id='word_1_91' title='bbox 1973 839 2070 865; x_wconf 88' lang='lat' dir='ltr'>con-</span> 
     </span>
     <span class='ocr_line' id='line_1_13' title="bbox 247 884 2069 933; baseline -0.001 -11"><span class='ocrx_word' id='word_1_92' title='bbox 247 889 424 922; x_wconf 83' lang='lat' dir='ltr'>dimenta</span> <span class='ocrx_word' id='word_1_93' title='bbox 457 887 654 929; x_wconf 81' lang='lat' dir='ltr'>usitatae,</span> <span class='ocrx_word' id='word_1_94' title='bbox 701 894 726 920; x_wconf 82' lang='lat' dir='ltr'>a</span> <span class='ocrx_word' id='word_1_95' title='bbox 761 885 928 920; x_wconf 85' lang='lat' dir='ltr'>medicis</span> <span class='ocrx_word' id='word_1_96' title='bbox 965 884 1070 920; x_wconf 87' lang='lat' dir='ltr'>inter</span> <span class='ocrx_word' id='word_1_97' title='bbox 1107 886 1283 920; x_wconf 87' lang='lat' dir='ltr'>remedia</span> <span class='ocrx_word' id='word_1_98' title='bbox 1319 886 1594 932; x_wconf 86' lang='lat' dir='ltr'>stimulantia,</span> <span class='ocrx_word' id='word_1_99' title='bbox 1641 886 2069 933; x_wconf 86' lang='lat' dir='ltr'>aethereo-resinosa,</span> 
     </span>
     <span class='ocr_line' id='line_1_14' title="bbox 248 941 2070 988; baseline -0.002 -9"><span class='ocrx_word' id='word_1_100' title='bbox 248 945 485 987; x_wconf 73' lang='lat' dir='ltr'>nonnullae,</span> <span class='ocrx_word' id='word_1_101' title='bbox 512 943 553 976; x_wconf 93' lang='lat' dir='ltr'>in</span> <span class='ocrx_word' id='word_1_102' title='bbox 573 942 719 983; x_wconf 84' lang='lat' dir='ltr'>quibus</span> <span class='ocrx_word' id='word_1_103' title='bbox 737 942 969 978; x_wconf 81' lang='lat' dir='ltr'>substantia</span> <span class='ocrx_word' id='word_1_104' title='bbox 986 941 1212 977; x_wconf 85' lang='lat' dir='ltr'>extractiva</span> <span class='ocrx_word' id='word_1_105' title='bbox 1223 944 1444 988; x_wconf 84' lang='lat' dir='ltr'>praevalet,</span> <span class='ocrx_word' id='word_1_106' title='bbox 1463 945 1510 977; x_wconf 88' lang='lat' dir='ltr'>ob</span> <span class='ocrx_word' id='word_1_107' title='bbox 1529 942 1610 977; x_wconf 85' lang='lat' dir='ltr'>vim</span> <span class='ocrx_word' id='word_1_108' title='bbox 1626 942 1801 978; x_wconf 83' lang='lat' dir='ltr'>tonicam</span> <span class='ocrx_word' id='word_1_109' title='bbox 1818 943 2070 978; x_wconf 79' lang='lat' dir='ltr'>adhibentur.</span> 
     </span>
    </p>
   </div>
   <div class='ocr_carea' id='block_1_5' title="bbox 186 994 2071 1044">
    <p class='ocr_par' dir='ltr' id='par_1_5' title="bbox 186 994 2071 1044">
     <span class='ocr_line' id='line_1_15' title="bbox 186 994 2071 1044; baseline -0.002 -8"><span class='ocrx_word' id='word_1_110' title='bbox 186 999 187 1004; x_wconf 74' lang='grc'>’</span> <span class='ocrx_word' id='word_1_111' title='bbox 246 1003 293 1036; x_wconf 92' lang='lat' dir='ltr'>In</span> <span class='ocrx_word' id='word_1_112' title='bbox 324 999 498 1034; x_wconf 85' lang='lat' dir='ltr'>officinis</span> <span class='ocrx_word' id='word_1_113' title='bbox 521 998 669 1033; x_wconf 86' lang='lat' dir='ltr'>nostris</span> <span class='ocrx_word' id='word_1_114' title='bbox 694 994 927 1044; x_wconf 62' lang='lat' dir='ltr'>Ze‘regw&#39;bcris</span> <span class='ocrx_word' id='word_1_115' title='bbox 952 1001 988 1032; x_wconf 90' lang='lat' dir='ltr'>et</span> <span class='ocrx_word' id='word_1_116' title='bbox 1015 995 1237 1043; x_wconf 71' lang='lat' dir='ltr'>Galmegae</span> <span class='ocrx_word' id='word_1_117' title='bbox 1268 999 1426 1033; x_wconf 83' lang='lat' dir='ltr'>radices</span> <span class='ocrx_word' id='word_1_118' title='bbox 1459 1002 1659 1044; x_wconf 77' lang='lat' dir='ltr'>prostant,</span> <span class='ocrx_word' id='word_1_119' title='bbox 1692 999 1946 1041; x_wconf 84' lang='lat' dir='ltr'>praeparatis</span> <span class='ocrx_word' id='word_1_120' title='bbox 1969 996 2071 1033; x_wconf 66' lang='lat' dir='ltr'>non-&#39;-</span> 
     </span>
    </p>
   </div>
   <div class='ocr_carea' id='block_1_6' title="bbox 245 1054 2071 1158">
    <p class='ocr_par' dir='ltr' id='par_1_6' title="bbox 245 1054 2071 1158">
     <span class='ocr_line' id='line_1_16' title="bbox 245 1054 2071 1098; baseline -0.001 -6"><span class='ocrx_word' id='word_1_121' title='bbox 245 1056 374 1092; x_wconf 81' lang='lat' dir='ltr'>nullis</span> <span class='ocrx_word' id='word_1_122' title='bbox 406 1054 640 1090; x_wconf 82' lang='lat' dir='ltr'>aromaticis</span> <span class='ocrx_word' id='word_1_123' title='bbox 671 1055 971 1090; x_wconf 82' lang='lat' dir='ltr'>admiscendae.</span> <span class='ocrx_word' id='word_1_124' title='bbox 1030 1055 1167 1089; x_wconf 81' lang='lat' dir='ltr'>Radix</span> <span class='ocrx_word' id='word_1_125' title='bbox 1197 1054 1421 1091; x_wconf 81' lang='lat' dir='ltr'>Curcumae</span> <span class='ocrx_word' id='word_1_126' title='bbox 1452 1056 1503 1090; x_wconf 87' lang='lat' dir='ltr'>ad</span> <span class='ocrx_word' id='word_1_127' title='bbox 1531 1055 1756 1098; x_wconf 86' lang='lat' dir='ltr'>parandam</span> <span class='ocrx_word' id='word_1_128' title='bbox 1786 1058 1969 1091; x_wconf 88' lang='lat' dir='ltr'>chartam</span> <span class='ocrx_word' id='word_1_129' title='bbox 1999 1063 2071 1090; x_wconf 90' lang='lat' dir='ltr'>ex-</span> 
     </span>
     <span class='ocr_line' id='line_1_17' title="bbox 247 1111 780 1158; baseline -0.006 -9"><span class='ocrx_word' id='word_1_130' title='bbox 247 1111 511 1158; x_wconf 81' lang='lat' dir='ltr'>ploratoriam</span> <span class='ocrx_word' id='word_1_131' title='bbox 527 1115 689 1154; x_wconf 83' lang='lat' dir='ltr'>praesto</span> <span class='ocrx_word' id='word_1_132' title='bbox 707 1114 780 1147; x_wconf 86' lang='lat' dir='ltr'>est.</span> 
     </span>
    </p>
   </div>
   <div class='ocr_carea' id='block_1_7' title="bbox 247 1178 2074 1615">
    <p class='ocr_par' dir='ltr' id='par_1_7' title="bbox 247 1178 2074 1615">
     <span class='ocr_line' id='line_1_18' title="bbox 391 1178 2071 1230; baseline 0.001 -15"><span class='ocrx_word' id='word_1_133' title='bbox 391 1178 587 1228; x_wconf 70' lang='lat' dir='ltr'>Zz’nge&#39;ber</span> <span class='ocrx_word' id='word_1_134' title='bbox 611 1178 831 1230; x_wconf 63' lang='lat' dir='ltr'>offic-inula</span> <span class='ocrx_word' id='word_1_135' title='bbox 853 1182 972 1217; x_wconf 86' lang='lat' dir='ltr'>Rosc.</span> <span class='ocrx_word' id='word_1_136' title='bbox 1000 1180 1042 1216; x_wconf 89' lang='lat' dir='ltr'>in</span> <span class='ocrx_word' id='word_1_137' title='bbox 1059 1180 1165 1217; x_wconf 86' lang='lat' dir='ltr'>Asia</span> <span class='ocrx_word' id='word_1_138' title='bbox 1191 1180 1346 1223; x_wconf 88' lang='lat' dir='ltr'>tropica</span> <span class='ocrx_word' id='word_1_139' title='bbox 1371 1181 1537 1227; x_wconf 88' lang='lat' dir='ltr'>colitur,</span> <span class='ocrx_word' id='word_1_140' title='bbox 1570 1183 1620 1216; x_wconf 87' lang='lat' dir='ltr'>ab</span> <span class='ocrx_word' id='word_1_141' title='bbox 1639 1179 1836 1224; x_wconf 84' lang='lat' dir='ltr'>Hispanis</span> <span class='ocrx_word' id='word_1_142' title='bbox 1852 1179 1894 1216; x_wconf 89' lang='lat' dir='ltr'>in</span> <span class='ocrx_word' id='word_1_143' title='bbox 1911 1180 2071 1217; x_wconf 85' lang='lat' dir='ltr'>insulas</span> 
     </span>
     <span class='ocr_line' id='line_1_19' title="bbox 247 1238 2071 1283; baseline -0.002 -8"><span class='ocrx_word' id='word_1_144' title='bbox 247 1239 487 1279; x_wconf 81' lang='lat' dir='ltr'>Antillanas</span> <span class='ocrx_word' id='word_1_145' title='bbox 511 1241 868 1281; x_wconf 80' lang='lat' dir='ltr'>transplantatum.</span> <span class='ocrx_word' id='word_1_146' title='bbox 926 1238 1267 1274; x_wconf 84' lang='lat' dir='ltr'>Ferambotanici</span> <span class='ocrx_word' id='word_1_147' title='bbox 1285 1239 1458 1273; x_wconf 89' lang='lat' dir='ltr'>nondum</span> <span class='ocrx_word' id='word_1_148' title='bbox 1477 1238 1640 1272; x_wconf 83' lang='lat' dir='ltr'>obviam</span> <span class='ocrx_word' id='word_1_149' title='bbox 1656 1239 1903 1283; x_wconf 82' lang='lat' dir='ltr'>habuerunt,</span> <span class='ocrx_word' id='word_1_150' title='bbox 1935 1240 2071 1273; x_wconf 89' lang='lat' dir='ltr'>cultae</span> 
     </span>
     <span class='ocr_line' id='line_1_20' title="bbox 249 1291 2072 1340; baseline -0.002 -7"><span class='ocrx_word' id='word_1_151' title='bbox 249 1297 368 1333; x_wconf 84' lang='lat' dir='ltr'>radix</span> <span class='ocrx_word' id='word_1_152' title='bbox 385 1293 568 1329; x_wconf 69' lang='lat' dir='ltr'>radicem</span> <span class='ocrx_word' id='word_1_153' title='bbox 589 1292 823 1340; x_wconf 72' lang='lat' dir='ltr'>Ze‘nge&#39;bere&#39;s</span> <span class='ocrx_word' id='word_1_154' title='bbox 841 1292 955 1340; x_wconf 69' lang='lat' dir='ltr'>nigri</span> <span class='ocrx_word' id='word_1_155' title='bbox 974 1294 1103 1340; x_wconf 84' lang='lat' dir='ltr'>sistit,</span> <span class='ocrx_word' id='word_1_156' title='bbox 1138 1291 1336 1339; x_wconf 63' lang='lat' dir='ltr'>Zr&#39;ngi&#39;ber</span> <span class='ocrx_word' id='word_1_157' title='bbox 1353 1292 1491 1328; x_wconf 78' lang='lat' dir='ltr'>album</span> <span class='ocrx_word' id='word_1_158' title='bbox 1509 1293 1719 1338; x_wconf 66' lang='lat' dir='ltr'>(Ingwer)</span> <span class='ocrx_word' id='word_1_159' title='bbox 1736 1294 1777 1329; x_wconf 91' lang='lat' dir='ltr'>in</span> <span class='ocrx_word' id='word_1_160' title='bbox 1793 1294 1965 1329; x_wconf 82' lang='lat' dir='ltr'>officinis</span> <span class='ocrx_word' id='word_1_161' title='bbox 1984 1304 2072 1330; x_wconf 80' lang='lat' dir='ltr'>ser-</span> 
     </span>
     <span class='ocr_line' id='line_1_21' title="bbox 247 1347 2074 1398; baseline -0.001 -10"><span class='ocrx_word' id='word_1_162' title='bbox 247 1355 449 1398; x_wconf 70' lang='lat' dir='ltr'>vandum,</span> <span class='ocrx_word' id='word_1_163' title='bbox 481 1353 660 1394; x_wconf 84' lang='lat' dir='ltr'>ejusdem</span> <span class='ocrx_word' id='word_1_164' title='bbox 691 1351 842 1393; x_wconf 83' lang='lat' dir='ltr'>speciei</span> <span class='ocrx_word' id='word_1_165' title='bbox 874 1351 992 1385; x_wconf 81' lang='lat' dir='ltr'>radix</span> <span class='ocrx_word' id='word_1_166' title='bbox 1016 1354 1077 1385; x_wconf 80' lang='lat' dir='ltr'>est</span> <span class='ocrx_word' id='word_1_167' title='bbox 1102 1351 1357 1386; x_wconf 82' lang='lat' dir='ltr'>decorticata.</span> <span class='ocrx_word' id='word_1_168' title='bbox 1418 1347 1615 1396; x_wconf 69' lang='lat' dir='ltr'>Zingiber</span> <span class='ocrx_word' id='word_1_169' title='bbox 1642 1347 1867 1384; x_wconf 67' lang='lat' dir='ltr'>Zerumbet</span> <span class='ocrx_word' id='word_1_170' title='bbox 1888 1351 2009 1386; x_wconf 87' lang='lat' dir='ltr'>Rosc.</span> <span class='ocrx_word' id='word_1_171' title='bbox 2035 1354 2074 1386; x_wconf 82' lang='lat' dir='ltr'>et</span> 
     </span>
     <span class='ocr_line' id='line_1_22' title="bbox 252 1403 2074 1455; baseline -0.002 -12"><span class='ocrx_word' id='word_1_172' title='bbox 252 1407 449 1455; x_wconf 73' lang='lat' dir='ltr'>Zingiber</span> <span class='ocrx_word' id='word_1_173' title='bbox 487 1407 732 1441; x_wconf 73' lang='lat' dir='ltr'>mum-iectus</span> <span class='ocrx_word' id='word_1_174' title='bbox 769 1409 901 1442; x_wconf 90' lang='lat' dir='ltr'>Blum.</span> <span class='ocrx_word' id='word_1_175' title='bbox 942 1405 1126 1439; x_wconf 76' lang='lat' dir='ltr'>radicem</span> <span class='ocrx_word' id='word_1_176' title='bbox 1160 1403 1385 1440; x_wconf 78' lang='lat' dir='ltr'>Zerumbel·</span> <span class='ocrx_word' id='word_1_177' title='bbox 1414 1406 1826 1450; x_wconf 79' lang='lat' dir='ltr'>[Block-Ingwer]‚</span> <span class='ocrx_word' id='word_1_178' title='bbox 1875 1403 2074 1452; x_wconf 72' lang='lat' dir='ltr'>Zi‘agiber</span> 
     </span>
     <span class='ocr_line' id='line_1_23' title="bbox 253 1452 2071 1505; baseline -0.001 -7"><span class='ocrx_word' id='word_1_179' title='bbox 253 1465 544 1499; x_wconf 72' lang='lat' dir='ltr'>Cctssmummr</span> <span class='ocrx_word' id='word_1_180' title='bbox 560 1466 689 1499; x_wconf 85' lang='lat' dir='ltr'>Roxb.</span> <span class='ocrx_word' id='word_1_181' title='bbox 715 1461 901 1496; x_wconf 70' lang='lat' dir='ltr'>radicem</span> <span class='ocrx_word' id='word_1_182' title='bbox 922 1460 1213 1499; x_wconf 67' lang='lat' dir='ltr'>Cassammmr</span> <span class='ocrx_word' id='word_1_183' title='bbox 1229 1473 1261 1498; x_wconf 89' lang='lat' dir='ltr'>s.</span> <span class='ocrx_word' id='word_1_184' title='bbox 1275 1460 1511 1497; x_wconf 70' lang='lat' dir='ltr'>Zedoarme</span> <span class='ocrx_word' id='word_1_185' title='bbox 1527 1461 1667 1496; x_wconf 64' lang='lat' dir='ltr'>luteae</span> <span class='ocrx_word' id='word_1_186' title='bbox 1685 1452 2071 1505; x_wconf 81' lang='lat' dir='ltr'>[Block-Zittwer&#39;]</span> 
     </span>
     <span class='ocr_line' id='line_1_24' title="bbox 249 1517 2074 1568; baseline -0.002 -11"><span class='ocrx_word' id='word_1_187' title='bbox 249 1524 454 1566; x_wconf 83' lang='lat' dir='ltr'>praebent.</span> <span class='ocrx_word' id='word_1_188' title='bbox 516 1517 712 1566; x_wconf 68' lang='lat' dir='ltr'>Zz&#39;agv’bcr</span> <span class='ocrx_word' id='word_1_189' title='bbox 734 1517 900 1554; x_wconf 71' lang='lat' dir='ltr'>dubium</span> <span class='ocrx_word' id='word_1_190' title='bbox 923 1519 1016 1555; x_wconf 83' lang='lat' dir='ltr'><strong>Afz.</strong></span> <span class='ocrx_word' id='word_1_191' title='bbox 1041 1519 1085 1557; x_wconf 90' lang='lat' dir='ltr'>in</span> <span class='ocrx_word' id='word_1_192' title='bbox 1108 1519 1266 1555; x_wconf 86' lang='lat' dir='ltr'>Guinea</span> <span class='ocrx_word' id='word_1_193' title='bbox 1289 1520 1492 1568; x_wconf 80' lang='lat' dir='ltr'>nascitur,</span> <span class='ocrx_word' id='word_1_194' title='bbox 1525 1519 1630 1555; x_wconf 88' lang='lat' dir='ltr'>inter</span> <span class='ocrx_word' id='word_1_195' title='bbox 1644 1518 1933 1556; x_wconf 81' lang='lat' dir='ltr'>Africanorum</span> <span class='ocrx_word' id='word_1_196' title='bbox 1949 1521 2074 1564; x_wconf 86' lang='lat' dir='ltr'>phar-</span> 
     </span>
     <span class='ocr_line' id='line_1_25' title="bbox 249 1577 845 1615; baseline -0.005 0"><span class='ocrx_word' id='word_1_197' title='bbox 249 1588 366 1615; x_wconf 55' lang='lat' dir='ltr'>maca</span> <span class='ocrx_word' id='word_1_198' title='bbox 383 1577 605 1614; x_wconf 84' lang='lat' dir='ltr'>aromatica</span> <span class='ocrx_word' id='word_1_199' title='bbox 621 1577 845 1612; x_wconf 86' lang='lat' dir='ltr'>laudatum.</span> 
     </span>
    </p>
   </div>
   <div class='ocr_carea' id='block_1_8' title="bbox 250 1644 2093 2489">
    <p class='ocr_par' dir='ltr' id='par_1_8' title="bbox 250 1644 2093 2489">
     <span class='ocr_line' id='line_1_26' title="bbox 394 1644 2074 1693; baseline -0.002 -9"><span class='ocrx_word' id='word_1_200' title='bbox 394 1646 569 1684; x_wconf 68' lang='lat' dir='ltr'>Radv&#39;cz‘s</span> <span class='ocrx_word' id='word_1_201' title='bbox 589 1644 811 1693; x_wconf 75' lang='lat' dir='ltr'>Galangae</span> <span class='ocrx_word' id='word_1_202' title='bbox 836 1645 1223 1691; x_wconf 78' lang='lat' dir='ltr'>(GalgantwurzeD</span> <span class='ocrx_word' id='word_1_203' title='bbox 1248 1646 1409 1690; x_wconf 87' lang='lat' dir='ltr'>species</span> <span class='ocrx_word' id='word_1_204' title='bbox 1433 1648 1571 1689; x_wconf 83' lang='lat' dir='ltr'>plures</span> <span class='ocrx_word' id='word_1_205' title='bbox 1595 1647 1703 1689; x_wconf 83' lang='lat' dir='ltr'>apud</span> <span class='ocrx_word' id='word_1_206' title='bbox 1718 1646 1838 1682; x_wconf 90' lang='lat' dir='ltr'>Indos</span> <span class='ocrx_word' id='word_1_207' title='bbox 1855 1655 1935 1681; x_wconf 86' lang='lat' dir='ltr'>non</span> <span class='ocrx_word' id='word_1_208' title='bbox 1952 1645 2074 1681; x_wconf 88' lang='lat' dir='ltr'>certis</span> 
     </span>
     <span class='ocr_line' id='line_1_27' title="bbox 250 1703 2075 1756; baseline -0.002 -14"><span class='ocrx_word' id='word_1_209' title='bbox 250 1706 447 1743; x_wconf 90' lang='lat' dir='ltr'>matribus</span> <span class='ocrx_word' id='word_1_210' title='bbox 465 1708 701 1750; x_wconf 76' lang='lat' dir='ltr'>generatae,</span> <span class='ocrx_word' id='word_1_211' title='bbox 728 1703 875 1739; x_wconf 84' lang='lat' dir='ltr'>exoleti</span> <span class='ocrx_word' id='word_1_212' title='bbox 894 1703 976 1739; x_wconf 85' lang='lat' dir='ltr'>fere</span> <span class='ocrx_word' id='word_1_213' title='bbox 993 1713 1094 1739; x_wconf 90' lang='lat' dir='ltr'>usus</span> <span class='ocrx_word' id='word_1_214' title='bbox 1113 1706 1220 1739; x_wconf 87' lang='lat' dir='ltr'>sunt.</span> <span class='ocrx_word' id='word_1_215' title='bbox 1265 1704 1459 1756; x_wconf 49' lang='lat' dir='ltr'>Reficem</span> <span class='ocrx_word' id='word_1_216' title='bbox 1476 1705 1686 1747; x_wconf 86' lang='lat' dir='ltr'>Galangae</span> <span class='ocrx_word' id='word_1_217' title='bbox 1702 1703 1868 1745; x_wconf 90' lang='lat' dir='ltr'>majoris</span> <span class='ocrx_word' id='word_1_218' title='bbox 1886 1713 1919 1739; x_wconf 89' lang='lat' dir='ltr'>s.</span> <span class='ocrx_word' id='word_1_219' title='bbox 1935 1711 2075 1738; x_wconf 81' lang='lat' dir='ltr'>veram</span> 
     </span>
     <span class='ocr_line' id='line_1_28' title="bbox 252 1756 2074 1806; baseline -0.003 -8"><span class='ocrx_word' id='word_1_220' title='bbox 252 1763 475 1806; x_wconf 79' lang='lat' dir='ltr'>(Suyanha</span> <span class='ocrx_word' id='word_1_221' title='bbox 504 1758 699 1803; x_wconf 65' lang='lat' dir='ltr'>Sensim]</span> <span class='ocrx_word' id='word_1_222' title='bbox 730 1756 983 1805; x_wconf 60' lang='lat' dir='ltr'>ex-Aspv&#39;m&#39;a</span> <span class='ocrx_word' id='word_1_223' title='bbox 1017 1757 1217 1806; x_wconf 74' lang='lat' dir='ltr'>Galanga</span> <span class='ocrx_word' id='word_1_224' title='bbox 1247 1761 1331 1796; x_wconf 88' lang='lat' dir='ltr'>SW.</span> <span class='ocrx_word' id='word_1_225' title='bbox 1366 1758 1521 1803; x_wconf 81' lang='lat' dir='ltr'>[Ladja</span> <span class='ocrx_word' id='word_1_226' title='bbox 1543 1762 1655 1795; x_wconf 87' lang='lat' dir='ltr'>betul</span> <span class='ocrx_word' id='word_1_227' title='bbox 1678 1759 1849 1803; x_wconf 81' lang='lat' dir='ltr'>Javan.]</span> <span class='ocrx_word' id='word_1_228' title='bbox 1875 1762 2074 1805; x_wconf 83' lang='lat' dir='ltr'>repetunt,</span> 
     </span>
     <span class='ocr_line' id='line_1_29' title="bbox 253 1812 2075 1861; baseline -0.004 -6"><span class='ocrx_word' id='word_1_229' title='bbox 253 1819 421 1856; x_wconf 87' lang='lat' dir='ltr'>minoris</span> <span class='ocrx_word' id='word_1_230' title='bbox 445 1817 641 1861; x_wconf 78' lang='lat' dir='ltr'>[Rastma</span> <span class='ocrx_word' id='word_1_231' title='bbox 656 1816 850 1860; x_wconf 87' lang='lat' dir='ltr'>Sanskr.]</span> <span class='ocrx_word' id='word_1_232' title='bbox 876 1818 1038 1852; x_wconf 83' lang='lat' dir='ltr'>natales</span> <span class='ocrx_word' id='word_1_233' title='bbox 1062 1818 1184 1859; x_wconf 86' lang='lat' dir='ltr'>plane</span> <span class='ocrx_word' id='word_1_234' title='bbox 1201 1816 1347 1852; x_wconf 88' lang='lat' dir='ltr'>dubiae</span> <span class='ocrx_word' id='word_1_235' title='bbox 1363 1820 1472 1852; x_wconf 86' lang='lat' dir='ltr'>sunt.</span> <span class='ocrx_word' id='word_1_236' title='bbox 1530 1818 1596 1852; x_wconf 88' lang='lat' dir='ltr'>Ex</span> <span class='ocrx_word' id='word_1_237' title='bbox 1612 1812 1784 1860; x_wconf 71' lang='lat' dir='ltr'>Alpium</span> <span class='ocrx_word' id='word_1_238' title='bbox 1793 1813 2075 1860; x_wconf 64' lang='lat' dir='ltr'>pyramidum</span> 
     </span>
     <span class='ocr_line' id='line_1_30' title="bbox 251 1869 2076 1919; baseline -0.003 -8"><span class='ocrx_word' id='word_1_239' title='bbox 251 1879 383 1912; x_wconf 83' lang='lat' dir='ltr'>Blum.</span> <span class='ocrx_word' id='word_1_240' title='bbox 417 1873 571 1917; x_wconf 85' lang='lat' dir='ltr'>(Ladja</span> <span class='ocrx_word' id='word_1_241' title='bbox 595 1873 765 1916; x_wconf 58' lang='grc' dir='ltr'>δέη-ειη.)</span> <span class='ocrx_word' id='word_1_242' title='bbox 791 1876 826 1908; x_wconf 89' lang='lat' dir='ltr'>et</span> <span class='ocrx_word' id='word_1_243' title='bbox 852 1869 1025 1918; x_wconf 69' lang='lat' dir='ltr'>Alpium</span> <span class='ocrx_word' id='word_1_244' title='bbox 1048 1869 1254 1919; x_wconf 76' lang='lat' dir='ltr'>Allughzas</span> <span class='ocrx_word' id='word_1_245' title='bbox 1278 1874 1406 1907; x_wconf 88' lang='lat' dir='ltr'>Roxb.</span> <span class='ocrx_word' id='word_1_246' title='bbox 1429 1872 1551 1908; x_wconf 87' lang='lat' dir='ltr'>vilior</span> <span class='ocrx_word' id='word_1_247' title='bbox 1572 1882 1727 1908; x_wconf 87' lang='lat' dir='ltr'>merces</span> <span class='ocrx_word' id='word_1_248' title='bbox 1751 1872 1976 1919; x_wconf 81' lang='lat' dir='ltr'>colligitur,</span> <span class='ocrx_word' id='word_1_249' title='bbox 2008 1871 2076 1907; x_wconf 86' lang='lat' dir='ltr'>cui</span> 
     </span>
     <span class='ocr_line' id='line_1_31' title="bbox 253 1926 2076 1977; baseline -0.002 -9"><span class='ocrx_word' id='word_1_250' title='bbox 253 1943 332 1968; x_wconf 84' lang='lat' dir='ltr'>non</span> <span class='ocrx_word' id='word_1_251' title='bbox 366 1942 456 1967; x_wconf 87' lang='lat' dir='ltr'>raro</span> <span class='ocrx_word' id='word_1_252' title='bbox 487 1928 680 1975; x_wconf 58' lang='lat' dir='ltr'>Alpinam</span> <span class='ocrx_word' id='word_1_253' title='bbox 711 1930 906 1964; x_wconf 76' lang='lat' dir='ltr'>nutantis</span> <span class='ocrx_word' id='word_1_254' title='bbox 937 1931 1056 1965; x_wconf 84' lang='lat' dir='ltr'>Rosc.</span> <span class='ocrx_word' id='word_1_255' title='bbox 1089 1932 1125 1964; x_wconf 83' lang='lat' dir='ltr'>et</span> <span class='ocrx_word' id='word_1_256' title='bbox 1192 1927 1447 1977; x_wconf 72' lang='lat' dir='ltr'>’iinepferiae</span> <span class='ocrx_word' id='word_1_257' title='bbox 1481 1926 1705 1974; x_wconf 72' lang='lat' dir='ltr'>Galangcze</span> <span class='ocrx_word' id='word_1_258' title='bbox 1735 1928 1780 1965; x_wconf 90' lang='lat' dir='ltr'>L.</span> <span class='ocrx_word' id='word_1_259' title='bbox 1811 1929 1971 1971; x_wconf 83' lang='lat' dir='ltr'>radices</span> <span class='ocrx_word' id='word_1_260' title='bbox 2002 1930 2076 1964; x_wconf 82' lang='lat' dir='ltr'>ad-</span> 
     </span>
     <span class='ocr_line' id='line_1_32' title="bbox 253 1983 2093 2032; baseline -0.003 -8"><span class='ocrx_word' id='word_1_261' title='bbox 253 1991 404 2026; x_wconf 81' lang='lat' dir='ltr'>mixtae</span> <span class='ocrx_word' id='word_1_262' title='bbox 422 1998 513 2024; x_wconf 82' lang='lat' dir='ltr'>esse</span> <span class='ocrx_word' id='word_1_263' title='bbox 529 1990 672 2024; x_wconf 86' lang='lat' dir='ltr'>solent.</span> <span class='ocrx_word' id='word_1_264' title='bbox 712 1984 858 2021; x_wconf 65' lang='lat' dir='ltr'>Rcalezr</span> <span class='ocrx_word' id='word_1_265' title='bbox 878 1983 1115 2020; x_wconf 62' lang='lat' dir='ltr'>zedam-tae</span> <span class='ocrx_word' id='word_1_266' title='bbox 1133 1983 1353 2029; x_wconf 82' lang='lat' dir='ltr'>[Zittwer]</span> <span class='ocrx_word' id='word_1_267' title='bbox 1371 1985 1581 2029; x_wconf 83' lang='lat' dir='ltr'>Zingiberi</span> <span class='ocrx_word' id='word_1_268' title='bbox 1598 1985 1768 2032; x_wconf 83' lang='lat' dir='ltr'>similis,</span> <span class='ocrx_word' id='word_1_269' title='bbox 1801 1987 1851 2021; x_wconf 79' lang='lat' dir='ltr'>ab</span> <span class='ocrx_word' id='word_1_270' title='bbox 1869 1985 2093 2020; x_wconf 72' lang='lat' dir='ltr'>Arabibus‘</span> 
     </span>
     <span class='ocr_line' id='line_1_33' title="bbox 251 2037 2076 2089; baseline -0.003 -8"><span class='ocrx_word' id='word_1_271' title='bbox 251 2045 532 2081; x_wconf 81' lang='lat' dir='ltr'>vehementius</span> <span class='ocrx_word' id='word_1_272' title='bbox 550 2045 847 2089; x_wconf 86' lang='lat' dir='ltr'>commendata,</span> <span class='ocrx_word' id='word_1_273' title='bbox 880 2054 901 2078; x_wconf 90' lang='lat' dir='ltr'>e</span> <span class='ocrx_word' id='word_1_274' title='bbox 922 2041 1130 2077; x_wconf 74' lang='lat' dir='ltr'>Curcuma</span> <span class='ocrx_word' id='word_1_275' title='bbox 1151 2039 1365 2076; x_wconf 61' lang='lat' dir='ltr'>Zedoara&#39;a</span> <span class='ocrx_word' id='word_1_276' title='bbox 1382 2043 1510 2077; x_wconf 85' lang='lat' dir='ltr'>Roxb.</span> <span class='ocrx_word' id='word_1_277' title='bbox 1528 2045 1565 2077; x_wconf 84' lang='lat' dir='ltr'>et</span> <span class='ocrx_word' id='word_1_278' title='bbox 1583 2052 1604 2077; x_wconf 89' lang='lat' dir='ltr'>e</span> <span class='ocrx_word' id='word_1_279' title='bbox 1625 2039 1834 2076; x_wconf 74' lang='lat' dir='ltr'>Curcuma</span> <span class='ocrx_word' id='word_1_280' title='bbox 1853 2037 2076 2083; x_wconf 78' lang='lat' dir='ltr'>Zerumbet</span> 
     </span>
     <span class='ocr_line' id='line_1_34' title="bbox 253 2096 2077 2145; baseline -0.003 -7"><span class='ocrx_word' id='word_1_281' title='bbox 253 2105 382 2138; x_wconf 78' lang='lat' dir='ltr'>Roxb.</span> <span class='ocrx_word' id='word_1_282' title='bbox 423 2102 641 2138; x_wconf 83' lang='lat' dir='ltr'>derivatur.</span> <span class='ocrx_word' id='word_1_283' title='bbox 713 2100 905 2135; x_wconf 85' lang='lat' dir='ltr'>Radicem</span> <span class='ocrx_word' id='word_1_284' title='bbox 947 2096 1184 2133; x_wconf 65' lang='lat' dir='ltr'>zedam-fae</span> <span class='ocrx_word' id='word_1_285' title='bbox 1222 2097 1371 2145; x_wconf 76' lang='lat' dir='ltr'>longae</span> <span class='ocrx_word' id='word_1_286' title='bbox 1409 2098 1661 2142; x_wconf 85' lang='lat' dir='ltr'>[Zerumbad</span> <span class='ocrx_word' id='word_1_287' title='bbox 1691 2099 1817 2134; x_wconf 76' lang='lat' dir='ltr'>Arai).</span> <span class='ocrx_word' id='word_1_288' title='bbox 1863 2099 2077 2133; x_wconf 83' lang='lat' dir='ltr'>Karchura</span> 
     </span>
     <span class='ocr_line' id='line_1_35' title="bbox 254 2154 2077 2201; baseline -0.003 -6"><span class='ocrx_word' id='word_1_289' title='bbox 254 2157 448 2201; x_wconf 81' lang='lat' dir='ltr'>Sanskr.)</span> <span class='ocrx_word' id='word_1_290' title='bbox 474 2167 498 2193; x_wconf 85' lang='lat' dir='ltr'>a</span> <span class='ocrx_word' id='word_1_291' title='bbox 523 2154 737 2191; x_wconf 65' lang='lat' dir='ltr'>Zedoarae’a</span> <span class='ocrx_word' id='word_1_292' title='bbox 760 2154 946 2190; x_wconf 70' lang='lat' dir='ltr'>rotunda</span> <span class='ocrx_word' id='word_1_293' title='bbox 973 2155 1162 2198; x_wconf 76' lang='lat' dir='ltr'>(Indwar</span> <span class='ocrx_word' id='word_1_294' title='bbox 1186 2165 1219 2191; x_wconf 92' lang='lat' dir='ltr'>s.</span> <span class='ocrx_word' id='word_1_295' title='bbox 1242 2157 1323 2191; x_wconf 88' lang='lat' dir='ltr'>Bar</span> <span class='ocrx_word' id='word_1_296' title='bbox 1344 2155 1472 2192; x_wconf 68' lang='lat' dir='ltr'>Arab&#39;.</span> <span class='ocrx_word' id='word_1_297' title='bbox 1496 2155 1694 2190; x_wconf 82' lang='lat' dir='ltr'>Nirvisha</span> <span class='ocrx_word' id='word_1_298' title='bbox 1716 2165 1749 2191; x_wconf 91' lang='lat' dir='ltr'>s.</span> <span class='ocrx_word' id='word_1_299' title='bbox 1775 2156 1896 2191; x_wconf 79' lang='lat' dir='ltr'>Vana</span> <span class='ocrx_word' id='word_1_300' title='bbox 1912 2155 2077 2190; x_wconf 85' lang='lat' dir='ltr'>haridra</span> 
     </span>
     <span class='ocr_line' id='line_1_36' title="bbox 255 2207 2076 2259; baseline -0.003 -8"><span class='ocrx_word' id='word_1_301' title='bbox 255 2215 450 2259; x_wconf 72' lang='lat' dir='ltr'>Sanslzr.]</span> <span class='ocrx_word' id='word_1_302' title='bbox 468 2207 711 2249; x_wconf 78' lang='lat' dir='ltr'>mercatores</span> <span class='ocrx_word' id='word_1_303' title='bbox 729 2217 767 2248; x_wconf 84' lang='lat' dir='ltr'>et</span> <span class='ocrx_word' id='word_1_304' title='bbox 784 2213 1087 2256; x_wconf 78' lang='lat' dir='ltr'>pharmacologi</span> <span class='ocrx_word' id='word_1_305' title='bbox 1106 2212 1371 2255; x_wconf 84' lang='lat' dir='ltr'>distinguunt.</span> <span class='ocrx_word' id='word_1_306' title='bbox 1431 2212 1571 2246; x_wconf 91' lang='lat' dir='ltr'>Oleum</span> <span class='ocrx_word' id='word_1_307' title='bbox 1588 2214 1819 2246; x_wconf 88' lang='lat' dir='ltr'>aethereum</span> <span class='ocrx_word' id='word_1_308' title='bbox 1837 2212 1941 2253; x_wconf 87' lang='lat' dir='ltr'>quod</span> <span class='ocrx_word' id='word_1_309' title='bbox 1959 2221 1980 2246; x_wconf 91' lang='lat' dir='ltr'>e</span> <span class='ocrx_word' id='word_1_310' title='bbox 1996 2213 2076 2246; x_wconf 87' lang='lat' dir='ltr'>Ze-</span> 
     </span>
     <span class='ocr_line' id='line_1_37' title="bbox 256 2267 2078 2316; baseline -0.003 -8"><span class='ocrx_word' id='word_1_311' title='bbox 256 2273 421 2308; x_wconf 82' lang='lat' dir='ltr'>doariae</span> <span class='ocrx_word' id='word_1_312' title='bbox 446 2271 580 2306; x_wconf 86' lang='lat' dir='ltr'>radice</span> <span class='ocrx_word' id='word_1_313' title='bbox 605 2270 806 2305; x_wconf 85' lang='lat' dir='ltr'>obtinetur</span> <span class='ocrx_word' id='word_1_314' title='bbox 830 2268 976 2311; x_wconf 81' lang='lat' dir='ltr'>(l-luile</span> <span class='ocrx_word' id='word_1_315' title='bbox 1001 2270 1048 2304; x_wconf 90' lang='lat' dir='ltr'>de</span> <span class='ocrx_word' id='word_1_316' title='bbox 1072 2267 1315 2316; x_wconf 71' lang='lat' dir='ltr'>ZedoaireJ,</span> <span class='ocrx_word' id='word_1_317' title='bbox 1347 2267 1613 2303; x_wconf 87' lang='lat' dir='ltr'>chemicorum</span> <span class='ocrx_word' id='word_1_318' title='bbox 1639 2268 1827 2303; x_wconf 85' lang='lat' dir='ltr'>examine</span> <span class='ocrx_word' id='word_1_319' title='bbox 1845 2269 2078 2310; x_wconf 84' lang='lat' dir='ltr'>expenden-</span> 
     </span>
     <span class='ocr_line' id='line_1_38' title="bbox 256 2321 2075 2373; baseline -0.002 -9"><span class='ocrx_word' id='word_1_320' title='bbox 256 2332 361 2365; x_wconf 82' lang='lat' dir='ltr'>dum.</span> <span class='ocrx_word' id='word_1_321' title='bbox 407 2330 439 2363; x_wconf 89' lang='lat' dir='ltr'>E</span> <span class='ocrx_word' id='word_1_322' title='bbox 462 2325 696 2361; x_wconf 70' lang='lat' dir='ltr'>Cure-aneae</span> <span class='ocrx_word' id='word_1_323' title='bbox 712 2324 1020 2373; x_wconf 68' lang='lat' dir='ltr'>anguslv‘fole&#39;ae</span> <span class='ocrx_word' id='word_1_324' title='bbox 1039 2324 1082 2360; x_wconf 76' lang='lat' dir='ltr'>L.</span> <span class='ocrx_word' id='word_1_325' title='bbox 1102 2329 1140 2361; x_wconf 74' lang='lat' dir='ltr'>et</span> <span class='ocrx_word' id='word_1_326' title='bbox 1159 2323 1392 2359; x_wconf 70' lang='lat' dir='ltr'>Cure-mnae</span> <span class='ocrx_word' id='word_1_327' title='bbox 1409 2321 1704 2358; x_wconf 69' lang='lat' dir='ltr'>Ieuwrrhz&#39;zae</span> <span class='ocrx_word' id='word_1_328' title='bbox 1719 2325 1848 2360; x_wconf 81' lang='lat' dir='ltr'>Roxb.</span> <span class='ocrx_word' id='word_1_329' title='bbox 1866 2324 2075 2361; x_wconf 82' lang='lat' dir='ltr'>radicibus</span> 
     </span>
     <span class='ocr_line' id='line_1_39' title="bbox 257 2380 2078 2429; baseline -0.003 -8"><span class='ocrx_word' id='word_1_330' title='bbox 257 2385 456 2422; x_wconf 76' lang='lat' dir='ltr'>arifarina</span> <span class='ocrx_word' id='word_1_331' title='bbox 481 2383 617 2419; x_wconf 86' lang='lat' dir='ltr'>indica</span> <span class='ocrx_word' id='word_1_332' title='bbox 641 2381 945 2426; x_wconf 80' lang='lat' dir='ltr'>(arrow-root]</span> <span class='ocrx_word' id='word_1_333' title='bbox 972 2385 1159 2429; x_wconf 85' lang='lat' dir='ltr'>paratur,</span> <span class='ocrx_word' id='word_1_334' title='bbox 1193 2384 1326 2417; x_wconf 86' lang='lat' dir='ltr'>colore</span> <span class='ocrx_word' id='word_1_335' title='bbox 1350 2380 1614 2428; x_wconf 80' lang='lat' dir='ltr'>flavescente,</span> <span class='ocrx_word' id='word_1_336' title='bbox 1646 2381 1840 2416; x_wconf 87' lang='lat' dir='ltr'>minorem</span> <span class='ocrx_word' id='word_1_337' title='bbox 1862 2380 2078 2423; x_wconf 84' lang='lat' dir='ltr'>puritatem</span> 
     </span>
     <span class='ocr_line' id='line_1_40' title="bbox 257 2437 1882 2489; baseline -0.004 -12"><span class='ocrx_word' id='word_1_338' title='bbox 257 2444 467 2488; x_wconf 73' lang='lat' dir='ltr'>prodente,</span> <span class='ocrx_word' id='word_1_339' title='bbox 501 2443 549 2477; x_wconf 87' lang='lat' dir='ltr'>ab</span> <span class='ocrx_word' id='word_1_340' title='bbox 569 2440 825 2485; x_wconf 85' lang='lat' dir='ltr'>americana,</span> <span class='ocrx_word' id='word_1_341' title='bbox 859 2449 880 2475; x_wconf 92' lang='lat' dir='ltr'>e</span> <span class='ocrx_word' id='word_1_342' title='bbox 897 2442 1111 2474; x_wconf 85' lang='lat' dir='ltr'>Marantae</span> <span class='ocrx_word' id='word_1_343' title='bbox 1127 2438 1344 2481; x_wconf 86' lang='lat' dir='ltr'>speciebus</span> <span class='ocrx_word' id='word_1_344' title='bbox 1362 2437 1643 2484; x_wconf 87' lang='lat' dir='ltr'>proveniente,</span> <span class='ocrx_word' id='word_1_345' title='bbox 1676 2437 1882 2489; x_wconf 75' lang='lat' dir='ltr'>distincta.</span> 
     </span>
    </p>
   </div>
   <div class='ocr_carea' id='block_1_9' title="bbox 255 2506 2078 2672">
    <p class='ocr_par' dir='ltr' id='par_1_9' title="bbox 255 2506 2078 2672">
     <span class='ocr_line' id='line_1_41' title="bbox 402 2506 2076 2552; baseline 0.001 -10"><span class='ocrx_word' id='word_1_346' title='bbox 402 2509 522 2545; x_wconf 70' lang='lat' dir='ltr'>Costa·</span> <span class='ocrx_word' id='word_1_347' title='bbox 542 2511 700 2546; x_wconf 80' lang='lat' dir='ltr'>radices</span> <span class='ocrx_word' id='word_1_348' title='bbox 726 2507 859 2552; x_wconf 82' lang='lat' dir='ltr'>(Costi</span> <span class='ocrx_word' id='word_1_349' title='bbox 883 2509 1180 2552; x_wconf 78' lang='lat' dir='ltr'>speciosissimi</span> <span class='ocrx_word' id='word_1_350' title='bbox 1204 2510 1284 2544; x_wconf 88' lang='lat' dir='ltr'>Sm.</span> <span class='ocrx_word' id='word_1_351' title='bbox 1309 2511 1347 2544; x_wconf 84' lang='lat' dir='ltr'>et</span> <span class='ocrx_word' id='word_1_352' title='bbox 1371 2507 1480 2544; x_wconf 85' lang='lat' dir='ltr'>Costi</span> <span class='ocrx_word' id='word_1_353' title='bbox 1503 2507 1658 2544; x_wconf 75' lang='lat' dir='ltr'>arabIci</span> <span class='ocrx_word' id='word_1_354' title='bbox 1681 2506 1826 2550; x_wconf 77' lang='lat' dir='ltr'>Rosc.)</span> <span class='ocrx_word' id='word_1_355' title='bbox 1852 2507 1954 2543; x_wconf 87' lang='lat' dir='ltr'>tanti</span> <span class='ocrx_word' id='word_1_356' title='bbox 1969 2509 2076 2550; x_wconf 85' lang='lat' dir='ltr'>apud</span> 
     </span>
     <span class='ocr_line' id='line_1_42' title="bbox 258 2564 2078 2621; baseline -0.002 -17"><span class='ocrx_word' id='word_1_357' title='bbox 258 2569 413 2612; x_wconf 81' lang='lat' dir='ltr'>priscos</span> <span class='ocrx_word' id='word_1_358' title='bbox 438 2567 636 2613; x_wconf 88' lang='lat' dir='ltr'>nominis,</span> <span class='ocrx_word' id='word_1_359' title='bbox 668 2566 871 2621; x_wconf 79' lang='lat' dir='ltr'>rarissimi</span> <span class='ocrx_word' id='word_1_360' title='bbox 902 2566 1019 2601; x_wconf 88' lang='lat' dir='ltr'>hodie</span> <span class='ocrx_word' id='word_1_361' title='bbox 1049 2575 1169 2612; x_wconf 91' lang='lat' dir='ltr'>usus,</span> <span class='ocrx_word' id='word_1_362' title='bbox 1202 2566 1310 2608; x_wconf 83' lang='lat' dir='ltr'>apud</span> <span class='ocrx_word' id='word_1_363' title='bbox 1333 2566 1456 2600; x_wconf 89' lang='lat' dir='ltr'>Indos</span> <span class='ocrx_word' id='word_1_364' title='bbox 1480 2564 1584 2599; x_wconf 91' lang='lat' dir='ltr'>inter</span> <span class='ocrx_word' id='word_1_365' title='bbox 1606 2567 1827 2606; x_wconf 87' lang='lat' dir='ltr'>pharmaca</span> <span class='ocrx_word' id='word_1_366' title='bbox 1850 2564 1983 2600; x_wconf 87' lang='lat' dir='ltr'>tonica</span> <span class='ocrx_word' id='word_1_367' title='bbox 2005 2565 2078 2600; x_wconf 86' lang='lat' dir='ltr'>ad-</span> 
     </span>
     <span class='ocr_line' id='line_1_43' title="bbox 255 2620 1916 2672; baseline -0.003 -11"><span class='ocrx_word' id='word_1_368' title='bbox 255 2626 464 2672; x_wconf 83' lang='lat' dir='ltr'>hibentur,</span> <span class='ocrx_word' id='word_1_369' title='bbox 497 2624 693 2666; x_wconf 85' lang='lat' dir='ltr'>qualitate</span> <span class='ocrx_word' id='word_1_370' title='bbox 707 2623 987 2658; x_wconf 81' lang='lat' dir='ltr'>vehementius</span> <span class='ocrx_word' id='word_1_371' title='bbox 1004 2630 1145 2657; x_wconf 86' lang='lat' dir='ltr'>amara</span> <span class='ocrx_word' id='word_1_372' title='bbox 1161 2630 1186 2657; x_wconf 85' lang='lat' dir='ltr'>a</span> <span class='ocrx_word' id='word_1_373' title='bbox 1201 2621 1371 2664; x_wconf 84' lang='lat' dir='ltr'>reliquis</span> <span class='ocrx_word' id='word_1_374' title='bbox 1387 2621 1696 2665; x_wconf 80' lang='lat' dir='ltr'>Zingiberaceis</span> <span class='ocrx_word' id='word_1_375' title='bbox 1716 2620 1916 2656; x_wconf 83' lang='lat' dir='ltr'>diversae.</span> 
     </span>
    </p>
   </div>
   <div class='ocr_carea' id='block_1_10' title="bbox 257 2681 2081 3532">
    <p class='ocr_par' dir='ltr' id='par_1_10' title="bbox 258 2681 2080 2911">
     <span class='ocr_line' id='line_1_44' title="bbox 401 2681 2080 2740; baseline -0.001 -13"><span class='ocrx_word' id='word_1_376' title='bbox 401 2693 634 2729; x_wconf 66' lang='lat' dir='ltr'>Cim-cumae</span> <span class='ocrx_word' id='word_1_377' title='bbox 653 2692 800 2740; x_wconf 76' lang='lat' dir='ltr'>longae</span> <span class='ocrx_word' id='word_1_378' title='bbox 815 2695 860 2730; x_wconf 89' lang='lat' dir='ltr'>L.</span> <span class='ocrx_word' id='word_1_379' title='bbox 879 2693 1133 2735; x_wconf 85' lang='lat' dir='ltr'>aliarumque</span> <span class='ocrx_word' id='word_1_380' title='bbox 1150 2692 1376 2736; x_wconf 84' lang='lat' dir='ltr'>specierum</span> <span class='ocrx_word' id='word_1_381' title='bbox 1393 2689 1461 2734; x_wconf 83' lang='lat' dir='ltr'>[C.</span> <span class='ocrx_word' id='word_1_382' title='bbox 1480 2681 1725 2727; x_wconf 84' lang='lat' dir='ltr'>viridiflorae</span> <span class='ocrx_word' id='word_1_383' title='bbox 1740 2692 1800 2737; x_wconf 86' lang='lat' dir='ltr'>L.,</span> <span class='ocrx_word' id='word_1_384' title='bbox 1818 2690 2080 2734; x_wconf 70' lang='lat' dir='ltr'>Kampferiae</span> 
     </span>
     <span class='ocr_line' id='line_1_45' title="bbox 258 2746 2078 2796; baseline -0.003 -8"><span class='ocrx_word' id='word_1_385' title='bbox 258 2746 508 2796; x_wconf 80' lang='lat' dir='ltr'>panduratae</span> <span class='ocrx_word' id='word_1_386' title='bbox 523 2753 651 2786; x_wconf 77' lang='lat' dir='ltr'>Roxb,</span> <span class='ocrx_word' id='word_1_387' title='bbox 670 2750 769 2795; x_wconf 81' lang='lat' dir='ltr'>etc.)</span> <span class='ocrx_word' id='word_1_388' title='bbox 794 2750 952 2785; x_wconf 83' lang='lat' dir='ltr'>radices</span> <span class='ocrx_word' id='word_1_389' title='bbox 969 2749 1201 2786; x_wconf 83' lang='lat' dir='ltr'>substantia</span> <span class='ocrx_word' id='word_1_390' title='bbox 1217 2751 1421 2784; x_wconf 86' lang='lat' dir='ltr'>colorante</span> <span class='ocrx_word' id='word_1_391' title='bbox 1437 2747 1565 2794; x_wconf 77' lang='lat' dir='ltr'>flava,</span> <span class='ocrx_word' id='word_1_392' title='bbox 1597 2748 1639 2782; x_wconf 89' lang='lat' dir='ltr'>in</span> <span class='ocrx_word' id='word_1_393' title='bbox 1657 2750 1864 2782; x_wconf 85' lang='lat' dir='ltr'>alcohoele</span> <span class='ocrx_word' id='word_1_394' title='bbox 1882 2747 2078 2782; x_wconf 86' lang='lat' dir='ltr'>facillime</span> 
     </span>
     <span class='ocr_line' id='line_1_46' title="bbox 259 2805 2080 2853; baseline -0.004 -8"><span class='ocrx_word' id='word_1_395' title='bbox 259 2810 457 2847; x_wconf 82' lang='lat' dir='ltr'>solvenda</span> <span class='ocrx_word' id='word_1_396' title='bbox 487 2806 779 2853; x_wconf 83' lang='lat' dir='ltr'>(Curcumina,</span> <span class='ocrx_word' id='word_1_397' title='bbox 810 2808 935 2842; x_wconf 79' lang='lat' dir='ltr'>Terra</span> <span class='ocrx_word' id='word_1_398' title='bbox 965 2806 1129 2848; x_wconf 85' lang='lat' dir='ltr'>merita,</span> <span class='ocrx_word' id='word_1_399' title='bbox 1160 2807 1285 2849; x_wconf 82' lang='lat' dir='ltr'>vulgo</span> <span class='ocrx_word' id='word_1_400' title='bbox 1310 2805 1459 2840; x_wconf 83' lang='lat' dir='ltr'>Safran</span> <span class='ocrx_word' id='word_1_401' title='bbox 1483 2805 1552 2839; x_wconf 88' lang='lat' dir='ltr'>des</span> <span class='ocrx_word' id='word_1_402' title='bbox 1575 2805 1716 2850; x_wconf 88' lang='lat' dir='ltr'>Indes,</span> <span class='ocrx_word' id='word_1_403' title='bbox 1749 2805 1943 2851; x_wconf 81' lang='lat' dir='ltr'>Souchet,</span> <span class='ocrx_word' id='word_1_404' title='bbox 1975 2805 2080 2839; x_wconf 80' lang='lat' dir='ltr'>Tur-</span> 
     </span>
     <span class='ocr_line' id='line_1_47' title="bbox 258 2861 1684 2911; baseline -0.005 -9"><span class='ocrx_word' id='word_1_405' title='bbox 258 2864 407 2908; x_wconf 79' lang='lat' dir='ltr'>meric)</span> <span class='ocrx_word' id='word_1_406' title='bbox 429 2865 578 2911; x_wconf 84' lang='lat' dir='ltr'>foetae,</span> <span class='ocrx_word' id='word_1_407' title='bbox 609 2863 774 2905; x_wconf 85' lang='lat' dir='ltr'>majoris</span> <span class='ocrx_word' id='word_1_408' title='bbox 793 2864 897 2905; x_wconf 87' lang='lat' dir='ltr'>apud</span> <span class='ocrx_word' id='word_1_409' title='bbox 917 2863 1106 2898; x_wconf 85' lang='lat' dir='ltr'>tinctores</span> <span class='ocrx_word' id='word_1_410' title='bbox 1124 2871 1242 2904; x_wconf 81' lang='lat' dir='ltr'>quam</span> <span class='ocrx_word' id='word_1_411' title='bbox 1260 2861 1552 2904; x_wconf 86' lang='lat' dir='ltr'>apudmedicos</span> <span class='ocrx_word' id='word_1_412' title='bbox 1569 2869 1684 2895; x_wconf 88' lang='lat' dir='ltr'>usus.</span> 
     </span>
    </p>

    <p class='ocr_par' dir='ltr' id='par_1_11' title="bbox 257 2915 2081 3532">
     <span class='ocr_line' id='line_1_48' title="bbox 401 2915 2079 2964; baseline -0.003 -8"><span class='ocrx_word' id='word_1_413' title='bbox 401 2921 789 2964; x_wconf 76' lang='lat' dir='ltr'>Zingiberacearum</span> <span class='ocrx_word' id='word_1_414' title='bbox 820 2919 976 2954; x_wconf 82' lang='lat' dir='ltr'>fructus</span> <span class='ocrx_word' id='word_1_415' title='bbox 1007 2920 1094 2953; x_wconf 88' lang='lat' dir='ltr'>oleo</span> <span class='ocrx_word' id='word_1_416' title='bbox 1119 2921 1304 2953; x_wconf 87' lang='lat' dir='ltr'>aethereo</span> <span class='ocrx_word' id='word_1_417' title='bbox 1329 2916 1440 2960; x_wconf 82' lang='lat' dir='ltr'>[oleo</span> <span class='ocrx_word' id='word_1_418' title='bbox 1466 2915 1742 2960; x_wconf 85' lang='lat' dir='ltr'>Cardamomi)</span> <span class='ocrx_word' id='word_1_419' title='bbox 1769 2915 1884 2961; x_wconf 86' lang='lat' dir='ltr'>foeti,</span> <span class='ocrx_word' id='word_1_420' title='bbox 1925 2916 2079 2952; x_wconf 81' lang='lat' dir='ltr'>Carda-</span> 
     </span>
     <span class='ocr_line' id='line_1_49' title="bbox 259 2972 2081 3020; baseline -0.004 -6"><span class='ocrx_word' id='word_1_421' title='bbox 259 2979 379 3015; x_wconf 89' lang='lat' dir='ltr'>momi</span> <span class='ocrx_word' id='word_1_422' title='bbox 395 2977 555 3013; x_wconf 90' lang='lat' dir='ltr'>nomine</span> <span class='ocrx_word' id='word_1_423' title='bbox 572 2977 675 3011; x_wconf 88' lang='lat' dir='ltr'>inter</span> <span class='ocrx_word' id='word_1_424' title='bbox 691 2975 868 3011; x_wconf 88' lang='lat' dir='ltr'>remedia</span> <span class='ocrx_word' id='word_1_425' title='bbox 884 2975 1159 3020; x_wconf 87' lang='lat' dir='ltr'>stimulantia,</span> <span class='ocrx_word' id='word_1_426' title='bbox 1193 2974 1440 3010; x_wconf 85' lang='lat' dir='ltr'>stomachica</span> <span class='ocrx_word' id='word_1_427' title='bbox 1456 2976 1491 3007; x_wconf 87' lang='lat' dir='ltr'>et</span> <span class='ocrx_word' id='word_1_428' title='bbox 1509 2972 1725 3007; x_wconf 87' lang='lat' dir='ltr'>sudorifica</span> <span class='ocrx_word' id='word_1_429' title='bbox 1740 2973 1834 3007; x_wconf 87' lang='lat' dir='ltr'>otim</span> <span class='ocrx_word' id='word_1_430' title='bbox 1852 2972 2081 3015; x_wconf 82' lang='lat' dir='ltr'>frequenter</span> 
     </span>
     <span class='ocr_line' id='line_1_50' title="bbox 261 3029 2078 3081; baseline -0.004 -10"><span class='ocrx_word' id='word_1_431' title='bbox 261 3035 464 3081; x_wconf 82' lang='lat' dir='ltr'>adhibita,</span> <span class='ocrx_word' id='word_1_432' title='bbox 495 3034 704 3069; x_wconf 90' lang='lat' dir='ltr'>hodiedum</span> <span class='ocrx_word' id='word_1_433' title='bbox 723 3031 959 3067; x_wconf 86' lang='lat' dir='ltr'>condiendis</span> <span class='ocrx_word' id='word_1_434' title='bbox 976 3030 1077 3065; x_wconf 83' lang='lat' dir='ltr'>cibis</span> <span class='ocrx_word' id='word_1_435' title='bbox 1094 3029 1381 3065; x_wconf 87' lang='lat' dir='ltr'>admiscentur.</span> <span class='ocrx_word' id='word_1_436' title='bbox 1441 3029 1693 3064; x_wconf 84' lang='lat' dir='ltr'>Cardamomi</span> <span class='ocrx_word' id='word_1_437' title='bbox 1709 3029 1868 3071; x_wconf 89' lang='lat' dir='ltr'>species</span> <span class='ocrx_word' id='word_1_438' title='bbox 1896 3031 2033 3071; x_wconf 89' lang='lat' dir='ltr'>plures</span> <span class='ocrx_word' id='word_1_439' title='bbox 2057 3039 2078 3064; x_wconf 85' lang='lat' dir='ltr'>e</span> 
     </span>
     <span class='ocr_line' id='line_1_51' title="bbox 261 3082 2080 3133; baseline -0.005 -6"><span class='ocrx_word' id='word_1_440' title='bbox 261 3092 438 3127; x_wconf 74' lang='lat' dir='ltr'>diversis</span> <span class='ocrx_word' id='word_1_441' title='bbox 470 3089 622 3132; x_wconf 87' lang='lat' dir='ltr'>plantis</span> <span class='ocrx_word' id='word_1_442' title='bbox 653 3091 869 3133; x_wconf 86' lang='lat' dir='ltr'>collectae,</span> <span class='ocrx_word' id='word_1_443' title='bbox 905 3084 1226 3120; x_wconf 77' lang='lat' dir='ltr'>Cardamomum</span> <span class='ocrx_word' id='word_1_444' title='bbox 1256 3083 1563 3119; x_wconf 77' lang='lat' dir='ltr'>malabarz&#39;cnm</span> <span class='ocrx_word' id='word_1_445' title='bbox 1593 3085 1636 3120; x_wconf 87' lang='lat' dir='ltr'>in</span> <span class='ocrx_word' id='word_1_446' title='bbox 1665 3082 1887 3119; x_wconf 69' lang='lat' dir='ltr'>Eletlarv’a</span> <span class='ocrx_word' id='word_1_447' title='bbox 1914 3082 2080 3119; x_wconf 78' lang='lat' dir='ltr'>Carda-</span> 
     </span>
     <span class='ocr_line' id='line_1_52' title="bbox 263 3140 2079 3191; baseline -0.002 -10"><span class='ocrx_word' id='word_1_448' title='bbox 263 3158 394 3181; x_wconf 70' lang='lat' dir='ltr'>mrmm</span> <span class='ocrx_word' id='word_1_449' title='bbox 418 3147 547 3182; x_wconf 82' lang='lat' dir='ltr'>wnit.</span> <span class='ocrx_word' id='word_1_450' title='bbox 577 3146 781 3191; x_wconf 82' lang='lat' dir='ltr'>nascitur,</span> <span class='ocrx_word' id='word_1_451' title='bbox 813 3140 1028 3177; x_wconf 77' lang='lat' dir='ltr'>Amomnm</span> <span class='ocrx_word' id='word_1_452' title='bbox 1057 3140 1339 3176; x_wconf 73' lang='lat' dir='ltr'>aromaticum</span> <span class='ocrx_word' id='word_1_453' title='bbox 1369 3144 1497 3177; x_wconf 80' lang='lat' dir='ltr'>Roxb.</span> <span class='ocrx_word' id='word_1_454' title='bbox 1529 3141 1835 3177; x_wconf 72' lang='lat' dir='ltr'>cardamomum</span> <span class='ocrx_word' id='word_1_455' title='bbox 1857 3144 2023 3185; x_wconf 84' lang='lat' dir='ltr'>longum</span> <span class='ocrx_word' id='word_1_456' title='bbox 2045 3151 2079 3178; x_wconf 83' lang='lat' dir='ltr'>S.</span> 
     </span>
     <span class='ocr_line' id='line_1_53' title="bbox 261 3193 2078 3249; baseline -0.006 -8"><span class='ocrx_word' id='word_1_457' title='bbox 261 3205 542 3249; x_wconf 55' lang='lat' dir='ltr'>zeylanicum,</span> <span class='ocrx_word' id='word_1_458' title='bbox 575 3199 789 3235; x_wconf 77' lang='lat' dir='ltr'>Amomnm</span> <span class='ocrx_word' id='word_1_459' title='bbox 815 3198 1137 3234; x_wconf 64' lang='lat' dir='ltr'>Cat-clamantum</span> <span class='ocrx_word' id='word_1_460' title='bbox 1160 3197 1205 3234; x_wconf 93' lang='lat' dir='ltr'>L.</span> <span class='ocrx_word' id='word_1_461' title='bbox 1231 3200 1462 3245; x_wconf 85' lang='lat' dir='ltr'>rotundum,</span> <span class='ocrx_word' id='word_1_462' title='bbox 1508 3193 1721 3231; x_wconf 73' lang='lat' dir='ltr'>Amomnm</span> <span class='ocrx_word' id='word_1_463' title='bbox 1755 3196 2078 3247; x_wconf 64' lang='lat' dir='ltr'>anguslffoh‘um</span> 
     </span>
     <span class='ocr_line' id='line_1_54' title="bbox 264 3251 2080 3305; baseline -0.005 -8"><span class='ocrx_word' id='word_1_464' title='bbox 264 3263 431 3297; x_wconf 83' lang='lat' dir='ltr'>Sonuer.</span> <span class='ocrx_word' id='word_1_465' title='bbox 451 3260 758 3296; x_wconf 76' lang='lat' dir='ltr'>cardamomum</span> <span class='ocrx_word' id='word_1_466' title='bbox 772 3258 907 3300; x_wconf 86' lang='lat' dir='ltr'>majus</span> <span class='ocrx_word' id='word_1_467' title='bbox 923 3266 955 3293; x_wconf 84' lang='lat' dir='ltr'>s.</span> <span class='ocrx_word' id='word_1_468' title='bbox 968 3255 1206 3305; x_wconf 78' lang='lat' dir='ltr'>javanicum</span> <span class='ocrx_word' id='word_1_469' title='bbox 1222 3257 1427 3298; x_wconf 85' lang='lat' dir='ltr'>praebent.</span> <span class='ocrx_word' id='word_1_470' title='bbox 1473 3254 1735 3290; x_wconf 76' lang='lat' dir='ltr'>cardamomo</span> <span class='ocrx_word' id='word_1_471' title='bbox 1753 3254 1909 3290; x_wconf 86' lang='lat' dir='ltr'>similia</span> <span class='ocrx_word' id='word_1_472' title='bbox 1927 3251 2080 3288; x_wconf 57' lang='grc' dir='ltr'>(ἔναντα</span> 
     </span>
     <span class='ocr_line' id='line_1_55' title="bbox 257 3310 2081 3363; baseline -0.002 -13"><span class='ocrx_word' id='word_1_473' title='bbox 257 3315 460 3363; x_wconf 69' lang='lat' dir='ltr'>paradise·</span> <span class='ocrx_word' id='word_1_474' title='bbox 482 3315 628 3360; x_wconf 82' lang='lat' dir='ltr'>[vulgo</span> <span class='ocrx_word' id='word_1_475' title='bbox 651 3315 955 3351; x_wconf 73' lang='lat' dir='ltr'>cardamomum</span> <span class='ocrx_word' id='word_1_476' title='bbox 977 3313 1203 3355; x_wconf 86' lang='lat' dir='ltr'>piperatum</span> <span class='ocrx_word' id='word_1_477' title='bbox 1233 3321 1267 3348; x_wconf 90' lang='lat' dir='ltr'>s.</span> <span class='ocrx_word' id='word_1_478' title='bbox 1292 3313 1431 3347; x_wconf 86' lang='lat' dir='ltr'>Grana</span> <span class='ocrx_word' id='word_1_479' title='bbox 1451 3310 1729 3355; x_wconf 81' lang='lat' dir='ltr'>Malaguetta)</span> <span class='ocrx_word' id='word_1_480' title='bbox 1759 3312 1951 3353; x_wconf 85' lang='lat' dir='ltr'>majorem</span> <span class='ocrx_word' id='word_1_481' title='bbox 1981 3313 2081 3347; x_wconf 87' lang='lat' dir='ltr'>sub-</span> 
     </span>
     <span class='ocr_line' id='line_1_56' title="bbox 264 3362 2080 3414; baseline -0.006 -4"><span class='ocrx_word' id='word_1_482' title='bbox 264 3373 442 3410; x_wconf 81' lang='lat' dir='ltr'>stantiae</span> <span class='ocrx_word' id='word_1_483' title='bbox 464 3372 673 3409; x_wconf 87' lang='lat' dir='ltr'>resinosae</span> <span class='ocrx_word' id='word_1_484' title='bbox 696 3371 803 3407; x_wconf 86' lang='lat' dir='ltr'>acris</span> <span class='ocrx_word' id='word_1_485' title='bbox 825 3370 1046 3414; x_wconf 83' lang='lat' dir='ltr'>portionem</span> <span class='ocrx_word' id='word_1_486' title='bbox 1070 3367 1336 3414; x_wconf 88' lang='lat' dir='ltr'>continentia,</span> <span class='ocrx_word' id='word_1_487' title='bbox 1368 3362 1585 3403; x_wconf 74' lang='lat' dir='ltr'>immatura</span> <span class='ocrx_word' id='word_1_488' title='bbox 1609 3363 1773 3401; x_wconf 68' lang='lat' dir='ltr'>Amome?</span> <span class='ocrx_word' id='word_1_489' title='bbox 1789 3365 1980 3401; x_wconf 70' lang='lat' dir='ltr'>Granum</span> <span class='ocrx_word' id='word_1_490' title='bbox 1997 3376 2080 3412; x_wconf 79' lang='lat' dir='ltr'>pa-</span> 
     </span>
     <span class='ocr_line' id='line_1_57' title="bbox 265 3423 2080 3472; baseline -0.004 -6"><span class='ocrx_word' id='word_1_491' title='bbox 265 3427 405 3466; x_wconf 69' lang='lat' dir='ltr'>radise·</span> <span class='ocrx_word' id='word_1_492' title='bbox 418 3429 510 3465; x_wconf 65' lang='grc' dir='ltr'><strong>ΑΓΖ.</strong></span> <span class='ocrx_word' id='word_1_493' title='bbox 528 3427 680 3471; x_wconf 87' lang='lat' dir='ltr'>speciei</span> <span class='ocrx_word' id='word_1_494' title='bbox 696 3426 953 3472; x_wconf 80' lang='lat' dir='ltr'>guineensis‚</span> <span class='ocrx_word' id='word_1_495' title='bbox 977 3435 1086 3462; x_wconf 90' lang='lat' dir='ltr'>nunc</span> <span class='ocrx_word' id='word_1_496' title='bbox 1103 3425 1147 3460; x_wconf 91' lang='lat' dir='ltr'>in</span> <span class='ocrx_word' id='word_1_497' title='bbox 1161 3424 1268 3461; x_wconf 89' lang='lat' dir='ltr'>Asia</span> <span class='ocrx_word' id='word_1_498' title='bbox 1284 3426 1439 3470; x_wconf 88' lang='lat' dir='ltr'>cultae,</span> <span class='ocrx_word' id='word_1_499' title='bbox 1466 3424 1624 3459; x_wconf 87' lang='lat' dir='ltr'>semina</span> <span class='ocrx_word' id='word_1_500' title='bbox 1640 3424 1802 3459; x_wconf 86' lang='lat' dir='ltr'>sistunt.</span> <span class='ocrx_word' id='word_1_501' title='bbox 1862 3423 2080 3460; x_wconf 75' lang='lat' dir='ltr'>cardamo-</span> 
     </span>
     <span class='ocr_line' id='line_1_58' title="bbox 266 3480 1911 3532; baseline -0.005 -8"><span class='ocrx_word' id='word_1_502' title='bbox 266 3495 374 3524; x_wconf 84' lang='lat' dir='ltr'>mum</span> <span class='ocrx_word' id='word_1_503' title='bbox 389 3485 768 3529; x_wconf 75' lang='lat' dir='ltr'>madagascaricum</span> <span class='ocrx_word' id='word_1_504' title='bbox 784 3494 855 3529; x_wconf 82' lang='lat' dir='ltr'>pro</span> <span class='ocrx_word' id='word_1_505' title='bbox 872 3484 1052 3528; x_wconf 82' lang='lat' dir='ltr'>ejusdem</span> <span class='ocrx_word' id='word_1_506' title='bbox 1068 3484 1233 3526; x_wconf 84' lang='lat' dir='ltr'>plantae</span> <span class='ocrx_word' id='word_1_507' title='bbox 1249 3480 1384 3518; x_wconf 85' lang='lat' dir='ltr'>fructu</span> <span class='ocrx_word' id='word_1_508' title='bbox 1399 3483 1554 3532; x_wconf 53' lang='lat' dir='ltr'>maturo</span> <span class='ocrx_word' id='word_1_509' title='bbox 1569 3480 1734 3526; x_wconf 83' lang='lat' dir='ltr'>plurimi</span> <span class='ocrx_word' id='word_1_510' title='bbox 1749 3482 1911 3517; x_wconf 83' lang='lat' dir='ltr'>habent.</span> 
     </span>
    </p>
   </div>
  </div>
 </body>
</html>
