2147 3756
1027 123 1140 174 194

176 303 411 342 diversitate
441 303 701 338 excellentes.
761 301 806 334 In
838 297 946 334 Asia
975 300 1011 333 et
1033 296 1179 334 Africa
1209 292 1497 337 aequinocttan
1526 302 1716 338 generum
1739 292 1987 330 naturalium

177 361 393 406 (Pisoniae
411 364 449 395 et
465 356 760 403 noer-naxiae),
786 355 906 390 etiam
924 355 965 389 in
981 353 1173 389 America
1194 350 1484 397 crescentium,
1517 351 1678 393 species
1703 359 1858 394 paucae
1874 359 1989 395 repe-

180 417 358 464 riuntur,
392 414 572 452 distincti
591 414 751 457 generis
770 416 861 454 typo
879 411 920 445 in
939 409 1061 445 veteri
1079 411 1172 444 orbe
1187 408 1362 444 nondum
1379 409 1605 443 observato.

319 478 680 533 Qualitates
705 485 744 518 etv
767 485 935 519 usus.
1001 477 1178 513 Radices
1207 477 1573 523 Nyctaginearum‚
1612 477 1806 519 quantum
1836 478 1993 511 constat

178 541 251 579 vii<
274 553 353 578 non
377 542 574 586 omnium,
606 540 755 575 virtute
772 537 813 572 in
831 536 927 571 aliis
944 537 1164 580 purgante,
1195 533 1237 568 in
1253 532 1349 568 aliis
1366 532 1537 568 emetica
1552 532 1657 568 inter
1673 542 1719 568 se
1734 531 1992 576 conveniunt,

177 599 443 643 plurimarum
473 600 597 632 herba
622 605 658 630 v.
687 594 824 637 flores,
856 591 899 627 in
921 590 1127 633 plerisque
1150 591 1460 634 suaveolentes,
1491 597 1613 624 succo
1636 588 1793 624 viscido
1817 588 1992 632 madent,

179 656 250 698 qui
274 656 317 690 in
340 654 437 690 aliis
462 662 483 687 e
509 651 672 687 tumidis
696 648 874 684 caulium
899 647 1016 683 nodis
1039 648 1180 693 sudat,
1212 645 1253 680 in
1279 644 1376 681 aliis
1400 656 1420 680 e
1436 644 1658 688 perigoniis
1673 642 1919 690 secernitur,
1949 643 1993 679 in

178 711 400 747 fructiferis
424 708 663 751 saepissime
688 707 728 740 in
751 706 934 749 guttulas
957 703 1131 739 seriatas
1153 704 1364 737 collectus.
1421 697 1635 735 Min-abilis
1660 698 1853 746 Jalappa
1874 699 1993 736 Linn.

180 777 269 803 cum
287 767 472 809 pluribus
490 762 782 807 congeneribus
798 761 839 795 in
857 760 1048 795 America
1064 758 1220 800 tropica
1234 757 1427 793 nascitur.
1471 758 1627 804 Radix,
1658 757 1834 791 nondum
1851 764 1876 792 a
1892 756 1995 792 Che-

179 824 297 859 micis
322 825 551 865 explorata,
583 822 630 854 ob
655 817 834 859 aliquam
852 817 1003 851 formae
1018 819 1053 850 et
1072 813 1281 857 qualitatis
1298 813 1606 850 similitudinem
1623 812 1691 848 diu
1706 822 1777 856 pro
1794 821 1893 848 vera
1909 811 1995 848 offi-

181 880 364 915 cinarum
391 879 589 922 Jalappa,
621 884 741 917 quam
763 874 805 908 in
830 874 1160 908 Convolvulacea
1175 871 1483 906 Mexicanorum
1506 867 1642 912 stirpe
1656 869 1774 905 nasci
1790 877 1897 904 nunc
1913 868 1997 904 sci-

181 946 291 980 mus,
323 935 483 978 habita,
516 934 681 975 purgat,
713 938 858 972 sapore
874 937 1073 964 nauseoso
1089 929 1307 969 Jalappam
1322 935 1460 962 veram
1476 928 1609 962 adhuc
1624 926 1815 969 vincens,
1847 925 1998 960 virtute

180 992 317 1027 minus
336 989 479 1025 efficax
491 1016 499 1032 ,
530 988 745 1024 hodiedum
762 994 787 1022 a
802 984 1011 1020 nonnullis
1029 984 1070 1019 in
1086 984 1265 1026 hydrope
1282 982 1578 1018 administrata.
1624 979 1836 1016 Me’rabilis
1854 978 1997 1015 diolco-

184 1051 298 1081 mma
322 1048 367 1081 L.
401 1044 548 1089 (vulgo
572 1044 672 1079 fleur
695 1044 742 1078 de
761 1037 906 1084 ‘quatre
928 1040 1099 1085 heures)
1131 1042 1170 1075 et
1194 1037 1405 1073 mirabilis
1430 1034 1657 1085 longiflora
1672 1040 1741 1086 L.,
1772 1038 1932 1080 species
1957 1038 1998 1073 in

183 1104 308 1139 hortis
340 1101 491 1137 nostris
521 1092 736 1146 vulgares,
774 1098 934 1134 radices
964 1096 1174 1140 proferunt
1202 1095 1482 1131 vehementius
1511 1094 1728 1131 drasticas.
1787 1091 2000 1128 Mirabilis

183 1156 468 1195 suaveolentis
485 1158 533 1192 H.
550 1159 588 1192 et
604 1158 649 1192 B.
666 1158 791 1191 herba
807 1154 991 1200 anisata,
1025 1152 1209 1189 acridula
1230 1160 1255 1186 a
1272 1151 1502 1187 Mexicanis
1526 1152 1725 1186 adversus
1750 1150 2001 1186 diarrlioeam

185 1220 224 1252 et
241 1215 544 1251 rheumaticumr
557 1213 736 1248 dolorem
752 1211 1065 1246 commendatur.
1123 1205 1395 1243 Bam-lamnae
1412 1207 1572 1251 generis
1588 1215 1827 1243 numerosae
1844 1206 2004 1250 species

183 1271 445 1307 Americanis
468 1269 700 1313 largiuntur
716 1267 875 1303 radices
892 1266 1107 1312 emeticas,
1140 1267 1179 1301 et
1194 1264 1236 1300 in
1254 1263 1397 1307 majori
1413 1263 1501 1299 dosi
1517 1266 1748 1307 purgantes.
1805 1258 2001 1296 Boerlca-

184 1328 280 1363 viae
302 1325 497 1362 hirsutae
512 1327 558 1361 L.
577 1323 710 1367 [Erva
726 1320 928 1365 'roustaoJ
952 1331 1120 1358 succum
1136 1321 1415 1357 Brasilienses
1437 1319 1687 1366 exprimunt,
1720 1322 1759 1354 ut
1777 1319 1902 1354 ictero
1917 1328 2002 1354 me-

185 1386 369 1420 deantur.
442 1379 592 1416 Herba
624 1378 898 1427 purgationis
928 1380 1205 1414 Peruanorum
1236 1376 1395 1420 [Yerba
1425 1378 1473 1412 de
1503 1378 1545 1411 la
1574 1374 1844 1422 purgatum),
1891 1374 2002 1411 dubii

185 1440 529 1484 Nyctaginearum
553 1437 715 1481 generis
738 1435 898 1478 species
916 1431 1188 1476 (Roerlcavia
1208 1431 1406 1467 tuber-osa
1422 1431 1580 1478 Lam.];
1612 1432 1731 1467 radix
1746 1431 1884 1467 infusa
1901 1431 2005 1467 inter

186 1496 365 1532 remedia
389 1493 717 1537 antisyphilitica
733 1494 924 1536 habetur,
957 1493 1072 1526 cocta
1092 1490 1135 1525 in
1151 1488 1319 1525 cibariis
1337 1492 1412 1524 est.
1467 1489 1684 1523 Decoctum
1703 1490 1852 1523 herbae
1871 1485 2003 1521 Boar-

186 1550 343 1587 lzam’ae
357 1548 671 1597 procumbentis
695 1550 824 1584 Roxb.
850 1548 954 1582 inter
977 1546 1236 1582 antifebriles
1252 1545 1498 1590 medicinas,
1530 1544 1718 1579 corticem
1734 1544 1886 1579 radicis
1903 1544 2006 1579 lnter

186 1612 407 1653 purgantes
430 1607 521 1643 Indi
543 1608 705 1641 habent.
764 1601 964 1638 Pe'som'ae
986 1602 1146 1645 species
1163 1601 1420 1638 americanae
1437 1599 1595 1636 radices
1612 1600 1854 1636 Boerhaviis
1871 1598 2005 1642 quali-
2068 1630 2069 1634 ,

188 1665 340 1701 tatibus
364 1663 522 1701 similes
546 1662 764 1705 proferunt.
834 1657 1121 1706 Collegnom‘cte
1137 1651 1408 1703 parvvjslorae
1429 1657 1548 1692 Endl.
1572 1655 1774 1702 [Obulco]
1799 1658 2005 1692 decoctum

190 1721 379 1758 aurifices
396 1718 569 1764 peruani
580 1715 627 1754 'in
642 1717 757 1754 vasis
774 1716 979 1761 argenteis
994 1714 1259 1770 purificandis
1277 1716 1487 1757 usurpant.

435 1866 730 1925 classis
760 1866 1135 1931 XXVIII.
1208 1861 1771 1935 whymelaeae.

333 2001 579 2059 Arbores
624 2020 669 2056 v.
709 1998 957 2070 fruticeS,
1001 1995 1180 2053 rarius
1222 1994 1448 2069 herbae,
1493 1994 1642 2051 foliis
1688 1993 1912 2051 alternis
1957 2015 2007 2051 v.

198 2086 484 2165 oppositiS,
557 2084 733 2141 rarius
797 2080 1164 2154 verticillatis,
1239 2078 1604 2156 simplicibus,
1675 2077 1900 2153 integris
1958 2097 2007 2135 v·

194 2169 552 2250 pinnatifidis,
597 2168 912 2245 plerumque
956 2164 1246 2236 coriaceiS,
1292 2163 1742 2240 perennantibus,
1787 2161 2010 2219 floribus

155 2295 160 2310 .
195 2254 456 2334 perfectis
502 2273 548 2309 v.
590 2252 782 2308 abortu
824 2244 1182 2326 imperfectis,
1240 2247 1416 2304 rarius
1464 2247 1656 2304 abortu
1700 2246 2011 2319 diclinibus,

196 2338 479 2418 perigenio
508 2337 683 2394 libero
713 2355 760 2392 v.
791 2334 967 2391 rarius
999 2352 1118 2389 cum
1153 2331 1395 2408 germine
1426 2336 1658 2388 connato
1668 2373 1686 2403 ,
1726 2330 2012 2404 corollim,

200 2445 250 2482 v.
275 2429 432 2482 extus
462 2422 612 2495 rudi,
642 2420 787 2477 intus
819 2418 1060 2476 colorato
1069 2460 1087 2491 ,
1118 2415 1239 2472 basi
1267 2414 1546 2489 tubuloso,
1575 2414 1744 2471 limbo
1774 2414 2016 2492 regulari

201 2529 251 2565 v.
298 2506 568 2564 interdum
611 2503 928 2582 irregulari,
980 2500 1298 2558 staminibus
1341 2499 1650 2577 perigenio,
1701 2498 1878 2556 rarius
1922 2518 2015 2556 re-

202 2591 486 2670 ceptaculo
538 2589 784 2663 insertis,
845 2586 1121 2644 sterilibus
1166 2603 1328 2662 saepe
1370 2583 1716 2661 petaloideis,
1774 2582 2015 2660 germine

201 2677 365 2734 unico
402 2696 450 2732 v,
481 2673 755 2752 pluribus,
799 2670 1070 2749 gemmula
1106 2668 1350 2726 solitaria
1384 2687 1436 2725 v.
1465 2667 1734 2726 interdum
1762 2666 2018 2725 indefini-

202 2762 297 2836 tis,
341 2760 525 2816 fructu
559 2756 883 2830 folliculari,
927 2758 1349 2812 nucamentaceo
1389 2772 1440 2810 V.
1484 2752 1781 2831 drupaceO,
1826 2770 2018 2807 mono-

203 2845 590 2923 pleiospermO,
649 2842 934 2918 embryone
977 2838 1316 2896 albuminoso
1359 2835 1586 2894 intrario
1623 2855 1673 2893 v.
1712 2834 2020 2893 exalbumi-

209 2949 370 3003 noso,
401 2932 572 2986 recte.

683 3071 854 3118 ordo
884 3070 1004 3118 (JV.
1074 3067 1548 3116 Monimiaceae.

352 3177 576 3225 Arbores
612 3192 653 3222 v.
679 3172 917 3237 frutices,
965 3172 1090 3219 foliis
1128 3171 1357 3236 oppositis
1398 3186 1442 3217 v.
1485 3169 1638 3216 rarius
1677 3168 1893 3227 alternis,
1939 3183 2023 3233 pe-

214 3249 412 3304 tiolatis,
458 3246 800 3311 penninerviis,
846 3243 1164 3305 integerrimis
1209 3258 1252 3289 v·-
1293 3239 1828 3303 glanduloso—serratis‚
1875 3236 2023 3286 inter-

217 3317 321 3365 dum
359 3315 891 3381 pellucidoupunctatis,
937 3311 1403 3376 semper-virentibus,
1449 3310 1625 3374 glabris
1662 3326 1710 3358 v.
1753 3310 1914 3358 subtus
1949 3318 2024 3369 tof-

218 3390 465 3446 mentosis,
519 3386 830 3450 exstipulatis.
916 3384 1087 3432 Flores
1130 3382 1419 3446 imperfecti,
1473 3378 1821 3439 mono-dioici,
1873 3380 2025 3427 rarius

219 3460 448 3523 perfecti,
496 3457 728 3506 racemosi
765 3474 809 3506 v.
840 3455 1058 3521 cymosi.⁴
1107 3453 1419 3517 Perigvnium
1461 3451 1791 3516 calyciforme,
1835 3448 2027 3513 subglo-
