2147 3756
1022 107 1139 158 450

907 185 1247 195 ———-—-———--——ss.A-.-

171 282 478 326 hemisphaerae
502 280 699 318 australis
723 279 909 324 regiones
928 279 1446 326 frigidiusculasdiffusae,
1479 281 1651 318 cortices
1667 285 1807 325 gerunt
1826 290 1983 317 aroma-

171 340 296 386 ticos,
328 338 487 382 saporis
511 338 620 374 acris
643 341 681 374 et
704 337 943 381 pungentis,
975 336 1117 371 fauces
1134 335 1311 382 urentis,
1343 345 1368 372 a
1383 336 1552 373 medicis
1566 337 1672 373 inter
1688 338 1864 373 remedia
1878 338 1984 373 vali·
2027 375 2031 377 λ

172 396 265 431 (lius
288 394 543 431 stimulantia
559 394 772 429 admissa-5,
806 402 809 403 ⁷
832 390 1008 437 ,Drimpss
1033 389 1360 441 {Vlnllerl‘lt'ol'sh
1379 392 1591 436 (xVilliel'a
1605 394 1828 429 aromatica
1843 397 1984 441 lilius-7

172 452 345 499 Boique,
371 451 563 495 canello]
587 450 629 485 in
645 448 837 485 America
852 447 1080 483 antarctica
1094 448 1298 495 nascitur,
1329 452 1446 485 arbor
1461 452 1527 485 sat
1539 458 1707 498 magna,
1739 450 1877 486 fronde
1892 442 1985 493 per-¹

171 511 296 552 petua
317 507 469 543 virens.
528 507 676 542 Cortex
698 514 722 540 a
738 506 895 540 Joanne
910 504 1097 539 W'intero
1122 513 1227 540 anno
1255 506 1375 541 1579.
1393 515 1414 540 e
1438 505 1601 550 regione
1617 506 1897 550 magellaniea
1913 507 1986 542 ad-

172 567 285 601 latus
305 563 511 598 Corle‘cem
536 560 832 598 H't'ntermmm
851 556 1108 608 (fffim‘nalem
1126 570 1267 595 verum
1285 571 1316 597 s.
1339 560 1648 596 Cimmmomnm
1667 561 1987 609 rlzagellanicum

173 621 304 667 sistit,
331 631 355 657 a
371 621 576 663 plerisque
593 628 681 653 cum
698 618 891 653 Canellae
908 620 1047 663 albae,
1073 618 1228 653 arboris
1245 618 1570 664 diversissimae,
1596 619 1743 654 cortice
1760 619 1985 664 confusum,

173 678 383 714 rarissime
406 676 523 711 hodie
547 678 592 710 ob
610 678 863 710 mercaturae
878 684 968 710 cum
985 674 1070 709 illis
1087 673 1318 717 regionibus
1336 674 1635 722 difficultatem,
1666 684 1781 711 usus.
1840 675 1988 711 Cortex

175 743 344 770 crassus
374 736 451 779 est,
484 735 648 767 externe
678 730 834 777 laevis,
867 731 1073 777 cinereus,
1104 730 1216 765 intus
1247 731 1418 767 fibrosus
1443 734 1481 766 et
1503 734 1731 777 brunneus,
1764 731 1987 767 acerrimus

175 795 213 827 et
243 799 450 834 pungens,
489 790 608 831 atque
640 787 853 834 fervidior,
889 788 1150 832 linguamque
1181 787 1332 837 diutius
1363 787 1575 832 magisque
1603 789 1811 833 mordens,
1850 787 1988 824 minus

175 851 310 883 autem
335 854 499 880 amarus
523 847 561 879 et
582 843 828 879 aromaticus
853 853 972 886 quam
994 844 1066 879 ille
1084 845 1277 880 canellae
1300 847 1438 890 albae3
1468 846 1588 880 odore
1612 844 1695 880 fere
1712 846 1762 880 ad
1777 844 1989 895 ,Cascaril-

172 906 240 939 lae
258 902 445 938 corticem
463 901 631 936 accedit.
688 900 899 943 Principia
914 901 1198 944 praevalentia
1212 903 1342 937 oleum
1360 903 1606 947 aethereum,
1630 903 1718 936 oleo
1736 900 1988 937 Cinnamomi

175 959 461 1003 quodammodo
491 957 646 1003 simile,
676 957 853 992 resinam
885 966 1038 1004 acrem,
1071 957 1342 994 substantiam
1366 958 1632 993 extractivam
1656 960 1875 993 coloratam
1899 966 1989 992 cum

176 1017 294 1052 acido
311 1013 619 1060 miinotannieo,
652 1016 690 1049 et
706 1015 895 1049 albumen
911 1014 1136 1056 perhibent.
1184 1010 1362 1059 Drimys
1382 1011 1668 1048 Granatensz‘e
1682 1014 1801 1049 Linn.
1821 1013 1846 1048 f.
1867 1013 1988 1061 (Agl,

176 1072 332 1109 Canela
362 1072 409 1106 de
438 1071 630 1116 paramo,
668 1071 770 1106 Palo
801 1071 848 1105 de
878 1073 1104 1116 Malambo,
1145 1070 1277 1106 Casca
1307 1069 1478 1115 d’Anta)
1508 1071 1550 1106 in
1572 1070 1787 1106 Americae
1809 1069 1993 1113 tropicae

173 1128 377 1165 montibus
407 1129 491 1162 late
515 1127 662 1162 diffusa
682 1126 902 1169 experitur.
961 1126 1131 1162 Corticis
1155 1127 1366 1162 aromatici
1389 1131 1427 1162 et
1451 1127 1611 1170 egregie
1634 1127 1884 1162 stimulantis
1908 1126 1990 1161 fre-

174 1184 468 1228 quentissimus
492 1184 598 1226 apud
616 1183 890 1219 Brasilienses
914 1193 1015 1220 usus
1039 1183 1210 1229 obtinet,
1241 1183 1310 1225 qui
1327 1183 1519 1226 Tapirum
1536 1181 1694 1225 [Auta]
1719 1185 1884 1226 plantae
1905 1181 1992 1217 vir-

174 1245 297 1278 tutem
314 1242 505 1276 mortales
523 1239 710 1275 docuisse
727 1239 919 1275 referunt.
982 1237 1190 1273 corticem
1206 1235 1426 1274 Dffalambo
1444 1249 1477 1275 s.
1495 1237 1723 1284 Melambo,
1756 1239 1824 1281 qui
1841 1239 1882 1274 in
1900 1248 1991 1274 aro-

173 1297 405 1340 matopoliis
429 1296 534 1331 inter
556 1295 714 1331 rariora
737 1298 958 1338 pharmaca
980 1296 1197 1342 reperitur,
1229 1305 1281 1331 ex
1303 1299 1381 1332 hac
1404 1299 1546 1332 arbore
1571 1297 1792 1332 detractum
1808 1295 1990 1338 plerique

176 1355 444 1399 contendunt,
476 1351 551 1388 alii
574 1362 595 1388 e
621 1351 820 1395 Quassiae
842 1361 880 1387 v.
900 1352 1126 1395 Cuspariae
1149 1352 1286 1395 specie
1310 1353 1487 1388 derivari
1508 1355 1664 1395 putant.
1722 1350 1921 1395 Quidquid
1937 1350 1991 1387 sit

174 1412 394 1447 accedente
417 1408 588 1444 aromati
609 1408 806 1451 pungenti
829 1407 983 1452 insigni
1006 1408 1193 1444 amaritei
1215 1417 1241 1444 a
1263 1409 1411 1444 cortice
1434 1408 1676 1444 Winterano
1699 1411 1805 1444 certe
1827 1407 1990 1453 longius

173 1466 338 1504 recedit.
381 1462 559 1511 Drimys
576 1462 782 1498 ‹tx-maris
797 1465 928 1501 Forst.
943 1490 953 1510 ,
983 1464 1026 1500 in
1042 1466 1156 1500 Nova
1170 1464 1396 1500 Zeelandia
1412 1474 1622 1509 crescens,
1647 1469 1685 1501 et
1707 1462 1992 1499 Tasmanm‘ae

174 1521 488 1572 australasicae,
516 1524 683 1566 plantae
705 1520 1004 1564 magellanicae
1025 1524 1302 1565 praestantem
1325 1521 1562 1565 qualitatem
1579 1531 1600 1557 e
1615 1521 1835 1565 longinquo
1850 1530 1992 1558 aemu-

170 1581 323 1617 lantur.
896 1584 907 1593 ”
1124 1607 1128 1611 .

313 1633 499 1670 Ιῐῖὶοῖαηι
517 1633 732 1669 ane'satum
748 1632 869 1670 Linn.
886 1634 995 1677 apud
1010 1633 1134 1671 Sinas
1151 1634 1349 1671 nascitur.
1395 1634 1589 1678 Carpidia
1604 1634 1648 1671 in
1662 1636 1808 1671 stellae
1824 1633 1992 1670 formam

114 1687 121 1694 Χ
174 1696 369 1740 connata,
406 1686 538 1728 Anisa·
558 1689 726 1726 stellati
746 1700 779 1727 s.
804 1687 1032 1725 Badianae
1054 1691 1217 1727 nomine
1238 1691 1456 1728 notissima
1477 1695 1593 1736 sunt,
1633 1694 1671 1727 et
1694 1694 1742 1728 ob
1767 1692 1926 1727 odorem
1951 1694 1989 1727 et

173 1759 361 1794 saporem
391 1748 675 1796 aromaticum,
707 1749 887 1794 dulcem,
918 1746 1041 1784 Anisi
1071 1750 1294 1794 aemulum,
1326 1747 1431 1784 inter
1460 1747 1699 1784 delicatiora
1721 1747 1990 1791 condimenta,

171 1807 308 1843 rarius
337 1806 443 1842 inter
470 1804 694 1841 medicinas
718 1803 972 1840 adhibentur.
1029 1804 1270 1847 Pericarpia
1291 1806 1377 1840 oleo
1402 1807 1587 1840 aethereo
1611 1804 1757 1848 gravia
1779 1808 1893 1851 sunt,
1924 1803 1992 1840 cui

172 1863 406 1901 substantia
426 1861 660 1905 unguinosa
681 1860 725 1896 in
746 1863 891 1896 nucleo
909 1860 1080 1897 accedit.
1128 1862 1238 1897 Usus
1254 1861 1297 1895 in
1311 1861 1563 1897 medicandis
1578 1861 1804 1903 liquoribus
1822 1863 1992 1897 alkoho-

171 1920 287 1968 licis,
321 1918 390 1962 qui
413 1920 520 1962 apud
536 1916 854 1962 Burdigalenses
877 1920 915 1952 et
931 1918 1081 1961 Belgas
1103 1920 1300 1960 parantur
1323 1915 1537 1959 (Anisette
1560 1919 1607 1953 de
1630 1919 1851 1964 Hellande,
1883 1917 1992 1953 Ani-

172 1980 275 2014 sette
292 1977 339 2011 de
353 1974 614 2021 Bordeaux),
646 1973 837 2016 frequens
853 1976 927 2010 est.
978 1974 1148 2010 Arboris
1164 1974 1272 2016 apud
1289 1974 1469 2017 Japones
1486 1976 1620 2010 cultae
1637 1973 1876 2020 (Summi),
1902 1974 1992 2010 sive

172 2041 285 2071 mera
306 2031 448 2075 stirpis
470 2031 752 2068 badianiferae
767 2030 969 2077 varietas,
1001 2029 1111 2077 sive,
1142 2033 1184 2066 ut
1209 2029 1284 2065 alii
1306 2030 1537 2077 perhibent,
1569 2031 1635 2067 sui
1653 2030 1760 2073 juris
1785 2028 1990 2074 (lllicium

173 2088 415 2135 religiosum
446 2088 554 2124 Sieb.
586 2091 624 2123 et
652 2085 824 2133 Zucc.],
857 2090 963 2123 certe
987 2089 1122 2122 tamen
1146 2096 1171 2122 a
1192 2086 1305 2123 Sinis
1329 2090 1607 2133 transvectae‚
1639 2090 1835 2130 capsulae
1853 2087 1990 2124 minus

172 2149 326 2183 valent.
384 2144 627 2180 Praesentia
648 2144 771 2185 hujus
794 2143 952 2179 arboris
976 2144 1071 2179 deos
1096 2143 1289 2178 delectari
1305 2143 1527 2179 Budhistae
1550 2147 1781 2191 autumant,
1814 2144 1923 2180 facta
1940 2153 1993 2179 ex

174 2202 346 2239 ramulis
379 2204 491 2238 serta
520 2203 560 2236 et.
589 2199 812 2235 fasciculos
844 2204 938 2235 ante
968 2199 1080 2234 idola
1109 2203 1336 2246 exponunt,
1369 2199 1513 2234 iisdem
1538 2200 1764 2242 sepulchris
1787 2200 1990 2243 impositis

173 2259 363 2296 manibus
385 2257 519 2293 litant.
580 2256 726 2292 Cortex
746 2256 788 2290 in
811 2258 1020 2298 pulverem
1042 2256 1231 2291 redactus
1249 2255 1553 2292 excubitoribus
1576 2256 1755 2299 publicis
1776 2257 1902 2293 servit
1918 2266 1990 2300 pro

174 2315 332 2361 fomite,
363 2323 440 2358 quo
471 2313 719 2349 canaliculis
750 2311 878 2347 cineri
899 2311 1113 2354 impressis
1132 2311 1338 2358 insperso,
1371 2315 1409 2347 et
1431 2313 1483 2347 ad
1506 2316 1658 2348 certum
1681 2312 1860 2356 spatium
1880 2315 1992 2348 lenta

174 2371 470 2410 scintillatione
500 2371 689 2415 depasto,
721 2372 879 2411 tempus
911 2368 1119 2414 dividunt,
1151 2372 1189 2404 et
1220 2368 1382 2411 publico
1415 2377 1702 2412 campanarum
1724 2372 1846 2412 pulsu
1868 2372 1992 2406 horas

171 2428 366 2465 indicant.
412 2428 738 2463 Chronometrum
755 2428 876 2460 hocce
892 2424 933 2459 in
951 2424 1087 2467 pedali
1103 2424 1210 2460 cista
1225 2424 1470 2472 includitur,
1495 2426 1612 2468 cujus
1628 2426 1867 2462 brevitatem
1883 2435 1992 2462 com-

172 2487 348 2529 pensant
365 2482 531 2527 plurimi
547 2482 868 2518 canaliculorum
886 2480 1112 2517 anfractus.
1156 2480 1375 2517 Accensus
1392 2481 1518 2518 fomes
1535 2492 1585 2518 ne
1600 2481 1810 2525 impariter
1825 2482 1990 2529 gliscat,

173 2544 243 2578 aer
267 2543 410 2586 clausa
434 2541 607 2582 capsula
629 2541 809 2584 arcetur,
827 2537 983 2589 ‚relicto
1007 2536 1226 2585 foramine,
1258 2548 1329 2581 per
1353 2540 1457 2580 quod
1479 2538 1614 2574 fumus
1631 2542 1824 2574 transeat.
1882 2541 1992 2575 Idem

173 2597 332 2646 pulvis,
362 2596 407 2632 in
429 2595 632 2633 altaribus
654 2604 707 2631 ex
728 2593 844 2631 vasis
861 2593 1002 2631 aeneis
1017 2594 1220 2642 gliscens,
1251 2597 1438 2638 pergrato
1454 2594 1594 2632 suffitu
1608 2595 1719 2631 idola
1735 2595 1912 2632 creditur
1927 2605 1992 2631 re-

171 2655 302 2692 ficere.
997 2684 1005 2691 t

313 2703 772 2755 Illae'cv‘umflorv‘clcmum
787 2708 870 2743 ΕΠ.
888 2709 924 2743 et
943 2704 1127 2742 Ille‘cv'um
1138 2702 1601 2755 parvvflorumMichx„
1633 2708 1793 2752 species
1809 2707 1852 2744 in
1866 2709 1991 2744 Ame-

173 2767 260 2803 rica
281 2765 436 2805 boreali
460 2768 712 2812 crescentes,
744 2764 940 2800 aromatis
956 2763 1081 2801 sinici
1096 2764 1392 2807 praestantiam
1409 2775 1431 2800 e
1446 2765 1663 2809 longinquo
1680 2766 1949 2802 aemulantur.

318 2833 672 2871 Trochodendron
697 2831 929 2869 arale'oz’des
952 2834 1062 2870 Sieb.
1087 2837 1125 2870 et
1147 2836 1273 2871 Zucc.
1299 2834 1454 2879 [Fama
1471 2836 1654 2870 Kuruma
1678 2834 1704 2870 i.
1721 2844 1755 2870 e.
1773 2838 1861 2869 rota
1875 2844 1989 2870 mon-

175 2892 295 2938 tana]
313 2893 355 2929 in
371 2894 393 2928 J
398 2893 548 2935 aponia
562 2891 764 2939 nascitur,
798 2894 918 2928 arbor
931 2890 1065 2926 Illicio
1083 2894 1123 2926 et
1138 2890 1415 2928 Tasmanniae
1431 2890 1589 2937 affinis,
1607 2890 1808 2935 perigonii
1830 2891 1989 2928 defectu

173 2951 218 2987 in
247 2950 386 2986 ordine
416 2950 630 2997 anomala,
661 2947 851 2984 foliorum
873 2949 912 2983 et
936 2946 1142 3001 fructuum
1165 2947 1362 2989 qualitate
1385 2947 1610 2983 aromatica
1632 2947 1870 2984 affinitatem
1893 2957 1990 2984 con-

171 3007 367 3045 firmante.

320 3074 469 3110 Tenens
491 3070 716 3108 mosoliam
731 3074 851 3120 Mol.,
883 3075 1003 3110 arbor
1019 3071 1236 3119 chilensis,
1269 3071 1389 3108 dubie
1405 3072 1703 3116 Magnoliaceis
1719 3074 1989 3113 consociatur.

173 3134 292 3172 Folia
308 3131 549 3178 Myristicae
564 3132 725 3167 odorem
740 3129 919 3178 spirant,
947 3132 1102 3166 baccae
1117 3128 1400 3168 amarissimae
1415 3132 1524 3167 sunt.
1651 3127 1655 3129 ”

556 3281 728 3327 ordo
759 3262 1104 3327 enxxlx.'
1139 3278 1604 3328 mueniaeeae.

314 3383 561 3441 Arbores,
596 3379 817 3444 frutices
844 3398 891 3430 v.
923 3379 1203 3447 suffrzctz’ces
1233 3398 1376 3446 saepe
1408 3379 1711 3441 scandentes,
1751 3380 1986 3429 rarissime

178 3451 372 3502 caudice
417 3454 669 3517 hypogaeo
716 3452 963 3512 herbacei,
1017 3453 1157 3501 ramis
1201 3453 1453 3512 teretibus,
1508 3453 1710 3512 foliatis,
1756 3449 1985 3500 interdum
