<?xml version="1.0" encoding="UTF-8"?>
<!DOCTYPE html PUBLIC "-//W3C//DTD XHTML 1.0 Transitional//EN"
    "http://www.w3.org/TR/xhtml1/DTD/xhtml1-transitional.dtd">
<html xmlns="http://www.w3.org/1999/xhtml" xml:lang="en" lang="en">
 <head>
  <title>
</title>
<meta http-equiv="Content-Type" content="text/html;charset=utf-8" />
  <meta name='ocr-system' content='tesseract 3.04.00' />
  <meta name='ocr-capabilities' content='ocr_page ocr_carea ocr_par ocr_line ocrx_word'/>
</head>
<body>
  <div class='ocr_page' id='page_1' title='image "./enchiridionbotan00endl/enchiridionbotan00endl_0042.png"; bbox 0 0 2147 3756; ppageno 0'>
   <div class='ocr_carea' id='block_1_1' title="bbox 1056 108 1131 155">
    <p class='ocr_par' dir='ltr' id='par_1_1' title="bbox 1056 108 1131 155">
     <span class='ocr_line' id='line_1_1' title="bbox 1056 108 1131 155; baseline 0.013 -1"><span class='ocrx_word' id='word_1_1' title='bbox 1056 108 1131 155; x_wconf 74' lang='lat'><strong>24</strong></span> 
     </span>
    </p>
   </div>
   <div class='ocr_carea' id='block_1_2' title="bbox 926 185 1266 192">
    <p class='ocr_par' dir='ltr' id='par_1_2' title="bbox 926 185 1266 192">
     <span class='ocr_line' id='line_1_2' title="bbox 926 185 1266 192; baseline 0 -1"><span class='ocrx_word' id='word_1_2' title='bbox 926 186 981 192; x_wconf 44' lang='grc' dir='ltr'><strong>φ»,</strong></span> <span class='ocrx_word' id='word_1_3' title='bbox 1013 186 1074 191; x_wconf 51' lang='grc'><strong>-.-7.</strong></span> <span class='ocrx_word' id='word_1_4' title='bbox 1096 187 1156 191; x_wconf 28' lang='lat' dir='ltr'><strong>Vq,-</strong></span> <span class='ocrx_word' id='word_1_5' title='bbox 1182 185 1266 192; x_wconf 30' lang='lat' dir='ltr'><strong>rr-q*</strong></span> 
     </span>
    </p>
   </div>
   <div class='ocr_carea' id='block_1_3' title="bbox 607 300 1580 372">
    <p class='ocr_par' dir='ltr' id='par_1_3' title="bbox 607 300 1580 372">
     <span class='ocr_line' id='line_1_3' title="bbox 607 300 1580 372; baseline -0.001 -12"><span class='ocrx_word' id='word_1_6' title='bbox 607 300 903 361; x_wconf 73' lang='lat' dir='ltr'><strong>Classis</strong></span> <span class='ocrx_word' id='word_1_7' title='bbox 933 302 1067 359; x_wconf 79' lang='lat' dir='ltr'><strong>lv.</strong></span> <span class='ocrx_word' id='word_1_8' title='bbox 1126 300 1580 372; x_wconf 74' lang='lat' dir='ltr'><strong>Hepatieae.</strong></span> 
     </span>
    </p>
   </div>
   <div class='ocr_carea' id='block_1_4' title="bbox 128 433 2030 2709">
    <p class='ocr_par' dir='ltr' id='par_1_4' title="bbox 128 433 2030 2709">
     <span class='ocr_line' id='line_1_4' title="bbox 327 433 1999 512; baseline -0.001 -20"><span class='ocrx_word' id='word_1_9' title='bbox 327 433 680 492; x_wconf 77' lang='lat' dir='ltr'><strong>Plcmtulae</strong></span> <span class='ocrx_word' id='word_1_10' title='bbox 718 453 929 492; x_wconf 79' lang='lat' dir='ltr'>annuae</span> <span class='ocrx_word' id='word_1_11' title='bbox 964 454 1016 491; x_wconf 84' lang='lat' dir='ltr'><strong>v.</strong></span> <span class='ocrx_word' id='word_1_12' title='bbox 1054 453 1346 512; x_wconf 73' lang='lat' dir='ltr'><strong>perennes,</strong></span> <span class='ocrx_word' id='word_1_13' title='bbox 1407 440 1666 492; x_wconf 81' lang='lat' dir='ltr'><strong>contextu</strong></span> <span class='ocrx_word' id='word_1_14' title='bbox 1712 434 1999 507; x_wconf 84' lang='lat' dir='ltr'><strong>celluloso,</strong></span> 
     </span>
     <span class='ocr_line' id='line_1_5' title="bbox 185 517 2003 597; baseline 0.001 -23"><span class='ocrx_word' id='word_1_15' title='bbox 185 517 520 593; x_wconf 86' lang='lat' dir='ltr'><strong>laxiusculo,</strong></span> <span class='ocrx_word' id='word_1_16' title='bbox 564 519 878 597; x_wconf 88' lang='lat' dir='ltr'><strong>plerumque</strong></span> <span class='ocrx_word' id='word_1_17' title='bbox 914 517 1356 595; x_wconf 81' lang='lat' dir='ltr'><strong>procumbenteS,</strong></span> <span class='ocrx_word' id='word_1_18' title='bbox 1401 517 1729 576; x_wconf 79' lang='lat' dir='ltr'><strong>radicantes·</strong></span> <span class='ocrx_word' id='word_1_19' title='bbox 1816 518 2003 577; x_wconf 69' lang='lat' dir='ltr'><strong>Folia</strong></span> 
     </span>
     <span class='ocr_line' id='line_1_6' title="bbox 183 601 2005 678; baseline -0.001 -18"><span class='ocrx_word' id='word_1_20' title='bbox 183 623 329 661; x_wconf 90' lang='lat' dir='ltr'><strong>nune</strong></span> <span class='ocrx_word' id='word_1_21' title='bbox 359 604 416 660; x_wconf 92' lang='lat' dir='ltr'><strong>in</strong></span> <span class='ocrx_word' id='word_1_22' title='bbox 446 603 693 661; x_wconf 84' lang='lat' dir='ltr'><strong>frondem</strong></span> <span class='ocrx_word' id='word_1_23' title='bbox 723 622 997 676; x_wconf 85' lang='lat' dir='ltr'><strong>enervem,</strong></span> <span class='ocrx_word' id='word_1_24' title='bbox 1039 601 1217 659; x_wconf 88' lang='lat' dir='ltr'><strong>rarius</strong></span> <span class='ocrx_word' id='word_1_25' title='bbox 1253 622 1416 659; x_wconf 86' lang='lat' dir='ltr'><strong>nervo</strong></span> <span class='ocrx_word' id='word_1_26' title='bbox 1455 622 1484 659; x_wconf 94' lang='lat' dir='ltr'><strong>e</strong></span> <span class='ocrx_word' id='word_1_27' title='bbox 1523 602 1739 660; x_wconf 89' lang='lat' dir='ltr'><strong>cellulis</strong></span> <span class='ocrx_word' id='word_1_28' title='bbox 1778 603 2005 678; x_wconf 76' lang='lat' dir='ltr'><strong>elonga-</strong></span> 
     </span>
     <span class='ocr_line' id='line_1_7' title="bbox 184 685 2001 766; baseline -0.001 -22"><span class='ocrx_word' id='word_1_29' title='bbox 184 688 253 744; x_wconf 88' lang='lat' dir='ltr'><strong>tis</strong></span> <span class='ocrx_word' id='word_1_30' title='bbox 305 688 533 744; x_wconf 83' lang='lat' dir='ltr'><strong>formato</strong></span> <span class='ocrx_word' id='word_1_31' title='bbox 586 706 900 766; x_wconf 78' lang='lat' dir='ltr'><strong>percursam</strong></span> <span class='ocrx_word' id='word_1_32' title='bbox 952 686 1175 760; x_wconf 88' lang='lat' dir='ltr'><strong>coalita,</strong></span> <span class='ocrx_word' id='word_1_33' title='bbox 1236 706 1379 743; x_wconf 90' lang='lat' dir='ltr'><strong>nunc</strong></span> <span class='ocrx_word' id='word_1_34' title='bbox 1432 685 1693 760; x_wconf 85' lang='lat' dir='ltr'><strong>discreta,</strong></span> <span class='ocrx_word' id='word_1_35' title='bbox 1752 685 2001 760; x_wconf 83' lang='lat' dir='ltr'><strong>disticha,</strong></span> 
     </span>
     <span class='ocr_line' id='line_1_8' title="bbox 184 770 2005 849; baseline -0.001 -20"><span class='ocrx_word' id='word_1_36' title='bbox 184 791 348 849; x_wconf 82' lang='lat' dir='ltr'><strong>saepe</strong></span> <span class='ocrx_word' id='word_1_37' title='bbox 378 772 563 829; x_wconf 88' lang='lat' dir='ltr'><strong>lobata</strong></span> <span class='ocrx_word' id='word_1_38' title='bbox 595 793 643 829; x_wconf 90' lang='lat' dir='ltr'><strong>v.</strong></span> <span class='ocrx_word' id='word_1_39' title='bbox 676 770 920 845; x_wconf 89' lang='lat' dir='ltr'><strong>dentata,</strong></span> <span class='ocrx_word' id='word_1_40' title='bbox 964 770 1234 829; x_wconf 86' lang='lat' dir='ltr'><strong>interdum</strong></span> <span class='ocrx_word' id='word_1_41' title='bbox 1266 771 1584 829; x_wconf 85' lang='lat' dir='ltr'><strong>stomatibus</strong></span> <span class='ocrx_word' id='word_1_42' title='bbox 1623 770 1849 844; x_wconf 87' lang='lat' dir='ltr'><strong>donata,</strong></span> <span class='ocrx_word' id='word_1_43' title='bbox 1893 791 2005 827; x_wconf 89' lang='lat' dir='ltr'><strong>non</strong></span> 
     </span>
     <span class='ocr_line' id='line_1_9' title="bbox 181 853 2030 934; baseline -0.001 -21"><span class='ocrx_word' id='word_1_44' title='bbox 181 876 308 913; x_wconf 87' lang='lat' dir='ltr'><strong>raro</strong></span> <span class='ocrx_word' id='word_1_45' title='bbox 340 856 554 934; x_wconf 89' lang='lat' dir='ltr'><strong>stipulis</strong></span> <span class='ocrx_word' id='word_1_46' title='bbox 588 853 1128 934; x_wconf 55' lang='lat' dir='ltr'><strong>(amphc&#39;gastrz&#39;zk)</strong></span> <span class='ocrx_word' id='word_1_47' title='bbox 1168 855 1454 914; x_wconf 86' lang='lat' dir='ltr'><strong>instructa.</strong></span> <span class='ocrx_word' id='word_1_48' title='bbox 1544 853 2030 932; x_wconf 50' lang='lat' dir='ltr'><strong>Multiplicatm</strong></span> 
     </span>
     <span class='ocr_line' id='line_1_10' title="bbox 181 939 2000 1018; baseline -0.001 -20"><span class='ocrx_word' id='word_1_49' title='bbox 181 961 280 1018; x_wconf 93' lang='lat' dir='ltr'><strong>per</strong></span> <span class='ocrx_word' id='word_1_50' title='bbox 309 960 547 1017; x_wconf 80' lang='lat' dir='ltr'><strong>gemmas</strong></span> <span class='ocrx_word' id='word_1_51' title='bbox 579 946 632 998; x_wconf 91' lang='lat' dir='ltr'><strong>et</strong></span> <span class='ocrx_word' id='word_1_52' title='bbox 660 940 965 1017; x_wconf 81' lang='lat' dir='ltr'><strong>propagula</strong></span> <span class='ocrx_word' id='word_1_53' title='bbox 995 940 1169 1013; x_wconf 89' lang='lat' dir='ltr'><strong>varia,</strong></span> <span class='ocrx_word' id='word_1_54' title='bbox 1214 940 1532 1018; x_wconf 76' lang='lat' dir='ltr'><strong>propagatio</strong></span> <span class='ocrx_word' id='word_1_55' title='bbox 1570 960 1669 1017; x_wconf 92' lang='lat' dir='ltr'><strong>per</strong></span> <span class='ocrx_word' id='word_1_56' title='bbox 1705 939 1866 997; x_wconf 84' lang='lat' dir='ltr'><strong>flores</strong></span> <span class='ocrx_word' id='word_1_57' title='bbox 1905 959 2000 1017; x_wconf 81' lang='lat' dir='ltr'><strong>ge·-</strong></span> 
     </span>
     <span class='ocr_line' id='line_1_11' title="bbox 181 1023 2006 1082; baseline -0.002 0"><span class='ocrx_word' id='word_1_58' title='bbox 181 1024 441 1082; x_wconf 87' lang='lat' dir='ltr'><strong>nitalibus</strong></span> <span class='ocrx_word' id='word_1_59' title='bbox 487 1024 778 1082; x_wconf 89' lang='lat' dir='ltr'><strong>diclinibus</strong></span> <span class='ocrx_word' id='word_1_60' title='bbox 821 1025 1137 1082; x_wconf 85' lang='lat' dir='ltr'><strong>instructos.</strong></span> <span class='ocrx_word' id='word_1_61' title='bbox 1238 1023 1622 1082; x_wconf 67' lang='lat' dir='ltr'><strong>Antherz&#39;dz‘a</strong></span> <span class='ocrx_word' id='word_1_62' title='bbox 1667 1023 2006 1080; x_wconf 86' lang='lat' dir='ltr'><strong>utriculisor-</strong></span> 
     </span>
     <span class='ocr_line' id='line_1_12' title="bbox 180 1108 2007 1187; baseline -0.001 -21"><span class='ocrx_word' id='word_1_63' title='bbox 180 1110 316 1184; x_wconf 86' lang='lat' dir='ltr'><strong>mia,</strong></span> <span class='ocrx_word' id='word_1_64' title='bbox 347 1110 785 1183; x_wconf 85' lang='lat' dir='ltr'><strong>membranacea,</strong></span> <span class='ocrx_word' id='word_1_65' title='bbox 816 1108 871 1164; x_wconf 91' lang='lat' dir='ltr'><strong>in</strong></span> <span class='ocrx_word' id='word_1_66' title='bbox 904 1108 1177 1166; x_wconf 82' lang='lat' dir='ltr'><strong>frondosis</strong></span> <span class='ocrx_word' id='word_1_67' title='bbox 1209 1109 1523 1187; x_wconf 80' lang='lat' dir='ltr'><strong>saepissime</strong></span> <span class='ocrx_word' id='word_1_68' title='bbox 1549 1108 1728 1166; x_wconf 83' lang='lat' dir='ltr'><strong>frondi</strong></span> <span class='ocrx_word' id='word_1_69' title='bbox 1753 1108 2007 1165; x_wconf 88' lang='lat' dir='ltr'><strong>immersa</strong></span> 
     </span>
     <span class='ocr_line' id='line_1_13' title="bbox 178 1191 2005 1269; baseline -0.001 -18"><span class='ocrx_word' id='word_1_70' title='bbox 178 1214 231 1252; x_wconf 84' lang='lat' dir='ltr'><strong>v.</strong></span> <span class='ocrx_word' id='word_1_71' title='bbox 261 1193 319 1251; x_wconf 90' lang='lat' dir='ltr'><strong>in</strong></span> <span class='ocrx_word' id='word_1_72' title='bbox 351 1194 558 1251; x_wconf 89' lang='lat' dir='ltr'><strong>discum</strong></span> <span class='ocrx_word' id='word_1_73' title='bbox 587 1193 832 1269; x_wconf 76' lang='lat' dir='ltr'><strong>margine</strong></span> <span class='ocrx_word' id='word_1_74' title='bbox 862 1192 1098 1252; x_wconf 84' lang='lat' dir='ltr'><strong>soliaceo</strong></span> <span class='ocrx_word' id='word_1_75' title='bbox 1130 1193 1366 1250; x_wconf 89' lang='lat' dir='ltr'><strong>cinctum</strong></span> <span class='ocrx_word' id='word_1_76' title='bbox 1400 1194 1660 1265; x_wconf 89' lang='lat' dir='ltr'><strong>collecta,</strong></span> <span class='ocrx_word' id='word_1_77' title='bbox 1705 1192 1762 1249; x_wconf 91' lang='lat' dir='ltr'><strong>in</strong></span> <span class='ocrx_word' id='word_1_78' title='bbox 1791 1191 2005 1249; x_wconf 84' lang='lat' dir='ltr'><strong>foliosis</strong></span> 
     </span>
     <span class='ocr_line' id='line_1_14' title="bbox 180 1275 2007 1354; baseline -0.002 -18"><span class='ocrx_word' id='word_1_79' title='bbox 180 1277 461 1352; x_wconf 83' lang='lat' dir='ltr'><strong>axillaria,</strong></span> <span class='ocrx_word' id='word_1_80' title='bbox 518 1277 756 1336; x_wconf 80' lang='lat' dir='ltr'><strong>bracteis</strong></span> <span class='ocrx_word' id='word_1_81' title='bbox 802 1277 1024 1354; x_wconf 87' lang='lat' dir='ltr'><strong>stipata,</strong></span> <span class='ocrx_word' id='word_1_82' title='bbox 1083 1277 1360 1335; x_wconf 87' lang='lat' dir='ltr'><strong>humorem</strong></span> <span class='ocrx_word' id='word_1_83' title='bbox 1411 1278 1890 1353; x_wconf 76' lang='lat' dir='ltr'><strong>mucilaginosum,</strong></span> <span class='ocrx_word' id='word_1_84' title='bbox 1948 1275 2007 1333; x_wconf 89' lang='lat' dir='ltr'><strong>in</strong></span> 
     </span>
     <span class='ocr_line' id='line_1_15' title="bbox 180 1360 2006 1442; baseline -0.002 -22"><span class='ocrx_word' id='word_1_85' title='bbox 180 1364 414 1442; x_wconf 83' lang='lat' dir='ltr'><strong>granula</strong></span> <span class='ocrx_word' id='word_1_86' title='bbox 443 1363 919 1440; x_wconf 79' lang='lat' dir='ltr'><strong>coaguleseentem</strong></span> <span class='ocrx_word' id='word_1_87' title='bbox 948 1362 1302 1419; x_wconf 87' lang='lat' dir='ltr'><strong>includentia.</strong></span> <span class='ocrx_word' id='word_1_88' title='bbox 1356 1362 1708 1420; x_wconf 59' lang='lat' dir='ltr'><strong>Pz&#39;stz&#39;llz&#39;defa</strong></span> <span class='ocrx_word' id='word_1_89' title='bbox 1739 1360 2006 1433; x_wconf 87' lang='lat' dir='ltr'><strong>solitaria,</strong></span> 
     </span>
     <span class='ocr_line' id='line_1_16' title="bbox 179 1445 2008 1524; baseline -0.002 -20"><span class='ocrx_word' id='word_1_90' title='bbox 179 1467 230 1504; x_wconf 85' lang='lat' dir='ltr'><strong>v.</strong></span> <span class='ocrx_word' id='word_1_91' title='bbox 270 1447 328 1504; x_wconf 91' lang='lat' dir='ltr'><strong>in</strong></span> <span class='ocrx_word' id='word_1_92' title='bbox 363 1447 711 1524; x_wconf 88' lang='lat' dir='ltr'><strong>receptaculo</strong></span> <span class='ocrx_word' id='word_1_93' title='bbox 756 1445 1145 1524; x_wconf 88' lang='lat' dir='ltr'><strong>capituliformi</strong></span> <span class='ocrx_word' id='word_1_94' title='bbox 1188 1446 1552 1524; x_wconf 87' lang='lat' dir='ltr'><strong>pedunculato</strong></span> <span class='ocrx_word' id='word_1_95' title='bbox 1599 1446 1859 1519; x_wconf 87' lang='lat' dir='ltr'><strong>collecta,</strong></span> <span class='ocrx_word' id='word_1_96' title='bbox 1915 1445 2008 1501; x_wconf 91' lang='lat' dir='ltr'><strong>in-</strong></span> 
     </span>
     <span class='ocr_line' id='line_1_17' title="bbox 181 1529 2007 1607; baseline -0.002 -18"><span class='ocrx_word' id='word_1_97' title='bbox 181 1531 404 1589; x_wconf 82' lang='lat' dir='ltr'><strong>volucro</strong></span> <span class='ocrx_word' id='word_1_98' title='bbox 458 1530 731 1588; x_wconf 88' lang='lat' dir='ltr'><strong>communi</strong></span> <span class='ocrx_word' id='word_1_99' title='bbox 782 1551 831 1587; x_wconf 88' lang='lat' dir='ltr'><strong>v.</strong></span> <span class='ocrx_word' id='word_1_100' title='bbox 887 1530 1050 1588; x_wconf 90' lang='lat' dir='ltr'><strong>etiam</strong></span> <span class='ocrx_word' id='word_1_101' title='bbox 1099 1530 1422 1607; x_wconf 81' lang='lat' dir='ltr'><strong>partialibus</strong></span> <span class='ocrx_word' id='word_1_102' title='bbox 1476 1530 1682 1603; x_wconf 88' lang='lat' dir='ltr'><strong>cincta,</strong></span> <span class='ocrx_word' id='word_1_103' title='bbox 1739 1529 2007 1587; x_wconf 87' lang='lat' dir='ltr'><strong>interdum</strong></span> 
     </span>
     <span class='ocr_line' id='line_1_18' title="bbox 180 1613 2008 1694; baseline -0.001 -20"><span class='ocrx_word' id='word_1_104' title='bbox 180 1616 289 1674; x_wconf 90' lang='lat' dir='ltr'><strong>filis</strong></span> <span class='ocrx_word' id='word_1_105' title='bbox 335 1616 641 1673; x_wconf 89' lang='lat' dir='ltr'><strong>articulatis</strong></span> <span class='ocrx_word' id='word_1_106' title='bbox 681 1613 1200 1694; x_wconf 69' lang='lat' dir='ltr'><strong>(paraphyszbus)</strong></span> <span class='ocrx_word' id='word_1_107' title='bbox 1239 1615 1431 1671; x_wconf 82' lang='lat' dir='ltr'><strong>mixta.</strong></span> <span class='ocrx_word' id='word_1_108' title='bbox 1528 1615 1656 1672; x_wconf 78' lang='lat' dir='ltr'><strong>Ger</strong></span> <span class='ocrx_word' id='word_1_109' title='bbox 1658 1634 1797 1672; x_wconf 79' lang='lat' dir='ltr'><strong>men</strong></span> <span class='ocrx_word' id='word_1_110' title='bbox 1836 1614 2008 1672; x_wconf 87' lang='lat' dir='ltr'><strong>raris-</strong></span> 
     </span>
     <span class='ocr_line' id='line_1_19' title="bbox 181 1699 2008 1778; baseline -0.002 -19"><span class='ocrx_word' id='word_1_111' title='bbox 181 1701 315 1759; x_wconf 88' lang='lat' dir='ltr'><strong>sime</strong></span> <span class='ocrx_word' id='word_1_112' title='bbox 345 1700 571 1774; x_wconf 85' lang='lat' dir='ltr'><strong>nudum,</strong></span> <span class='ocrx_word' id='word_1_113' title='bbox 617 1700 934 1778; x_wconf 89' lang='lat' dir='ltr'><strong>saepissime</strong></span> <span class='ocrx_word' id='word_1_114' title='bbox 973 1700 1204 1778; x_wconf 88' lang='lat' dir='ltr'><strong>primum</strong></span> <span class='ocrx_word' id='word_1_115' title='bbox 1240 1699 1385 1756; x_wconf 91' lang='lat' dir='ltr'><strong>intra</strong></span> <span class='ocrx_word' id='word_1_116' title='bbox 1422 1699 1695 1756; x_wconf 80' lang='lat' dir='ltr'><strong>blacteam</strong></span> <span class='ocrx_word' id='word_1_117' title='bbox 1735 1699 2008 1756; x_wconf 88' lang='lat' dir='ltr'><strong>membra-</strong></span> 
     </span>
     <span class='ocr_line' id='line_1_20' title="bbox 128 1781 2005 1863; baseline -0.001 -22"><span class='ocrx_word' id='word_1_118' title='bbox 128 1839 130 1841; x_wconf 83' lang='lat'>.</span> <span class='ocrx_word' id='word_1_119' title='bbox 181 1805 435 1860; x_wconf 85' lang='lat' dir='ltr'><strong>naceam,</strong></span> <span class='ocrx_word' id='word_1_120' title='bbox 467 1785 809 1863; x_wconf 74' lang='lat' dir='ltr'><strong>calypti-atim</strong></span> <span class='ocrx_word' id='word_1_121' title='bbox 833 1790 1121 1842; x_wconf 81' lang='lat' dir='ltr'><strong>connatam</strong></span> <span class='ocrx_word' id='word_1_122' title='bbox 1145 1781 1556 1862; x_wconf 70' lang='lat' dir='ltr'><strong>(engonmm,</strong></span> <span class='ocrx_word' id='word_1_123' title='bbox 1590 1783 2005 1862; x_wconf 51' lang='lat' dir='ltr'><strong>camaram),</strong></span> 
     </span>
     <span class='ocr_line' id='line_1_21' title="bbox 180 1867 2007 1947; baseline -0.001 -21"><span class='ocrx_word' id='word_1_124' title='bbox 180 1870 239 1927; x_wconf 91' lang='lat' dir='ltr'><strong>in</strong></span> <span class='ocrx_word' id='word_1_125' title='bbox 274 1890 588 1947; x_wconf 82' lang='lat' dir='ltr'><strong>processum</strong></span> <span class='ocrx_word' id='word_1_126' title='bbox 627 1868 979 1946; x_wconf 79' lang='lat' dir='ltr'><strong>styliformem</strong></span> <span class='ocrx_word' id='word_1_127' title='bbox 1017 1874 1348 1926; x_wconf 89' lang='lat' dir='ltr'><strong>attenuatam</strong></span> <span class='ocrx_word' id='word_1_128' title='bbox 1383 1868 1642 1942; x_wconf 90' lang='lat' dir='ltr'><strong>liberum,</strong></span> <span class='ocrx_word' id='word_1_129' title='bbox 1689 1867 1904 1926; x_wconf 88' lang='lat' dir='ltr'><strong>tandem</strong></span> <span class='ocrx_word' id='word_1_130' title='bbox 1948 1868 2007 1925; x_wconf 87' lang='lat' dir='ltr'><strong>in</strong></span> 
     </span>
     <span class='ocr_line' id='line_1_22' title="bbox 180 1953 2004 2032; baseline -0.002 -20"><span class='ocrx_word' id='word_1_131' title='bbox 180 1955 452 2032; x_wconf 88' lang='lat' dir='ltr'><strong>pedicello</strong></span> <span class='ocrx_word' id='word_1_132' title='bbox 485 1955 777 2028; x_wconf 89' lang='lat' dir='ltr'><strong>elevatum,</strong></span> <span class='ocrx_word' id='word_1_133' title='bbox 810 1954 1110 2031; x_wconf 85' lang='lat' dir='ltr'><strong>calyptram</strong></span> <span class='ocrx_word' id='word_1_134' title='bbox 1140 1953 1297 2031; x_wconf 81' lang='lat' dir='ltr'><strong>apice</strong></span> <span class='ocrx_word' id='word_1_135' title='bbox 1326 1953 1701 2030; x_wconf 81' lang='lat' dir='ltr'><strong>irregulariter</strong></span> <span class='ocrx_word' id='word_1_136' title='bbox 1730 1973 2004 2030; x_wconf 87' lang='lat' dir='ltr'><strong>rumpens,</strong></span> 
     </span>
     <span class='ocr_line' id='line_1_23' title="bbox 183 2036 2006 2117; baseline -0.002 -21"><span class='ocrx_word' id='word_1_137' title='bbox 183 2039 428 2117; x_wconf 74' lang='lat' dir='ltr'><strong>ealyptra</strong></span> <span class='ocrx_word' id='word_1_138' title='bbox 457 2039 576 2096; x_wconf 88' lang='lat' dir='ltr'><strong>basi</strong></span> <span class='ocrx_word' id='word_1_139' title='bbox 605 2038 928 2117; x_wconf 83' lang='lat' dir='ltr'><strong>persistente</strong></span> <span class='ocrx_word' id='word_1_140' title='bbox 959 2037 1311 2115; x_wconf 87' lang='lat' dir='ltr'><strong>pedicellum,</strong></span> <span class='ocrx_word' id='word_1_141' title='bbox 1349 2038 1407 2095; x_wconf 86' lang='lat' dir='ltr'><strong>in</strong></span> <span class='ocrx_word' id='word_1_142' title='bbox 1437 2037 1713 2095; x_wconf 87' lang='lat' dir='ltr'><strong>nonnullis</strong></span> <span class='ocrx_word' id='word_1_143' title='bbox 1744 2036 2006 2094; x_wconf 86' lang='lat' dir='ltr'><strong>brevissi-</strong></span> 
     </span>
     <span class='ocr_line' id='line_1_24' title="bbox 180 2121 2009 2200; baseline -0.002 -19"><span class='ocrx_word' id='word_1_144' title='bbox 180 2144 351 2198; x_wconf 89' lang='lat' dir='ltr'><strong>mum,</strong></span> <span class='ocrx_word' id='word_1_145' title='bbox 409 2123 718 2200; x_wconf 79' lang='lat' dir='ltr'><strong>vaginante.</strong></span> <span class='ocrx_word' id='word_1_146' title='bbox 821 2122 1185 2200; x_wconf 72' lang='lat' dir='ltr'><strong>Sporangz&#39;a</strong></span> <span class='ocrx_word' id='word_1_147' title='bbox 1230 2121 1709 2200; x_wconf 83' lang='lat' dir='ltr'><strong>capsulaeformia,</strong></span> <span class='ocrx_word' id='word_1_148' title='bbox 1769 2121 1824 2179; x_wconf 89' lang='lat' dir='ltr'><strong>in</strong></span> <span class='ocrx_word' id='word_1_149' title='bbox 1868 2140 2009 2199; x_wconf 89' lang='lat' dir='ltr'><strong>pau-</strong></span> 
     </span>
     <span class='ocr_line' id='line_1_25' title="bbox 183 2207 2008 2284; baseline -0.002 -19"><span class='ocrx_word' id='word_1_150' title='bbox 183 2208 416 2266; x_wconf 90' lang='lat' dir='ltr'><strong>cissimis</strong></span> <span class='ocrx_word' id='word_1_151' title='bbox 461 2208 753 2265; x_wconf 87' lang='lat' dir='ltr'><strong>columella</strong></span> <span class='ocrx_word' id='word_1_152' title='bbox 798 2207 1027 2265; x_wconf 88' lang='lat' dir='ltr'><strong>centrali</strong></span> <span class='ocrx_word' id='word_1_153' title='bbox 1070 2226 1358 2284; x_wconf 86' lang='lat' dir='ltr'><strong>percursa,</strong></span> <span class='ocrx_word' id='word_1_154' title='bbox 1404 2207 1527 2284; x_wconf 90' lang='lat' dir='ltr'><strong>plus</strong></span> <span class='ocrx_word' id='word_1_155' title='bbox 1570 2207 1812 2263; x_wconf 84' lang='lat' dir='ltr'><strong>minusve</strong></span> <span class='ocrx_word' id='word_1_156' title='bbox 1856 2225 2008 2262; x_wconf 89' lang='lat' dir='ltr'><strong>com-</strong></span> 
     </span>
     <span class='ocr_line' id='line_1_26' title="bbox 180 2289 2007 2371; baseline -0.001 -23"><span class='ocrx_word' id='word_1_157' title='bbox 180 2293 328 2371; x_wconf 91' lang='lat' dir='ltr'><strong>plete</strong></span> <span class='ocrx_word' id='word_1_158' title='bbox 383 2291 883 2370; x_wconf 86' lang='lat' dir='ltr'><strong>bi-quadrivalvia,</strong></span> <span class='ocrx_word' id='word_1_159' title='bbox 943 2291 1215 2349; x_wconf 86' lang='lat' dir='ltr'><strong>interdum</strong></span> <span class='ocrx_word' id='word_1_160' title='bbox 1266 2290 1517 2348; x_wconf 88' lang='lat' dir='ltr'><strong>dentibus</strong></span> <span class='ocrx_word' id='word_1_161' title='bbox 1572 2289 1908 2349; x_wconf 86' lang='lat' dir='ltr'><strong>dehiscentia</strong></span> <span class='ocrx_word' id='word_1_162' title='bbox 1957 2310 2007 2347; x_wconf 87' lang='lat' dir='ltr'><strong>v.</strong></span> 
     </span>
     <span class='ocr_line' id='line_1_27' title="bbox 181 2375 2008 2454; baseline -0.001 -20"><span class='ocrx_word' id='word_1_163' title='bbox 181 2378 383 2434; x_wconf 88' lang='lat' dir='ltr'><strong>vertice</strong></span> <span class='ocrx_word' id='word_1_164' title='bbox 411 2376 786 2454; x_wconf 81' lang='lat' dir='ltr'><strong>irregulariter</strong></span> <span class='ocrx_word' id='word_1_165' title='bbox 813 2382 989 2454; x_wconf 89' lang='lat' dir='ltr'><strong>rupta.</strong></span> <span class='ocrx_word' id='word_1_166' title='bbox 1081 2375 1321 2454; x_wconf 76' lang='lat' dir='ltr'><strong>Sporae</strong></span> <span class='ocrx_word' id='word_1_167' title='bbox 1356 2375 1650 2454; x_wconf 80' lang='lat' dir='ltr'><strong>plurimae,</strong></span> <span class='ocrx_word' id='word_1_168' title='bbox 1695 2375 1931 2447; x_wconf 77' lang='lat' dir='ltr'><strong>liberae,</strong></span> <span class='ocrx_word' id='word_1_169' title='bbox 1978 2394 2008 2432; x_wconf 93' lang='lat' dir='ltr'><strong>e</strong></span> 
     </span>
     <span class='ocr_line' id='line_1_28' title="bbox 183 2458 2006 2539; baseline -0.002 -20"><span class='ocrx_word' id='word_1_170' title='bbox 183 2461 572 2539; x_wconf 83' lang='lat' dir='ltr'><strong>spermodermi</strong></span> <span class='ocrx_word' id='word_1_171' title='bbox 629 2460 864 2538; x_wconf 89' lang='lat' dir='ltr'><strong>simplici</strong></span> <span class='ocrx_word' id='word_1_172' title='bbox 915 2467 969 2517; x_wconf 90' lang='lat' dir='ltr'><strong>et</strong></span> <span class='ocrx_word' id='word_1_173' title='bbox 1018 2461 1215 2517; x_wconf 88' lang='lat' dir='ltr'><strong>nucleo</strong></span> <span class='ocrx_word' id='word_1_174' title='bbox 1266 2459 1601 2538; x_wconf 84' lang='lat' dir='ltr'><strong>homogeneo</strong></span> <span class='ocrx_word' id='word_1_175' title='bbox 1656 2458 2006 2537; x_wconf 89' lang='lat' dir='ltr'><strong>compositae,</strong></span> 
     </span>
     <span class='ocr_line' id='line_1_29' title="bbox 182 2543 2009 2623; baseline -0.003 -19"><span class='ocrx_word' id='word_1_176' title='bbox 182 2545 498 2623; x_wconf 86' lang='lat' dir='ltr'><strong>saepissime</strong></span> <span class='ocrx_word' id='word_1_177' title='bbox 531 2544 745 2603; x_wconf 90' lang='lat' dir='ltr'><strong>cellulis</strong></span> <span class='ocrx_word' id='word_1_178' title='bbox 777 2544 1043 2621; x_wconf 81' lang='lat' dir='ltr'><strong>elongatis</strong></span> <span class='ocrx_word' id='word_1_179' title='bbox 1053 2587 1072 2619; x_wconf 91' lang='lat'><strong>,</strong></span> <span class='ocrx_word' id='word_1_180' title='bbox 1117 2544 1264 2603; x_wconf 90' lang='lat' dir='ltr'><strong>intus</strong></span> <span class='ocrx_word' id='word_1_181' title='bbox 1296 2544 1572 2622; x_wconf 90' lang='lat' dir='ltr'><strong>spiraliter</strong></span> <span class='ocrx_word' id='word_1_182' title='bbox 1602 2543 1833 2619; x_wconf 85' lang='lat' dir='ltr'><strong>striatis,</strong></span> <span class='ocrx_word' id='word_1_183' title='bbox 1878 2562 2009 2621; x_wconf 91' lang='lat' dir='ltr'><strong>spo-</strong></span> 
     </span>
     <span class='ocr_line' id='line_1_30' title="bbox 181 2626 1754 2709; baseline -0.001 -22"><span class='ocrx_word' id='word_1_184' title='bbox 181 2630 360 2708; x_wconf 81' lang='lat' dir='ltr'><strong>rangii</strong></span> <span class='ocrx_word' id='word_1_185' title='bbox 389 2629 586 2709; x_wconf 87' lang='lat' dir='ltr'><strong>parieti</strong></span> <span class='ocrx_word' id='word_1_186' title='bbox 612 2630 825 2703; x_wconf 81' lang='lat' dir='ltr'><strong>interno</strong></span> <span class='ocrx_word' id='word_1_187' title='bbox 856 2628 1069 2687; x_wconf 79' lang='lat' dir='ltr'><strong>adflatis</strong></span> <span class='ocrx_word' id='word_1_188' title='bbox 1101 2626 1500 2703; x_wconf 72' lang='lat' dir='ltr'><strong>(elateribzcs)</strong></span> <span class='ocrx_word' id='word_1_189' title='bbox 1532 2629 1754 2687; x_wconf 82' lang='lat' dir='ltr'><strong>mixtae.</strong></span> 
     </span>
    </p>
   </div>
   <div class='ocr_carea' id='block_1_5' title="bbox 657 2777 1527 2827">
    <p class='ocr_par' dir='ltr' id='par_1_5' title="bbox 657 2777 1527 2827">
     <span class='ocr_line' id='line_1_31' title="bbox 657 2777 1527 2827; baseline -0.001 -1"><span class='ocrx_word' id='word_1_190' title='bbox 657 2779 827 2826; x_wconf 78' lang='lat' dir='ltr'><strong>ordo</strong></span> <span class='ocrx_word' id='word_1_191' title='bbox 855 2778 1056 2826; x_wconf 83' lang='lat' dir='ltr'>XVII.</span> <span class='ocrx_word' id='word_1_192' title='bbox 1114 2777 1527 2827; x_wconf 77' lang='lat' dir='ltr'><strong>Ricciaeeae.</strong></span> 
     </span>
    </p>
   </div>
   <div class='ocr_carea' id='block_1_6' title="bbox 179 2881 2019 3508">
    <p class='ocr_par' dir='ltr' id='par_1_6' title="bbox 179 2881 2019 3508">
     <span class='ocr_line' id='line_1_32' title="bbox 324 2881 2007 2945; baseline -0.003 -15"><span class='ocrx_word' id='word_1_193' title='bbox 324 2881 571 2931; x_wconf 78' lang='lat' dir='ltr'><strong>Herbulae</strong></span> <span class='ocrx_word' id='word_1_194' title='bbox 624 2890 877 2930; x_wconf 82' lang='lat' dir='ltr'><strong>terrestres</strong></span> <span class='ocrx_word' id='word_1_195' title='bbox 930 2881 1189 2939; x_wconf 86' lang='lat' dir='ltr'><strong>limicolae‚</strong></span> <span class='ocrx_word' id='word_1_196' title='bbox 1242 2897 1285 2928; x_wconf 88' lang='lat' dir='ltr'><strong>v.</strong></span> <span class='ocrx_word' id='word_1_197' title='bbox 1333 2882 1604 2945; x_wconf 81' lang='lat' dir='ltr'><strong>aquaticae,</strong></span> <span class='ocrx_word' id='word_1_198' title='bbox 1659 2887 1874 2926; x_wconf 84' lang='lat' dir='ltr'><strong>natantes</strong></span> <span class='ocrx_word' id='word_1_199' title='bbox 1929 2888 2007 2926; x_wconf 83' lang='lat' dir='ltr'><strong>aut</strong></span> 
     </span>
     <span class='ocr_line' id='line_1_33' title="bbox 186 2949 2007 3015; baseline -0.001 -17"><span class='ocrx_word' id='word_1_200' title='bbox 186 2952 443 3009; x_wconf 83' lang='lat' dir='ltr'><strong>fluitantes,</strong></span> <span class='ocrx_word' id='word_1_201' title='bbox 483 2961 533 2999; x_wconf 87' lang='lat' dir='ltr'><strong>ut</strong></span> <span class='ocrx_word' id='word_1_202' title='bbox 562 2952 806 3015; x_wconf 87' lang='lat' dir='ltr'><strong>plurimum</strong></span> <span class='ocrx_word' id='word_1_203' title='bbox 838 2967 1044 3009; x_wconf 82' lang='lat' dir='ltr'><strong>annuae,</strong></span> <span class='ocrx_word' id='word_1_204' title='bbox 1079 2949 1359 3009; x_wconf 86' lang='lat' dir='ltr'><strong>frondosae,</strong></span> <span class='ocrx_word' id='word_1_205' title='bbox 1390 2949 1561 2998; x_wconf 81' lang='lat' dir='ltr'><strong>fronde</strong></span> <span class='ocrx_word' id='word_1_206' title='bbox 1595 2950 1843 3008; x_wconf 85' lang='lat' dir='ltr'><strong>cellulosa,</strong></span> <span class='ocrx_word' id='word_1_207' title='bbox 1878 2967 2007 2997; x_wconf 85' lang='lat' dir='ltr'><strong>cras-</strong></span> 
     </span>
     <span class='ocr_line' id='line_1_34' title="bbox 185 3019 2005 3086; baseline -0.001 -18"><span class='ocrx_word' id='word_1_208' title='bbox 185 3023 410 3079; x_wconf 70' lang='lat' dir='ltr'><strong>siuseuhr,</strong></span> <span class='ocrx_word' id='word_1_209' title='bbox 450 3031 581 3069; x_wconf 87' lang='lat' dir='ltr'><strong>arcte</strong></span> <span class='ocrx_word' id='word_1_210' title='bbox 615 3030 835 3086; x_wconf 86' lang='lat' dir='ltr'><strong>repente,</strong></span> <span class='ocrx_word' id='word_1_211' title='bbox 869 3021 1028 3069; x_wconf 84' lang='lat' dir='ltr'><strong>subtus</strong></span> <span class='ocrx_word' id='word_1_212' title='bbox 1061 3021 1320 3069; x_wconf 89' lang='lat' dir='ltr'><strong>concolore</strong></span> <span class='ocrx_word' id='word_1_213' title='bbox 1352 3038 1394 3068; x_wconf 89' lang='lat' dir='ltr'><strong>v.</strong></span> <span class='ocrx_word' id='word_1_214' title='bbox 1426 3036 1683 3084; x_wconf 84' lang='lat' dir='ltr'><strong>purpurea,</strong></span> <span class='ocrx_word' id='word_1_215' title='bbox 1717 3019 2005 3083; x_wconf 81' lang='lat' dir='ltr'><strong>epiderniide</strong></span> 
     </span>
     <span class='ocr_line' id='line_1_35' title="bbox 186 3089 2007 3153; baseline -0.001 -15"><span class='ocrx_word' id='word_1_216' title='bbox 186 3091 433 3150; x_wconf 82' lang='lat' dir='ltr'><strong>distincta,</strong></span> <span class='ocrx_word' id='word_1_217' title='bbox 475 3101 621 3138; x_wconf 84' lang='lat' dir='ltr'><strong>strato</strong></span> <span class='ocrx_word' id='word_1_218' title='bbox 656 3093 904 3138; x_wconf 85' lang='lat' dir='ltr'><strong>eavitatum</strong></span> <span class='ocrx_word' id='word_1_219' title='bbox 943 3095 1187 3138; x_wconf 78' lang='lat' dir='ltr'><strong>ae&#39;rearnm</strong></span> <span class='ocrx_word' id='word_1_220' title='bbox 1228 3092 1273 3137; x_wconf 92' lang='lat' dir='ltr'><strong>in</strong></span> <span class='ocrx_word' id='word_1_221' title='bbox 1311 3091 1544 3137; x_wconf 89' lang='lat' dir='ltr'><strong>nonnullis</strong></span> <span class='ocrx_word' id='word_1_222' title='bbox 1583 3089 1859 3153; x_wconf 76' lang='lat' dir='ltr'><strong>epiderunidi</strong></span> <span class='ocrx_word' id='word_1_223' title='bbox 1899 3090 2007 3137; x_wconf 89' lang='lat' dir='ltr'><strong>sub-</strong></span> 
     </span>
     <span class='ocr_line' id='line_1_36' title="bbox 179 3161 2005 3227; baseline -0.002 -18"><span class='ocrx_word' id='word_1_224' title='bbox 179 3163 330 3224; x_wconf 88' lang='lat' dir='ltr'><strong>jecto.</strong></span> <span class='ocrx_word' id='word_1_225' title='bbox 402 3164 702 3210; x_wconf 72' lang='lat' dir='ltr'><strong>Antlaerz&#39;dz‘a</strong></span> <span class='ocrx_word' id='word_1_226' title='bbox 733 3161 892 3209; x_wconf 85' lang='lat' dir='ltr'><strong>frondi</strong></span> <span class='ocrx_word' id='word_1_227' title='bbox 923 3163 1162 3219; x_wconf 83' lang='lat' dir='ltr'><strong>immersa,</strong></span> <span class='ocrx_word' id='word_1_228' title='bbox 1204 3163 1375 3208; x_wconf 86' lang='lat' dir='ltr'><strong>ostiolo</strong></span> <span class='ocrx_word' id='word_1_229' title='bbox 1415 3177 1622 3227; x_wconf 81' lang='lat' dir='ltr'><strong>emersO,</strong></span> <span class='ocrx_word' id='word_1_230' title='bbox 1661 3161 2005 3223; x_wconf 84' lang='lat' dir='ltr'><strong>papillaeformi</strong></span> 
     </span>
     <span class='ocr_line' id='line_1_37' title="bbox 184 3229 2004 3294; baseline -0.001 -16"><span class='ocrx_word' id='word_1_231' title='bbox 184 3249 228 3278; x_wconf 88' lang='lat' dir='ltr'><strong>v.</strong></span> <span class='ocrx_word' id='word_1_232' title='bbox 256 3232 423 3279; x_wconf 87' lang='lat' dir='ltr'><strong>eonico</strong></span> <span class='ocrx_word' id='word_1_233' title='bbox 449 3233 679 3282; x_wconf 83' lang='lat' dir='ltr'><strong>subulato.</strong></span> <span class='ocrx_word' id='word_1_234' title='bbox 730 3234 996 3280; x_wconf 56' lang='lat' dir='ltr'><strong>Pektz&#39;lle&#39;dz&#39;a</strong></span> <span class='ocrx_word' id='word_1_235' title='bbox 1026 3233 1072 3279; x_wconf 91' lang='lat' dir='ltr'><strong>in</strong></span> <span class='ocrx_word' id='word_1_236' title='bbox 1105 3230 1268 3279; x_wconf 85' lang='lat' dir='ltr'><strong>eadem</strong></span> <span class='ocrx_word' id='word_1_237' title='bbox 1298 3249 1341 3279; x_wconf 84' lang='lat' dir='ltr'><strong>v.</strong></span> <span class='ocrx_word' id='word_1_238' title='bbox 1374 3233 1419 3278; x_wconf 87' lang='lat' dir='ltr'><strong>in</strong></span> <span class='ocrx_word' id='word_1_239' title='bbox 1453 3230 1637 3279; x_wconf 82' lang='lat' dir='ltr'><strong>diversa</strong></span> <span class='ocrx_word' id='word_1_240' title='bbox 1670 3232 1816 3294; x_wconf 82' lang='lat' dir='ltr'><strong>stirpe</strong></span> <span class='ocrx_word' id='word_1_241' title='bbox 1848 3229 2004 3278; x_wconf 88' lang='lat' dir='ltr'><strong>frondi</strong></span> 
     </span>
     <span class='ocr_line' id='line_1_38' title="bbox 187 3301 2004 3366; baseline -0.001 -19"><span class='ocrx_word' id='word_1_242' title='bbox 187 3303 402 3349; x_wconf 84' lang='lat' dir='ltr'><strong>immersa</strong></span> <span class='ocrx_word' id='word_1_243' title='bbox 440 3321 481 3349; x_wconf 89' lang='lat' dir='ltr'><strong>v.</strong></span> <span class='ocrx_word' id='word_1_244' title='bbox 523 3304 762 3366; x_wconf 75' lang='lat' dir='ltr'><strong>imposita,</strong></span> <span class='ocrx_word' id='word_1_245' title='bbox 817 3304 1003 3350; x_wconf 84' lang='lat' dir='ltr'><strong>sessilia</strong></span> <span class='ocrx_word' id='word_1_246' title='bbox 1040 3319 1084 3350; x_wconf 86' lang='lat' dir='ltr'><strong>v.</strong></span> <span class='ocrx_word' id='word_1_247' title='bbox 1122 3301 1427 3366; x_wconf 81' lang='lat' dir='ltr'><strong>pedicellat&#39;a,</strong></span> <span class='ocrx_word' id='word_1_248' title='bbox 1481 3301 1725 3351; x_wconf 83' lang='lat' dir='ltr'><strong>involucro</strong></span> <span class='ocrx_word' id='word_1_249' title='bbox 1774 3302 2004 3348; x_wconf 88' lang='lat' dir='ltr'><strong>communi</strong></span> 
     </span>
     <span class='ocr_line' id='line_1_39' title="bbox 188 3371 2005 3438; baseline -0.001 -21"><span class='ocrx_word' id='word_1_250' title='bbox 188 3372 312 3418; x_wconf 84' lang='lat' dir='ltr'><strong>nullo</strong></span> <span class='ocrx_word' id='word_1_251' title='bbox 352 3389 393 3417; x_wconf 78' lang='lat' dir='ltr'><strong>v.</strong></span> <span class='ocrx_word' id='word_1_252' title='bbox 428 3374 674 3436; x_wconf 82' lang='lat' dir='ltr'><strong>paleaceo,</strong></span> <span class='ocrx_word' id='word_1_253' title='bbox 715 3373 1011 3438; x_wconf 71' lang='lat' dir='ltr'><strong>polyphyllo,</strong></span> <span class='ocrx_word' id='word_1_254' title='bbox 1052 3373 1346 3420; x_wconf 87' lang='lat' dir='ltr'><strong>involucellis</strong></span> <span class='ocrx_word' id='word_1_255' title='bbox 1384 3371 1521 3419; x_wconf 85' lang='lat' dir='ltr'><strong>nullis</strong></span> <span class='ocrx_word' id='word_1_256' title='bbox 1563 3389 1607 3419; x_wconf 86' lang='lat' dir='ltr'><strong>v.</strong></span> <span class='ocrx_word' id='word_1_257' title='bbox 1652 3371 2005 3418; x_wconf 86' lang='lat' dir='ltr'><strong>utriculiformi-</strong></span> 
     </span>
     <span class='ocr_line' id='line_1_40' title="bbox 188 3441 2019 3508; baseline -0.001 -19"><span class='ocrx_word' id='word_1_258' title='bbox 188 3441 294 3500; x_wconf 84' lang='lat' dir='ltr'><strong>bus,</strong></span> <span class='ocrx_word' id='word_1_259' title='bbox 327 3443 461 3506; x_wconf 81' lang='lat' dir='ltr'><strong>apice</strong></span> <span class='ocrx_word' id='word_1_260' title='bbox 493 3445 764 3508; x_wconf 74' lang='lat' dir='ltr'><strong>perforatis.</strong></span> <span class='ocrx_word' id='word_1_261' title='bbox 817 3446 1051 3508; x_wconf 70' lang='lat' dir='ltr'><strong>Calypcra</strong></span> <span class='ocrx_word' id='word_1_262' title='bbox 1081 3444 1202 3508; x_wconf 68' lang='lat' dir='ltr'><strong>stylo</strong></span> <span class='ocrx_word' id='word_1_263' title='bbox 1237 3451 1551 3492; x_wconf 84' lang='lat' dir='ltr'><strong>evanescente</strong></span> <span class='ocrx_word' id='word_1_264' title='bbox 1585 3451 1826 3501; x_wconf 78' lang='lat' dir='ltr'><strong>coronata.</strong></span> <span class='ocrx_word' id='word_1_265' title='bbox 1881 3442 2019 3504; x_wconf 14' lang='lat' dir='ltr'><strong>Spa-&#39;1</strong></span> 
     </span>
    </p>
   </div>
  </div>
 </body>
</html>
