2147 3756
71 273 108 311 si
123 272 296 319 labello,
328 279 354 306 a
370 269 540 314 reliquis
557 270 757 316 per-igonit
783 270 937 307 foliolis
962 273 1170 314 tantopere
1193 270 1317 306 etiam
1340 271 1600 308 substantiae
1623 272 1758 309 indole
1781 277 1901 310 aber-

70 330 179 368 ranti
202 332 237 364 et
263 329 506 370 saepissime
528 328 643 364 vario
667 330 955 373 glandularum
979 331 1181 371 apparatu
1198 327 1483 370 pulcherrimis
1500 328 1673 371 picturis
1689 332 1845 366 calloso
1862 340 1901 367 v.

69 389 299 432 lameltato,
332 390 504 421 naturae
520 386 746 421 stamineae
765 390 799 421 et
819 386 1001 428 stylinae
1015 386 1171 428 aliquid
1196 384 1380 419 inesset?
1439 385 1562 420 Certe'
1582 385 1624 420 in
1649 386 1743 421 flore
1767 388 1902 422 orchi-

71 446 143 480 deo
160 443 201 479 in
220 443 289 478 axi
306 452 380 478 suo
399 445 492 484 ptus
508 443 644 477 minus
669 443 920 487 excepti-ico,
953 443 1134 479 stamina
1158 442 1237 477 tria
1260 450 1351 476 cum
1374 443 1481 484 stylo
1507 441 1716 477 dimidiato
1742 444 1904 479 confer-

69 500 286 543 ruminata,
307 507 562 542 nequaquam
580 500 709 535 tribus
730 500 928 543 perigonii
946 499 1098 535 foliolis
1116 498 1387 534 exterioribus
1404 500 1664 545 respondent,
1681 500 1750 534 sed
1769 503 1903 535 solum

69 558 203 593 fertile
234 556 373 591 sotioto
404 556 595 592 exteriori
626 557 762 592 antico
794 556 1125 600 (resupinatione
1157 555 1335 599 postico]
1368 559 1430 590 est
1459 556 1709 602 oppositum,
1742 557 1904 591 sterilia

68 612 362 657 (staminodia)
394 618 489 649 ante
519 613 661 650 foliola
683 614 878 649 interiora
900 614 1089 649 lateralia
1114 614 1197 648 sita
1219 616 1332 658 suut;
1363 613 1470 647 unde
1491 612 1752 654 Apostasieis
1779 613 1903 648 etiam

68 672 170 707 nihil
198 671 238 705 in
264 671 507 706 contrarium
536 672 800 713 probantibus
824 673 1080 713 conjecturae
1097 673 1213 705 locus
1232 674 1314 712 est,
1342 669 1520 704 stamina
1536 669 1695 711 postica
1712 667 1901 713 (resupi-

67 729 232 764 natione
257 727 420 771 antica]
445 737 585 770 nempe
611 727 805 769 peria-onii
831 727 984 762 foliolis
1008 727 1276 762 exterioribus
1303 726 1473 767 posticis
1496 728 1532 760 et
1558 725 1741 760 interlori
1767 727 1902 761 antico

69 783 268 828 (labello)
286 784 493 827 opposita,
528 793 617 818 cum
636 787 710 818 boc
730 783 888 829 fotiolo,
922 784 962 818 in
981 784 1223 826 quibusdam
1243 783 1431 818 fortassis
1448 784 1500 818 ad
1524 783 1733 818 minimam
1758 785 1902 818 molem

67 843 252 887 redacto,
287 841 327 875 in
345 843 539 876 labellum
560 840 859 886 transformari,
892 841 1049 883 stytina
1074 840 1241 876 materie
1266 850 1287 874 e
1311 842 1522 875 columnae
1546 839 1639 875 basi
1663 839 1782 875 etiam
1809 841 1904 882 plus

66 899 256 934 minusve
279 897 321 932 in
347 898 446 933 illud
475 901 731 943 transeunte,
764 898 1012 940 superiorem
1030 898 1173 933 labelli
1194 897 1360 940 faciem,
1394 901 1530 931 centro
1546 897 1656 932 floris
1674 899 1902 942 obversam,

65 955 180 991 visco
204 955 436 998 stigmatico
462 955 708 998 saepissime
732 955 1038 998 circumscripte
1061 954 1264 990 madidam
1289 957 1526 996 occupante.
1586 955 1792 989 Habemus
1823 953 1905 989 ita-

67 1021 143 1054 que
169 1012 210 1047 in
235 1011 445 1047 Orchideis
477 1012 731 1055 perigenium
762 1014 1057 1055 hexaphyltum
1088 1012 1348 1055 biseriatum,
1382 1014 1420 1045 et
1452 1011 1631 1045 stamina
1661 1020 1737 1046 sex
1766 1010 1905 1045 itidem

64 1069 261 1105 biseriata
279 1096 288 1112 ,
322 1079 410 1104 cum
427 1071 534 1111 stylo
552 1069 669 1104 bifido
688 1069 745 1104 ita
762 1070 932 1115 coalita,
961 1074 1000 1104 ut
1019 1069 1140 1104 seriei
1160 1068 1373 1103 exterioris
1391 1067 1556 1102 unicum
1574 1067 1752 1102 anticum
1770 1067 1904 1102 fertile

67 1135 159 1160 cum
184 1126 446 1161 interioribus
472 1127 629 1162 duobus
654 1127 843 1168 utrinque
869 1126 1073 1171 contiguis
1096 1126 1201 1169 styli
1219 1126 1329 1160 cruri
1356 1129 1612 1169 concrescat,
1646 1126 1775 1159 altero
1804 1123 1906 1166 styli

66 1192 178 1219 ramo
199 1183 397 1219 hebetiori
420 1193 511 1219 cum
539 1183 786 1219 staminibus
811 1185 969 1221 duobus
995 1183 1267 1219 exterioribus
1287 1186 1323 1217 et
1349 1181 1583 1216 interiorum
1610 1190 1711 1224 uno,
1743 1181 1905 1224 perigo-

65 1267 126 1303 nii
157 1267 298 1304 foliolo
321 1267 505 1304 interiori
527 1268 686 1313 postico
710 1270 984 1318 adnascente,
1022 1268 1050 1305 i.
1075 1279 1130 1304 e.:
1184 1264 1276 1311 PR,
1303 1244 1375 1335 ΞΛῙῘ
1404 1242 1452 1335 ἑξ
1505 1264 1590 1312 ΞΤ,
1629 1245 1696 1357 ἕξ
1727 1232 1790 1354 ag}

211 1361 641 1418 Geographia.
701 1370 830 1406 Juxta
845 1371 1059 1416 naturales
1077 1369 1208 1404 tribus
1226 1377 1296 1411 per
1309 1368 1547 1404 universum
1566 1369 1702 1403 orbem
1720 1367 1905 1411 diffusae,

65 1424 244 1462 maximo
260 1435 428 1461 numero
445 1426 487 1461 in
504 1436 636 1462 zonae
654 1427 834 1470 tropicae
851 1427 986 1471 sylvis
1004 1426 1180 1462 humidis
1198 1429 1426 1461 nascuntur
1438 1451 1447 1467 ,
1481 1424 1522 1459 in
1540 1425 1651 1459 Novo
1677 1423 1908 1459 continente

64 1482 267 1526 imprimis
291 1483 501 1529 copiosae,
535 1488 571 1519 et
606 1484 833 1520 innumeris
865 1484 1104 1529 speciebus,
1137 1482 1290 1518 formae
1321 1487 1357 1518 et
1391 1482 1541 1517 coloris
1572 1481 1677 1516 mira
1706 1480 1910 1516 varietate

64 1539 396 1586 luxuriantibuS,
422 1541 680 1582 potissimum
697 1541 740 1576 in
759 1544 946 1577 arborum
964 1541 1121 1576 truncis
1136 1543 1326 1583 vegetant
1339 1567 1348 1583 ,
1376 1539 1418 1573 in
1435 1538 1746 1580 hemisphaerae
1761 1540 1909 1573 borea-

62 1597 119 1634 lis
137 1597 369 1639 temperatis
389 1600 426 1633 et
443 1597 602 1641 frigidis
620 1599 789 1642 epigeae
807 1599 899 1634 v.in
917 1598 1127 1633 radicibus
1144 1597 1410 1641 parasiticae,
1428 1597 1555 1630 multo
1568 1595 1704 1630 minus
1717 1594 1910 1636 frequen-

65 1657 128 1690 tes
145 1663 292 1689 versus
309 1656 442 1696 polum
461 1659 495 1690 et
514 1655 556 1690 in
574 1656 739 1698 alpibus
758 1659 1032 1700 rarescentes,
1067 1654 1109 1690 in
1126 1654 1436 1696 hemisphaerae
1453 1651 1651 1687 australis
1669 1649 1906 1695 regionibus

64 1711 301 1753 temperatis
325 1711 656 1754 subtropicisque
680 1713 907 1754 quadruplo
926 1720 1045 1753 quam
1062 1711 1103 1745 in
1121 1711 1370 1745 stationibus
1387 1709 1447 1743 cis
1465 1716 1659 1743 cancrum
1674 1707 1909 1742 isothermis

65 1767 374 1809 frequentiores.
434 1765 715 1802 MmeHeae
745 1771 962 1811 pleraeque
983 1767 1126 1802 Indiae
1159 1766 1372 1802 orientalis
1404 1767 1551 1799 terram
1576 1764 1847 1799 continentem
1872 1765 1912 1798 et

64 1825 229 1862 insulas
251 1824 456 1873 incolunt,
488 1824 532 1860 in
559 1825 821 1870 arcliipelago
843 1828 1065 1868 malayano
1089 1823 1289 1867 imprimis
1307 1821 1518 1868 copiosae3
1549 1821 1766 1864 pauciores
1782 1821 1912 1856 Ame-

66 1881 194 1918 ricam
212 1881 430 1928 tropicam,
460 1882 632 1918 Africae
649 1883 850 1918 australis
874 1882 1040 1918 insulas
1064 1886 1104 1917 et
1124 1881 1242 1917 littus
1267 1880 1523 1916 occidentale
1549 1878 1770 1928 tropicum,
1803 1887 1909 1912 non-

66 1942 211 1977 nullae
233 1941 388 1975 Novam
412 1940 674 1975 Hollandiam
699 1943 734 1974 et
766 1941 988 1976 Oceaniam
1018 1939 1221 1981 incolunt,
1245 1937 1549 1983 paucissimae,
1583 1944 1737 1977 eaeque
1769 1943 1909 1970 omnes

67 1997 239 2041 epigeae
269 1997 517 2045 paludosae,
563 1997 607 2033 in
635 1997 924 2040 hemisphaera
952 1996 1129 2043 boreali,
1175 1994 1367 2031 America
1396 2002 1541 2035 nempe
1568 1991 1909 2034 septemtrionali,

66 2053 219 2089 Sibiria
245 2056 283 2089 et
306 2055 492 2101 Europa,
524 2063 654 2103 usque
679 2055 731 2090 ad
755 2049 829 2089 68⁰
843 2056 890 2090 L.
908 2055 953 2090 B.
975 2052 1140 2099 vivunt,
1173 2062 1194 2088 e
1219 2053 1385 2096 regione
1414 2050 1732 2095 mediterranea,
1763 2048 1912 2083 Africa

68 2110 238 2154 capensi
255 2114 292 2145 et
309 2111 507 2147 America
523 2112 699 2147 australi
717 2110 996 2158 ergtratropica
1012 2110 1173 2145 omnino
1191 2111 1351 2144 exules.
1411 2103 1717 2152 Epidendreae‘
1733 2105 1807 2141 vix
1829 2115 1912 2141 non

69 2177 208 2204 omnes
241 2168 338 2204 novi
362 2168 610 2204 continentis
634 2169 821 2213 regiones
845 2167 1132 2210 intertropicas
1156 2167 1363 2210 incolunt,
1396 2172 1555 2207 paucae.
1577 2162 1620 2197 in
1645 2163 1777 2198 Asiae
1801 2170 1910 2197 zona

68 2225 221 2261 torrida
252 2229 498 2273 nascuntur,
532 2225 813 2268 paucissimae
841 2224 1001 2261 Indiam
1029 2226 1235 2259 borealem
1265 2226 1304 2257 et
1333 2221 1499 2257 vicinas
1532 2219 1694 2262 imperii
1726 2219 1912 2254 sinensis

67 2285 216 2327 plagas
246 2282 497 2329 inhabitant,
529 2282 653 2318 unica
684 2283 726 2318 in
750 2283 918 2318 Florida
947 2286 985 2317 et
1011 2281 1206 2318 Carolina
1236 2277 1494 2315 meridionali
1518 2277 1643 2320 viget.
1709 2273 1911 2309 Vandeae

69 2339 162 2383 pari
193 2338 278 2375 fere
310 2340 428 2383 copia
449 2340 556 2375 inter
579 2340 754 2383 tropicos
775 2339 907 2376 Asiae
931 2342 969 2374 et
992 2338 1210 2376 AmerIcae
1234 2336 1510 2381 reperiuntur,
1542 2334 1584 2369 in
1608 2332 1755 2370 Africa
1778 2341 1909 2378 rarae,

70 2399 187 2432 extra
217 2397 390 2440 tropicos
419 2397 634 2433 rarissime
665 2397 825 2433 obviae.
902 2394 1084 2442 Calypso
1114 2395 1220 2430 inter
1251 2390 1325 2428 60⁰
1357 2396 1396 2428 et
1427 2387 1501 2426 68⁰
1529 2393 1576 2426 L.
1600 2391 1646 2426 Β.
1679 2389 1910 2432 amphigea.

73 2450 325 2499 Oplc723¹deae
341 2453 531 2501 epigeae,
568 2454 611 2489 in
629 2453 866 2499 regionibus
883 2454 1119 2497 temperatis
1143 2449 1474 2493 subtropicisque
1500 2447 1623 2483 totius
1650 2446 1760 2483 orbis
1786 2454 1914 2490 gene-

70 2513 232 2556 rantur,
264 2510 308 2546 in
330 2512 496 2554 Europa
519 2512 653 2546 media
676 2514 713 2546 et
736 2511 1036 2546 mediterranea
1059 2514 1097 2545 et
1120 2509 1162 2545 in
1186 2507 1335 2543 Africa
1359 2505 1528 2548 capensi
1551 2503 1806 2547 frequentius
1835 2510 1915 2538 na-

74 2570 259 2613 scentes,
293 2568 400 2603 inter
432 2568 607 2611 tropicos
639 2567 789 2611 ubique
819 2567 955 2604 rarius
987 2569 1242 2602 observatae.
1305 2560 1530 2597 Neotlz’eae
1563 2571 1653 2596 cum
1683 2559 1914 2603 Ophrydeis

71 2624 259 2660 habitant
289 2627 415 2659 multo
448 2625 508 2659 cis
539 2632 729 2660 cancrum
760 2624 957 2671 rariores,
989 2624 1030 2659 in
1055 2623 1204 2659 Africa
1227 2620 1487 2667 rarissimae,
1521 2618 1564 2654 in
1588 2617 1763 2653 summis
1782 2616 1915 2652 Asiae

71 2680 276 2718 montibus
300 2681 404 2716 etin
434 2682 551 2716 Nova
580 2681 803 2716 Hollandia
833 2680 1108 2723 extratropica
1138 2674 1466 2721 frequentissime
1497 2677 1744 2711 crescentes.
1804 2668 1914 2705 Are-

77 2734 253 2772 nauseae
272 2734 428 2782 ingenti
453 2738 571 2781 copia
595 2738 638 2773 in
663 2737 897 2781 temperatis
924 2740 1036 2772 trans
1063 2736 1367 2780 capricornum,
1399 2731 1599 2775 imprimis
1622 2730 1666 2766 in
1682 2732 1797 2765 Nova
1813 2730 1914 2763 Hol-

72 2794 215 2831 landia
231 2795 399 2841 obviae,
432 2794 475 2830 in
493 2795 730 2838 regionibus
756 2794 924 2837 tropicis
949 2793 1162 2840 utriusque
1186 2789 1433 2826 continentis
1458 2792 1497 2824 et
1518 2790 1593 2824 sub
1621 2788 1733 2822 coelo
1759 2789 1914 2828 tempe-

74 2852 160 2887 rato
183 2852 496 2895 hemisphaerae
520 2852 698 2888 borealis
718 2851 907 2887 rariores.
970 2846 1226 2896 cypr-specim
1243 2849 1284 2883 in
1304 2845 1537 2889 temperatis
1555 2847 1591 2879 et
1609 2841 1914 2887 frigidiusculis

73 2908 388 2952 hemisphaerae
424 2909 604 2945 borealis
643 2908 880 2953 amphige‘a,
926 2907 970 2943 in
1006 2906 1202 2943 America
1240 2906 1380 2948 paullo
1420 2901 1672 2945 frequentius
1711 2898 1913 2935 habitant.

75 2966 242 3008 Species
272 2975 412 3002 omnes
443 2965 633 3010 angustis
657 2965 882 3002 stationum
904 2964 1106 3001 limitibus
1128 2963 1338 3010 inclusae,
1371 2968 1525 3006 genera
1545 2965 1681 3002 pauca
1702 2958 1785 2993 late
1809 2955 1916 2991 inter

75 3022 253 3066 tropicos
272 3023 433 3060 diffusa.

220 3087 583 3140 &ualitates
615 3095 655 3129 et
682 3097 855 3133 usus.
914 3091 1140 3129 Orchideae
1155 3087 1425 3134 lepidissimis
1442 3086 1609 3123 floribus
1627 3085 1818 3131 decorae,
1849 3082 1916 3118 in-

76 3148 267 3195 gentibus
298 3151 580 3186 adonistarum
610 3150 722 3186 curis
751 3150 872 3186 hodie
902 3150 1105 3196 agitatae,
1138 3148 1181 3184 in
1211 3155 1366 3190 magna
1393 3142 1659 3187 mu-cilaginis
1684 3141 1803 3188 copia
1825 3142 1916 3182 ple-

76 3215 244 3248 rumque
260 3207 341 3242 olei
363 3207 541 3243 aetherei
563 3207 810 3250 particulam
833 3207 875 3242 in
891 3207 1106 3250 'plerisque
1128 3205 1337 3242 minimam
1362 3201 1585 3238 admixtam
1608 3199 1772 3234 habent.
1829 3197 1918 3231 Ra-

77 3263 190 3298 dices
214 3263 466 3299 teri'estrium
490 3264 760 3306 plurimarum
788 3266 934 3300 tubera
962 3263 1173 3306 proferunt
1203 3261 1426 3297 carnosula
1455 3256 1677 3294 maximam
1705 3255 1863 3297 partem
1893 3261 1917 3287 e

76 3319 297 3355 bassorina
319 3323 358 3355 et
381 3323 518 3362 amylo
544 3320 792 3368 composita,
825 3320 892 3356 cui
916 3319 1068 3364 exigua
1091 3317 1350 3356 substantiae
1373 3312 1661 3358 amaricantis,
1694 3312 1732 3345 et
1746 3308 1918 3345 minima

78 3375 159 3411 olei
176 3375 356 3412 aetherei
370 3377 522 3424 portio,
552 3377 597 3413 in
611 3377 738 3413 siccis
757 3376 841 3412 fere
864 3376 1064 3423 evanida,
1095 3375 1280 3412 admixta
1302 3383 1396 3410 esse
1419 3373 1545 3416 solet,
1576 3370 1624 3404 ob
1648 3367 1733 3404 vim
1754 3364 1917 3402 lenien-

21 3450 27 3456 ·
77 3433 178 3480 tem,
203 3435 486 3469 obvolventem
503 3436 539 3469 et
555 3433 814 3481 nutrientem,
840 3442 962 3478 quam
976 3432 1021 3468 in
1041 3430 1319 3477 organismum
1334 3432 1555 3466 humanum
1572 3426 1808 3470 exsercent,
1833 3421 1917 3457 fre-

80 3488 339 3531 quentissimi
361 3489 473 3534 apud
494 3489 676 3528 medicos·
695 3493 812 3527 usus.
869 3489 995 3528 Aliae
1017 3489 1229 3528 radicibus
1253 3485 1416 3525 morosis
1440 3493 1481 3521 v.
1505 3481 1730 3520 rhizomate
1753 3480 1919 3523 repen&

1485 3545 1566 3599 8*
