2147 3756
979 121 1087 168 135

258 284 688 341 Geographia.
749 293 851 328 Ordo
868 293 1186 337 extratropicus,
1219 292 1436 336 speciebus
1453 303 1523 336 ner
1538 295 1725 336 regiones
1745 300 1944 340 tempera-

118 354 180 386 tas
204 351 514 392 hemisphaerae
540 349 718 385 borealis
734 351 817 385 late
835 350 995 386 diffusis
1013 353 1218 385 constans.
1263 351 1429 386 Paucae
1444 351 1486 385 in
1501 352 1620 387 India
1639 354 1791 388 boreali
1807 357 1944 391 obser-

115 411 236 442 vatae
253 407 428 441 fuerunt.

258 470 621 522 Qualitates
654 477 692 511 et
719 481 888 515 usus.
947 478 1232 513 Ulmacearurn
1256 479 1396 512 cortex
1416 486 1533 512 muco
1558 478 1719 520 copioso
1745 487 1881 513 amaro
1907 484 1943 514 et

116 532 420 580 adstringente,
454 533 570 568 acido
603 532 766 568 tannico
798 533 900 569 foeto
923 538 1108 580 scatens,
1140 534 1244 569 inter
1266 535 1444 570 remedia
1466 534 1699 570 roborantia,
1721 535 1945 570 nutrientia

116 592 298 625 habetur.
359 592 515 624 Succus
540 593 696 624 aestate
721 601 740 625 e
768 591 922 625 truncis
941 590 1128 635 effluens,
1160 591 1339 626 maxima
1358 590 1424 626 sui
1443 594 1554 632 parte
1572 599 1591 624 e
1609 591 1842 627 substantia
1856 601 1946 627 mu-

115 655 232 690 cosa,
266 647 490 688 peculiaris
515 650 555 681 ut
578 646 740 681 videtur
767 647 933 688 indolis,
968 651 1002 681 et
1030 647 1069 681 in
1096 647 1362 688 plurimarum
1386 650 1571 682 arborum
1589 647 1711 683 latice
1728 650 1946 683 observata

116 702 351 747 (Ulmina),
386 706 556 737 constat.
613 705 658 737 In
678 703 851 737 officinis
870 706 1022 736 cartem
1047 701 1263 736 Ulmorum
1282 703 1464 737 interfor-
1480 705 1708 739 servandus
1725 706 1806 749 est,
1839 707 1946 739 hunc

115 764 315 794 nostrates
340 759 381 793 in
412 756 532 791 Ulmo
558 759 792 803 campestri
810 762 855 794 L.
884 759 1103 803 (Rustern,
1137 757 1293 794 πτελέα
1316 760 1453 796 Diosc.
1481 753 1629 802 ᾳτε).ιὰ
1652 760 1822 803 Neogr.)
1850 765 1882 796 et
1903 762 1942 795 in

122 813 241 849 (Ilum
274 812 415 860 eff'ttsa
437 815 604 858 Witld„
637 815 855 858 speciebus
888 816 927 849 in
959 818 1125 858 Europa
1156 819 1281 851 multo
1315 816 1531 852 formarum
1560 819 1657 852 lusu
1686 817 1942 862 vulgaribus,

114 881 210 907 vere
228 877 422 914 quaerunt
437 895 446 911 ,
473 872 896 907 Boreali-americani
917 881 1044 914 aeque
1062 875 1206 907 bonnm
1227 883 1277 907 ex
1299 870 1414 905 Ulme·
1428 872 1700 907 (Inlerl'ellnae
1716 875 1762 909 L.
1782 871 1947 916 [white

112 929 226 970 Elin,
258 929 464 972 u'eeping
487 926 602 970 Elm]
628 931 664 963 et
695 925 976 975 Islmv'fulzwe
994 930 1146 964 Micnx.
1174 927 1281 971 (neu
1299 931 1411 975 Elin,
1437 930 1758 974 SlipperyElm]
1775 930 1945 965 ramulis

115 985 326 1028 colligunt.
393 985 513 1019 Folia
543 988 579 1018 et
610 985 772 1020 radices
803 986 1007 1020 Ulmorum
1038 986 1133 1021 olim
1165 985 1355 1021 remediis
1384 987 1633 1022 vulnerariis
1665 988 1944 1021 adnumerata.

114 1042 259 1076 Gallae
289 1042 332 1076 in
368 1040 537 1076 ramulis
563 1040 797 1083 junioribus
823 1051 893 1083 per
915 1043 1120 1084 Europam
1144 1042 1428 1077 australiorem
1454 1043 1602 1078 insecti
1627 1045 1838 1086 cujusdam
1862 1043 1943 1078 ictu

114 1101 353 1143 nascentes,
385 1107 500 1132 muco
525 1098 742 1133 aromatico
760 1098 1039 1142 adstringente
1057 1098 1188 1133 foetae
1206 1103 1313 1135 sunt.
1373 1096 1588 1133 lewrae
1607 1095 1824 1133 Abeliceae
1840 1101 1887 1134 R.
1907 1103 1946 1134 et

111 1155 203 1189 Seli.
235 1154 276 1189 in
309 1155 570 1197 arcnipelago
600 1163 744 1197 graeco
776 1155 992 1199 indigenae
1020 1155 1178 1199 lignum
1208 1155 1496 1204 aromaticum⁷
1536 1157 1945 1205 „Pseudosantalum

113 1208 340 1246 ‹·reticum“
359 1210 615 1246 officinarum
631 1215 813 1246 veterum
831 1211 953 1247 sistit.

634 1374 806 1420 ordo
835 1373 994 1420 xcl.
1062 1373 1419 1429 Celtideae.

252 1477 476 1525 Frectz‘ces
505 1494 548 1525 v.
583 1477 810 1535 arbores,
844 1479 986 1524 ramis
1018 1478 1236 1536 alternis,
1271 1495 1415 1542 saepe
1447 1479 1637 1525 ramulis
1669 1477 1941 1525 axillaribus

113 1548 490 1611 spinescentibus
530 1558 755 1595 armatae.
830 1550 974 1596 Folia
1007 1550 1212 1608 alterna,
1260 1550 1509 1612 petiolata,
1557 1550 1866 1613 integerrima
1895 1566 1939 1596 v.

112 1628 316 1675 serrata,
364 1620 409 1664 in
442 1619 677 1683 plerisque
709 1620 958 1676 trinervia,
1006 1619 1515 1683 pubescenti-scabra,
1564 1622 1609 1667 in
1641 1619 1807 1683 paucis
1847 1621 1942 1683 gla-

109 1690 213 1737 bra.
292 1691 515 1752 Ste'pnlae
554 1690 608 1736 ad
652 1690 794 1737 basim
837 1691 1122 1753 petiolorum
1163 1692 1405 1754 geminae,
1458 1690 1690 1737 caducae.
1768 1691 1943 1739 Flores

110 1761 365 1824 perfecti„
399 1778 442 1807 v.
484 1761 673 1824 saepius
714 1761 936 1822 germinis
981 1760 1149 1808 abortu
1196 1762 1486 1824 imperfecti,
1549 1778 1671 1808 nunc
1719 1761 1937 1819 solitarii,

108 1831 438 1896 pedunculati,
473 1826 618 1879 ‘nunc
666 1832 1152 1897 cyrnoso—paniculati
1197 1849 1240 1880 v.
1288 1833 1539 1880 racemosi.
1625 1834 1938 1895 Perigonz'um

109 1903 395 1965 calycinum,
442 1903 792 1967 pentaphyllon]
841 1920 883 1949 v.
925 1903 1372 1966 quinquepartitum,
1421 1904 1732 1950 aestivatione
1779 1902 1938 1949 imbri-

110 1982 289 2032 catum,
337 1973 420 2020 sub
460 1975 642 2026 anthesi
683 1974 912 2036 patulum,
958 1976 1238 2037 persistens.
1319 1976 1540 2022 Stamina
1580 1979 1633 2032 5,
1680 1974 1773 2021 imo
1811 1976 1938 2038 peri-

109 2045 254 2107 gonio
292 2045 492 2103 inserta,
541 2044 753 2108 ejusdem
792 2045 970 2092 foliolis
1011 2046 1249 2110 opposita,
1280 2045 1559 2108 filamentz's
1598 2046 1936 2102 teretiusculis,

108 2118 159 2161 'ut
187 2115 432 2178 plurimum
472 2115 719 2174 brevibus,
765 2116 1078 2164 aestivatione
1118 2117 1346 2176 incurvis,
1394 2117 1478 2164 sub
1517 2116 1700 2163 anthesi
1740 2117 1935 2163 elastice

111 2187 312 2244 erectis,
363 2187 583 2240 antherzss
614 2187 975 2246 bilocularibUS‚
1024 2185 1167 2235 dorso
1201 2204 1304 2235 cum
1337 2188 1560 2235 filamenti
1591 2189 1727 2251 apice
1760 2188 1936 2234 articu-

110 2258 241 2315 latis,
287 2258 333 2304 in
373 2257 611 2305 alabastro
652 2259 925 2322 saepissime
967 2268 1231 2306 extrorsum
1263 2260 1438 2318 versis,
1486 2257 1668 2306 demum
1700 2259 1935 2316 introrsis‚

109 2327 275 2375 loculis
334 2329 451 2376 rima
511 2328 863 2392 longitudinali,
933 2328 1169 2377 interdum
1227 2329 1502 2377 abbreviata
1562 2328 1934 2377 dehiscentibus.

113 2401 314 2447 Germen
339 2399 552 2458 liberum,
587 2400 954 2463 monophyssum,
989 2409 1196 2459 ovatum,
1229 2401 1501 2465 saepissime
1526 2400 1933 2464 inaequilaterum‚

107 2470 425 2528 nniloculare,
463 2473 706 2534 gemmula
738 2473 899 2530 unica,
946 2472 1118 2535 parieti
1150 2488 1300 2535 prope
1332 2473 1511 2536 apicem
1544 2472 1709 2529 affixa,
1756 2471 1935 2534 amphi-

107 2550 267 2604 tropa‚
328 2542 589 2606 micropyle
637 2558 828 2605 supera.
907 2543 1153 2605 Stigmata
1192 2548 1246 2602 2,
1308 2544 1595 2599 terminalia,
1659 2543 1933 2605 saepissime

109 2612 608 2674 elongato-subulam,
655 2612 856 2659 indivisa
886 2630 928 2661 v.
959 2612 1124 2671 bifida,
1171 2615 1320 2661 rarius
1353 2614 1473 2660 lobis
1506 2613 1813 2670 abbreviatis,
1861 2613 1933 2658 in-

107 2683 281 2729 volutis
304 2683 349 2728 in
374 2683 558 2729 unicum
586 2685 890 2730 confluentia.
951 2686 1125 2746 Drupa
1155 2700 1299 2748 parce
1334 2701 1554 2742 carnosa,
1588 2699 1930 2747 monosperma,

107 2755 279 2823 Semen
330 2753 605 2817 pendulum,
668 2770 846 2801 sursum
900 2764 1164 2813 arcuatum,
1225 2756 1549 2818 integumento
1602 2755 1933 2801 tenui-mem-

107 2824 364 2872 branaceo.
437 2825 649 2887 Embryo
689 2827 811 2871 intra
849 2825 1065 2871 albumen
1104 2841 1379 2884 carnosum,
1424 2841 1614 2889 parcum
1661 2833 1741 2872 aut
1783 2825 1932 2872 inter-

110 2893 213 2942 dum
252 2895 354 2943 fere
392 2895 641 2943 evanidum
681 2897 1009 2959 homotropus‚
1056 2897 1330 2956 uncinatus3
1380 2896 1748 2960 cotyledonz'bus
1782 2896 1930 2959 planis

108 2983 149 3012 v.
183 2965 552 3031 conduplicatis‚
585 2969 842 3015 radiculae
874 2967 1228 3031 longiusculam,
1263 2983 1464 3032 superae
1496 2966 1887 3015 incumbentibus,

871 3099 1157 3134 GENERA.

195 3183 316 3217 1851.
346 3180 474 3218 Celtis
495 3179 700 3232 Tournef.
1255 3178 1439 3220 Genus
1471 3177 1711 3218 dubium.

193 3240 210 3274 1
222 3241 314 3275 852.
338 3239 499 3305 *Sponia
517 3237 740 3275 Commers.
1124 3269 1246 3304 1854.
1277 3269 1413 3304 Rosea
1427 3264 1550 3301 Lina.

432 3285 715 3346 S⁰lei¹⁰Stigma
729 3287 843 3322 Endl‘
1364 3315 1634 3350 Yerva-Mora
1651 3313 1806 3350 Luam.

118 3364 127 3367 ψ
193 3338 315 3373 1853.
346 3340 571 3375 MertenSJa
587 3336 645 3376 H.
661 3335 714 3376 B.
734 3336 789 3373 K.

245 3429 571 3477 Affinitas.
658 3437 866 3474 Celtideae
896 3437 1110 3485 germinis,
1149 3439 1395 3485 gemmulae,
1433 3436 1602 3473 seminis
1633 3440 1672 3472 et
1700 3438 1932 3489 embryonis

107 3493 313 3530 structura
334 3493 488 3531 Moreis
509 3494 739 3544 proximae,
771 3497 822 3532 ab
845 3495 990 3533 iisdem
1012 3504 1136 3532 succo
1158 3504 1308 3543 aqueo,
1341 3493 1646 3531 infloreseentia
1660 3497 1697 3530 et
1713 3495 1934 3540 pericarpii

1482 3558 1587 3610 11*
