2147 3756
906 201 931 206 .-
947 122 1059 174 189

821 200 872 207 2-21-
886 201 894 204 —
959 202 967 207 τ
976 201 1058 208 r—-r
1071 201 1151 208 μ.-..--
1153 198 1168 208 n

90 298 236 335 deinde
252 303 388 336 erecta
405 295 639 340 singulares
651 324 660 338 ,
695 295 735 332 in
755 295 949 332 America
965 294 1026 332 cis
1043 304 1235 332 cancrum
1252 292 1410 332 vivunt.
1469 293 1574 332 Rhei
1596 294 1757 340 species
1772 293 1919 334 Asiam

88 354 347 397 cistropicam
369 353 622 399 inhabitant,
654 353 921 399 monticolae,
957 350 1182 398 Callv'gona
1205 361 1296 388 cum
1319 349 1581 398 Tragopyris
1598 355 1633 387 et
1651 349 1918 400 Atraphm·i,

88 410 296 447 fruticosis
319 410 558 455 generibus,
590 409 633 445 in
655 410 785 445 Asiae
807 409 965 446 mediae
987 408 1241 452 planitiebus
1259 412 1498 444 nascuntur.
1563 405 1799 455 Trvplarrs,
1832 407 1918 442 Po-

89 464 290 511 dopterus
330 470 369 501 et
410 463 687 510 Coccolobae,
732 475 907 510 magnae
944 468 1132 512 arbores,
1178 465 1221 501 in
1258 464 1450 501 America
1488 464 1649 500 fervida
1685 465 1920 508 gignuntur.

92 520 329 568 Koem‘gt'a,
361 524 579 558 herbarum
608 521 796 568 minima,
830 527 1052 558 extremuni
1077 520 1403 565 septemtrionem
1427 523 1547 557 tenet.
1607 518 1920 566 Polygonorum

91 582 131 615 et
148 577 366 613 Rumicum
397 578 737 614 numerosissima
767 588 889 625 gens,
934 582 1076 614 horum
1106 580 1225 614 sedes
1256 588 1328 621 per
1358 579 1493 613 orbem
1530 580 1728 613 terrarum
1765 580 1919 625 patent,

88 636 211 673 sta-tio
228 643 254 672 a
269 635 397 672 maris
412 635 546 671 littore
562 636 614 671 ad
629 634 739 671 nivis
757 635 922 678 alpinae
939 635 1131 670 terminos
1150 634 1415 678 protenditur.

229 699 594 752 &ualitates
623 708 663 742 et
690 711 858 744 usus.
917 704 1172 740 Affinitatem
1194 706 1425 740 naturalem
1456 702 1654 747 qualitate
1685 703 1922 739 confirmant

89 763 416 806 Polygonearum
447 772 617 806 genera,
662 761 903 804 multiplicis
934 770 1052 796 usus.
1125 763 1227 796 Nam
1258 765 1395 803 partes
1425 763 1650 797 herbaceae
1687 760 1920 806 plurimum,

89 819 334 856 substantiis
358 819 513 865 acidis,
545 818 663 854 acido
687 817 886 860 imprimis
912 817 1096 863 oxalico,
1129 816 1272 852 citrico
1296 821 1332 852 et
1362 817 1511 853 malico
1541 817 1693 862 foetae,
1725 816 1831 852 inter
1862 814 1924 851 ci-

90 876 209 913 baria
225 879 261 910 et
279 875 506 911 medicinas
524 875 730 910 admissae
747 878 839 910 sunt
855 901 864 921 ,
897 875 992 909 dum
1008 876 1298 909 nonnullarum
1315 873 1474 909 semina
1490 876 1707 916 amylacea
1730 870 1923 909 frumenti

90 932 254 975 inopiae
276 932 508 978 provident,
542 935 579 967 et
603 931 646 966 in
671 930 881 966 radicibus
904 932 1188 973 plerarumque
1212 929 1470 966 substantiae
1493 930 1816 977 adstringentes,
1849 930 1924 965 ad-

87 988 230 1025 mixtis
246 988 288 1022 in
304 989 548 1030 quibusdam
566 987 940 1023 amaro-resinosis
957 987 1071 1022 vario
1090 990 1404 1029 temperamento
1428 986 1666 1031 principiis,
1702 989 1782 1022 tam
1806 995 1922 1030 egre-

88 1045 183 1089 giae
221 1044 477 1081 continentur
507 1044 693 1090 virtutis,
732 1047 776 1079 ut
807 1043 1009 1087 plurimus
1046 1044 1220 1079 istarum
1250 1045 1301 1078 ab
1339 1042 1644 1085 antiquissimis
1675 1042 1923 1085 temporibus

91 1100 199 1137 inter
228 1101 515 1137 efficacissima
545 1103 773 1137 morborum
803 1100 982 1137 remedia
1012 1108 1134 1147 usus,
1182 1100 1437 1143 quarundam
1473 1103 1671 1144 perpetua
1705 1098 1924 1136 hodiedum

89 1158 200 1202 apud
217 1159 394 1194 medicos
410 1160 504 1194 laus
520 1160 696 1194 maneat.

227 1229 288 1264 De
305 1225 422 1262 Rhea
447 1237 545 1271 prae
560 1227 731 1270 reliquis
752 1227 908 1275 dicere,
940 1226 1193 1276 medicinae,
1225 1229 1551 1277 quampraebet‚
1585 1227 1764 1271 dignitas
1779 1229 1923 1269 postu-

87 1287 161 1322 lat.
221 1285 413 1329 Generis,
442 1285 605 1320 Rumici
626 1290 764 1321 nostro
789 1289 900 1320 arcte
923 1284 1162 1329 propinqui,
1195 1285 1267 1321 sed
1291 1284 1414 1320 etiam
1446 1283 1599 1320 formae
1629 1285 1774 1320 decore
1803 1283 1923 1318 nobi-

92 1341 228 1388 lioris,
269 1351 512 1377 numerosae
542 1341 701 1384 species
731 1342 775 1377 in
804 1341 937 1377 vastis
968 1341 1146 1377 Sibiriae
1177 1340 1438 1377 australioris
1470 1340 1664 1386 desertis,
1704 1340 1746 1375 in
1776 1339 1924 1376 leniter

92 1399 406 1442 assurgentibus
428 1398 621 1434 'ratariae
637 1397 772 1443 jugis,
803 1397 848 1433 in
870 1398 1025 1441 alpinis
1048 1398 1181 1433 Asiae
1205 1397 1485 1440 penetralibus
1509 1400 1548 1433 et
1571 1396 1614 1432 in
1639 1396 1760 1433 elatis
1783 1396 1923 1439 plani-—

92 1455 246 1502 tiebus,
279 1464 383 1497 quae
399 1455 442 1491 in
464 1455 621 1492 boreali
641 1454 838 1491 montium
851 1455 994 1490 Indiae
1018 1456 1240 1500 descensu,
1273 1463 1348 1490 ceu
1371 1454 1534 1490 totidem
1556 1455 1708 1498 gradus
1731 1456 1922 1496 protenso

90 1511 198 1548 clivo
223 1513 466 1558 succedunt,
497 1515 746 1558 nascuntur,
778 1520 884 1554 quae
904 1511 1071 1547 floribus
1097 1515 1258 1554 totaque
1285 1510 1392 1546 facie
1417 1511 1523 1546 inter
1544 1521 1590 1547 se
1608 1504 1865 1557 simillimae,
1897 1521 1922 1546 e

89 1563 284 1605 foliorum
297 1571 334 1604 et
350 1568 591 1612 petiolorum
606 1568 738 1605 forma
752 1570 862 1604 haud
879 1577 1000 1612 aegre
1017 1568 1344 1616 distinguuntur,
1376 1567 1499 1603 etiam
1516 1567 1670 1603 radicis
1690 1567 1922 1603 medicatae

89 1624 239 1662 virtute
270 1625 470 1662 diversae.
535 1627 639 1661 Nam
667 1625 712 1661 in
741 1625 839 1661 aliis
868 1625 1127 1661 substantiae
1155 1624 1318 1671 variae,
1365 1633 1469 1667 quas
1499 1623 1605 1659 inter
1632 1623 1822 1660 materies
1853 1621 1923 1660 sui

90 1682 276 1729 generis,
322 1682 528 1729 resinosa,
575 1690 738 1728 amara,
783 1681 1115 1717 flavo-colorans
1147 1678 1566 1726 (Rhabarbarina),
1612 1690 1704 1716 cum
1733 1679 1920 1728 tannina,

90 1740 207 1775 calce
223 1738 411 1785 oxalica,
443 1741 640 1775 saccharo
658 1741 696 1774 et
712 1740 849 1781 amylo
867 1738 926 1774 ita
942 1746 967 1773 a
985 1741 1135 1773 natura
1156 1737 1310 1774 mixtae
1333 1740 1451 1783 sunt,
1483 1741 1527 1772 ut
1551 1737 1676 1772 vitam
1701 1736 1922 1780 plasticam

90 1798 131 1832 et
154 1803 308 1840 organa
330 1794 426 1831 huic
449 1794 745 1838 prospicientia
766 1794 969 1837 peculiari
991 1794 1157 1830 stimulo
1181 1793 1386 1842 afficiant,
1418 1793 1564 1830 diffuso
1586 1803 1659 1836 per
1683 1793 1922 1829 universum

91 1855 276 1896 systema
290 1860 482 1888 vasorum
498 1851 595 1887 nisu
609 1855 761 1887 motum
775 1851 944 1887 vitalem
961 1850 1199 1899 intendant,
1231 1853 1407 1888 calorem
1431 1850 1652 1886 animalem
1674 1851 1921 1897 adaugeant,

90 1909 318 1945 uberiorem
331 1908 617 1945 intestinorum
640 1908 907 1944 secretionem
930 1908 1131 1955 excitent,
1164 1911 1203 1944 et
1226 1911 1351 1945 aucta
1374 1916 1446 1951 pro
1470 1907 1619 1943 medici
1641 1907 1808 1943 arbitrio
1833 1905 1922 1943 dosi

90 1965 178 2002 alvi
193 1965 348 2002 fluxum
370 1965 495 2002 simul
518 1965 756 2013 expediant;
788 1966 882 2001 dum
903 1964 946 2001 in
969 1964 1068 2001 aliis
1091 1965 1350 2002 substantiae
1373 1964 1675 2009 adstringentes
1697 1963 1741 2000 in
1765 1967 1923 2000 tantum

90 2025 352 2070 praevalent,
383 2025 428 2058 ut
452 2023 505 2057 ad
527 2031 637 2062 mere
658 2022 893 2059 roborantia
914 2023 1088 2059 debeant
1113 2021 1270 2058 referri.
1328 2023 1495 2065 Duplex
1519 2021 1614 2057 inde
1637 2020 1743 2057 Rhei
1773 2020 1923 2057 distin-

90 2078 229 2124 guitur
251 2079 392 2126 radiX,
424 2076 818 2125 Rha-barbarum,
847 2079 953 2115 inter
975 2079 1156 2114 remedia
1176 2079 1399 2124 purgantia
1412 2077 1701 2115 calefacientia
1715 2077 1924 2114 maximae

90 2135 228 2174 laudis
239 2163 249 2183 ,
281 2139 321 2172 et
337 2132 710 2184 Rha-ponticum,
742 2135 912 2173 rarioris
928 2136 1035 2172 inter
1049 2136 1286 2172 roborantia
1302 2135 1602 2180 adstringentia
1618 2145 1736 2172 usus.

231 2190 604 2229 Rha-barbarum
625 2194 784 2230 incerta
804 2196 933 2229 matre
956 2190 1164 2240 nascitur,
1194 2192 1403 2229 veteribus
1428 2195 1468 2227 ut
1491 2192 1654 2228 videtur
1675 2191 1921 2240 ignoratum,

94 2249 260 2287 florente
270 2251 455 2286 Arabum
464 2251 701 2287 commercio
712 2253 879 2287 saeculo
896 2249 1050 2286 decimo
1065 2248 1348 2287 verisimiliter
1362 2248 1537 2294 primum
1553 2251 1600 2286 ob
1616 2249 1808 2285 virtutem
1824 2258 1924 2292 pur-

91 2309 256 2351 gantem
273 2316 298 2343 a
315 2307 426 2344 Sinis
451 2308 654 2355 adlatum,
684 2308 900 2344 hodiedum
923 2310 973 2344 ab
990 2306 1233 2344 Hanitarum
1256 2310 1376 2353 gente
1399 2307 1587 2354 petitum,
1620 2303 1796 2341 Radv’cis
1814 2302 1927 2340 Rhea·

90 2359 302 2399 altinensis
341 2364 502 2400 nomine
531 2364 575 2400 in
605 2364 853 2400 medicorum
882 2364 1057 2401 officinis
1086 2368 1254 2408 prostat.
1326 2363 1546 2407 Triplicem
1574 2363 1680 2399 Rhei
1711 2361 1924 2398 chinensis

89 2429 262 2456 mercem
290 2423 633 2465 pharmacopolae
665 2421 918 2465 distinguere
947 2423 1101 2468 solent,
1135 2421 1300 2458 diversa
1321 2421 1392 2457 via
1418 2422 1600 2456 adlatam
1623 2422 1662 2456 et
1685 2418 1924 2463 dignatione

94 2477 265 2513 variam.
324 2477 593 2514 Nobilissima
627 2474 956 2525 (Tae-laoang),
986 2480 1076 2521 post
1105 2477 1292 2514 sancitas
1321 2487 1430 2514 anno
1464 2478 1569 2513 1762
1601 2477 1708 2513 inter
1738 2476 1862 2512 Sinas
1885 2477 1925 2512 et

91 2534 254 2570 Russos
271 2533 446 2570 foederis
462 2537 575 2579 leges
587 2562 597 2582 ,
629 2544 776 2579 magno
793 2534 1013 2578 quotannis
1030 2535 1286 2570 camelorum
1302 2534 1464 2579 agmine
1481 2530 1740 2580 Kiaclaelam,
1765 2535 1924 2569 celebre

91 2590 314 2634 emporium
338 2591 528 2627 coelestis
544 2591 704 2634 imperii
719 2591 867 2628 finibus
883 2591 1194 2638 conterminum,
1227 2591 1461 2640 advehitur,
1493 2590 1563 2627 ubi
1579 2591 1789 2627 laudanda
1804 2588 1924 2625 solli-

91 2646 273 2683 citudine
289 2656 315 2683 a
329 2646 569 2694 praefectis,
596 2647 664 2691 qui
681 2648 920 2684 commercio
937 2651 1155 2695 praesunt,
1181 2648 1438 2696 examinata,
1464 2647 1687 2684 combustis
1703 2646 1922 2683 vilioribus

93 2702 239 2744 frustis
257 2706 413 2740 electae
431 2703 593 2740 radices
611 2704 856 2748 Petropolim
873 2707 912 2740 et
928 2704 1182 2740 Moscoviam
1200 2704 1455 2751 deferuntur,
1488 2707 1574 2748 post
1592 2703 1780 2739 iteratam
1798 2705 1923 2746 phar-

92 2763 335 2797 macarchae
350 2760 666 2808 inspectionem,
700 2758 1196 2796 Rhez'moscovitieiveri
1214 2761 1377 2797 nomine
1398 2771 1472 2804 per
1495 2760 1717 2797 universae
1732 2760 1924 2802 Europae

92 2815 281 2855 officinas
298 2817 591 2854 dix-endendae.
651 2817 776 2854 Sinae
800 2817 954 2854 radicis
978 2816 1154 2860 patriam
1176 2825 1282 2861 vage
1304 2816 1509 2864 indicant,
1540 2818 1709 2860 plantae
1731 2817 1922 2852 surculos

92 2875 160 2910 vel
184 2874 363 2922 semina,
394 2877 520 2911 multo
545 2883 645 2911 auro
662 2874 808 2922 petita,
839 2874 1103 2918 pertinaciter
1117 2876 1281 2918 negant.
1338 2873 1560 2918 Regionem
1577 2872 1782 2920 alpinam,
1815 2871 1922 2908 inter

93 2926 280 2977 Sz‘-m'ng
302 2934 341 2967 et.
362 2933 498 2967 lacum
520 2928 844 2978 Khakh-nor,
875 2930 1074 2968 vastitate
1096 2929 1245 2979 diram,
1277 2932 1316 2965 et
1340 2929 1645 2966 imminentibus
1668 2927 1826 2965 nivosis
1850 2935 1922 2964 ca-

93 2987 326 3024 cuminibus
355 2988 562 3024 horridam
588 2989 746 3024 Rheum
769 2989 901 3036 alere,
931 2987 1191 3030 radicemque
1215 2995 1241 3024 a
1264 2986 1497 3024 monticolis
1521 2983 1685 3035 δῖ’-[απ
1709 2987 1922 3022 collectam

94 3044 387 3081 mercatoribus
419 3045 562 3092 vendi,
600 3044 784 3088 plerique
814 3044 1096 3091 consentiunt,
1127 3044 1298 3080 eandem
1322 3044 1367 3080 in
1388 3042 1539 3080 vicinis
1561 3041 1799 3086 provinciae
1823 3038 1923 3076 Sse-

96 3096 283 3135 tehouan
300 3104 336 3136 et
357 3098 575 3136 Oenea-si
586 3101 813 3150 montibus,
836 3110 912 3138 nec
926 3110 1007 3136 non
1023 3100 1067 3136 in
1084 3100 1420 3146 declivitatejugi
1437 3096 1705 3145 Siue-chan,
1731 3098 1925 3135 occiden-

94 3159 174 3192 tem
209 3166 358 3193 versus
395 3159 449 3194 ad
477 3155 815 3205 Leang-tcheon
853 3160 894 3194 et
923 3154 1202 3192 Soa-telmon
1231 3157 1435 3204 protensi,
1474 3155 1681 3203 generari,
1718 3157 1921 3193 asserunt.

92 3212 248 3250 Variae
263 3212 367 3250 Rhei
382 3213 561 3262 species,
588 3214 737 3258 partim
753 3214 796 3250 in
811 3214 1015 3250 montibus
1031 3213 1193 3257 imperii
1207 3214 1378 3261 rossici,
1403 3213 1594 3250 Sinarum
1609 3211 1808 3248 territorio
1825 3221 1922 3248 con·

95 3269 302 3317 terminis,
326 3274 532 3318 repertae,
555 3271 705 3315 partim
726 3280 748 3306 e
772 3271 1002 3308 seminibus
1024 3280 1050 3307 a
1065 3269 1179 3307 Sinis
1202 3270 1490 3314 impostoribus
1514 3268 1690 3306 venditis
1708 3271 1870 3316 enatae,
1895 3275 1924 3306 a

94 3326 226 3362 variis
249 3327 486 3363 auctoribus
508 3327 713 3371 pretiosae
735 3327 888 3364 radicis
902 3331 1054 3364 matres
1070 3327 1351 3375 venditantur,
1382 3335 1478 3363 nam
1493 3325 1589 3362 aliis
1607 3322 1769 3360 Rheum
1784 3321 1922 3360 undu·

94 3379 232 3417 latum
247 3382 368 3420 Linn.
385 3381 565 3426 [Rheum
579 3385 890 3420 Rhabarbarum
905 3382 1050 3428 Linn.)
1068 3384 1165 3420 aliis
1184 3380 1344 3418 Rheum
1361 3385 1622 3429 compactum
1631 3380 1752 3418 Linn.
1766 3383 1923 3419 Rheum

94 3437 291 3475 chinense
318 3448 462 3475 verum
494 3442 576 3488 est,
608 3439 774 3484 plurimi
795 3440 848 3483 in,
863 3437 1026 3475 Rheum
1043 3437 1283 3486 palmatum
1303 3440 1425 3478 Linn.
1449 3437 1698 3483 conspirant..
1756 3437 1924 3483 Species

94 3493 200 3534 istas
235 3495 280 3533 in
317 3495 446 3534 hortis
483 3496 686 3535 botanicis
717 3500 756 3534 et
784 3499 1196 3543 pharmacopolarum
1227 3495 1340 3543 agris
1371 3498 1528 3545 cultas,
1573 3494 1751 3534 radicem
1782 3491 1926 3540 (Rhei
