2147 3756
1096 118 1209 168 14ss

693 313 864 360 ordo
893 312 1161 357 LXXIX.
1231 311 1614 358 Gnetaceae·

389 416 611 463 Arbores
641 417 739 462 sive
774 415 1061 461 arbusculae
1093 414 1435 460 ramosissimac
1468 410 1744 474 v.fi·ut2‘ccs
1769 415 2060 467 sarmentosi‚

248 488 388 533 ramis
421 488 646 549 oppositis
679 503 720 531 v.
747 485 1055 541 l’asciculatis,
1090 482 1594 529 nodoso-articulatis.
1657 485 1797 530 Folia
1830 484 2063 547 opposita,

248 574 369 604 nunc
402 559 585 603 minima
620 555 1032 619 squamaesormia,
1082 570 1200 599 nunc
1234 555 1327 600 late
1361 562 1519 610 ovata,
1567 555 1894 616 penninervia,
1944 556 2061 599 inte—

247 629 469 690 gerrima.
545 628 715 673 Flores
745 627 789 670 in
822 626 1017 670 amentis
1050 623 1366 687 cylimlraceis
1398 641 1438 670 v.
1474 624 1918 687 capituliformibus,
1958 623 2066 670 bra-

250 700 366 745 cteis
416 698 696 744 decussatim
744 696 995 758 oppositis,
1057 695 1155 741 basi
1201 713 1243 742 v.
1292 696 1479 741 omniuo
1528 695 1756 754 connatis.
1838 694 2065 742 Floribus

208 825 209 828 Ἰ
245 767 591 830 stamz‘mseres:
656 767 966 828 Perlgonizcm
1027 765 1452 823 membranaceum,
1513 765 1803 822 tubulosum,
1868 765 2061 828 primum

248 838 449 902 undique
498 838 726 894 clausum,
783 835 890 882 dein
938 837 1118 883 vertice
1166 837 1467 883 transversim
1514 835 1714 882 bivalve.
1796 836 1990 882 Stanwn
2037 850 2062 881 c

250 918 412 956 centro
446 909 574 954 ssoris
607 917 843 963 ereetum,
893 907 1177 964 solitarium,
1224 924 1265 953 v.
1299 909 1492 954 stamina
1527 907 1680 969 plura,
1727 907 1772 952 in
1806 906 2062 952 columnam

246 980 502 1042 simplicem
543 995 585 1024 v.
626 978 762 1041 apice
801 993 1029 1024 ramosam
1069 977 1259 1025 coalita.
1343 978 1600 1024 Anileerae
1647 975 2064 1039 uni-quadrilocu-

246 1051 391 1106 lares,
440 1049 605 1095 loculis
644 1048 880 1110 contiguis
911 1064 954 1094 v.
989 1047 1238 1109 sejunctis,
1287 1045 1489 1105 adflatis,
1538 1048 1671 1110 apice
1712 1047 1874 1093 rimula
1913 1047 2063 1103 brevi,

248 1119 451 1182 oblonga
490 1120 684 1183 apertis.
757 1120 928 1165 Flores
958 1119 1256 1180 pz'stz'llzgerz'
1289 1120 1474 1164 omnino
1513 1117 1623 1163 nudi
1662 1134 1704 1162 v.
1738 1117 1911 1180 gemini
1940 1117 2063 1162 intra

243 1191 533 1237 involucrum
568 1189 845 1253 diphyllum,
880 1189 1055 1234 foliolis
1088 1190 1313 1251 oppositis
1347 1189 1573 1235 contenti.
1647 1189 1847 1235 Germen
1879 1187 2064 1244 sessile,

244 1263 378 1325 apice
410 1261 640 1323 pervium,
674 1260 980 1306 uniloculare.
1025 1261 1266 1307 Gemmula
1296 1260 1460 1316 unica,
1494 1275 1519 1305 e
1551 1258 1650 1305 basi
1683 1267 1866 1315 erecta,
1901 1258 2064 1304 ortho-

244 1341 403 1395 tropa,
452 1331 534 1377 sub
575 1330 758 1377 anthesi
789 1331 969 1393 apicem
1002 1330 1047 1376 in
1082 1330 1189 1393 styli
1223 1331 1419 1376 formam
1451 1337 1738 1376 attenuatum
1771 1337 1819 1375 et
1849 1328 2064 1392 perfora-

247 1411 339 1448 tum
373 1417 398 1448 e
431 1401 656 1464 germinis
688 1417 770 1447 ore
805 1416 1045 1446 exserens⁸
1119 1402 1324 1448 Fructus
1356 1400 1692 1461 subdrupacei,
1739 1415 1859 1446 nunc
1892 1399 2065 1460 gemini

244 1473 490 1519 involucro
534 1472 734 1518 baccato
782 1471 972 1527 inclusi,
1021 1486 1142 1516 nuuc
1188 1471 1410 1528 solitarii,
1459 1469 1596 1526 nudi,
1645 1470 1839 1531 primum
1883 1470 2066 1516 vertice

245 1544 393 1606 aperti
430 1552 476 1589 et
509 1542 768 1604 gemmulae
802 1541 1141 1603 grossitie-antis
1173 1542 1309 1604 apice
1342 1550 1532 1587 exserto
1565 1541 1807 1602 apiculati,
1841 1556 1949 1586 mox
1981 1556 2064 1586 ore

243 1622 483 1661 reserrato
530 1613 708 1659 mutici.
792 1614 962 1659 Semen
1009 1613 1194 1658 unicum
1241 1628 1266 1658 e
1311 1611 1414 1658 basi
1460 1619 1696 1669 erectum,
1745 1601 2066 1673 integumento

244 1684 605 1731 membranaceo
651 1700 695 1729 v.
743 1683 982 1739 coriaceO,
1071 1682 1282 1744 Embryo
1329 1683 1374 1728 in
1429 1682 1507 1728 axi
1560 1681 1807 1729 albuminis
1862 1681 2066 1738 carnosi,

249 1756 430 1817 copiosi
463 1755 748 1816 anthropus,
783 1751 993 1815 ejusdem
1026 1752 1319 1815 longitudine
1351 1769 1394 1799 v.
1426 1753 1569 1798 multo
1602 1752 1817 1809 brevior,
1851 1753 1896 1798 in
1930 1750 2068 1815 supe-

245 1827 374 1872 riore
409 1825 600 1871 seminis
631 1833 764 1887 parte
804 1824 1010 1880 locatus,
1058 1823 1425 1885 cotyledom'hus
1463 1822 1640 1869 duabus
1680 1824 1854 1877 ovam,
1903 1821 2068 1868 (listin-

247 1897 334 1942 ctis
373 1913 415 1942 v.
456 1896 500 1941 in
542 1911 712 1959 corpus
751 1895 888 1959 apice
929 1892 1316 1941 bidenticulatum
1364 1894 1571 1952 coalitis,
1617 1894 1842 1941 radicula
1888 1892 2067 1942 brevis-

245 1968 381 2025 sima,
424 1982 611 2030 supera.

1015 2097 1298 2133 GENERA.

808 2181 933 2217 1804,
959 2181 1149 2224 Ephedra
1166 2178 1287 2218 Limz.

808 2238 826 2272 1
838 2239 931 2274 805.
962 2239 1135 2273 Gnetum
1151 2234 1275 2272 Lina.

991 2285 1101 2319 Thoa
1116 2285 1230 2319 Aubl.

994 2328 1163 2361 Gnemon
1180 2326 1353 2372 Rumplz.

990 2369 1065 2404 Ula
1080 2370 1244 2421 ffl‘wfle·

385 2456 707 2503 AffinitaS·
767 2463 870 2499 ordo
900 2472 1127 2506 perparvus
1159 2473 1180 2498 e
1202 2462 1418 2507 generibus
1442 2463 1620 2509 duobus,
1651 2465 1779 2499 altero
1805 2463 2066 2506 cosmopolito

247 2521 518 2565 extratropico
545 2523 731 2566 aphy110,
763 2523 891 2555 altero
915 2520 1066 2562 tropico
1091 2519 1232 2555 foliato
1259 2523 1471 2567 constans,
1503 2519 1705 2564 perigonii
1726 2520 1766 2554 in
1793 2519 1956 2556 floribus
1979 2522 2067 2556 sta-

246 2577 456 2622 minigeris
478 2576 712 2620 praesentia
735 2579 771 2612 et
797 2575 910 2611 foliis
935 2576 1069 2611 ova-tis
1085 2576 1364 2619 penninerviis
1380 2576 1423 2611 in
1439 2585 1518 2611 uno
1535 2586 1683 2619 genere
1700 2576 1833 2612 obviis
1849 2575 2065 2619 perfectis-

245 2635 374 2671 simus
396 2634 503 2668 inter
527 2632 740 2668 Coniferas
765 2633 995 2668 censendus
1018 2636 1099 2678 est,
1131 2632 1190 2667 ita
1211 2637 1254 2668 ut
1277 2634 1320 2668 in
1341 2632 1491 2669 elassis
1514 2641 1614 2669 suae
1638 2632 1801 2676 fastigio
1826 2635 2064 2679 collocatus,

245 2701 316 2734 per
332 2700 460 2734 genus
477 2692 688 2732 apliyllum
705 2689 799 2724 hine
815 2692 866 2725 ad
875 2689 1150 2725 casum-ineas
1167 2687 1366 2726 affinitate
1379 2691 1560 2737 accedat,
1579 2689 1694 2725 illinc
1711 2699 1783 2733 per
1798 2698 1927 2733 genus
1943 2688 2067 2725 folia-

247 2751 327 2782 tum
343 2747 589 2783 Chlorantho
604 2745 812 2789 proximus
827 2748 1037 2781 habeatur.

385 2823 809 2881 Geographia.
855 2830 1068 2874 Ephedrae
1085 2829 1127 2865 in
1143 2830 1392 2866 littoralibus
1407 2829 1692 2872 extratropicIS
1709 2827 1922 2871 utriusque
1938 2829 2065 2872 hemi-

245 2892 446 2931 sphaerae
469 2891 508 2924 et
530 2889 574 2923 in
597 2888 768 2923 desertis
791 2888 920 2923 salsis
944 2887 1219 2922 continentum
1243 2895 1415 2930 sparsae
1435 2886 1704 2929 reperiuntur.
1765 2885 1884 2920 Gneti
1905 2885 2066 2929 species

245 2945 355 2981 aliae
370 2944 534 2991 Asiam,
568 2944 677 2979 aliae
693 2943 927 2979 Americam
943 2943 1138 2986 tropicam
1155 2943 1350 2980 incolunt.
1384 2972 1387 2977 ,

385 3021 745 3074 Qualitates
777 3029 816 3063 et
843 3031 1014 3067 usus.
1069 3028 1282 3070 Ephedrae
1304 3025 1531 3070 specierum
1547 3025 1589 3061 in
1605 3025 1810 3063 littoribus
1828 3025 2064 3063 mediterra-

244 3086 333 3122 neis
356 3090 393 3121 et
416 3086 459 3120 in
476 3085 646 3121 desertis
661 3085 789 3120 Asiae
811 3085 969 3119 mediae
992 3083 1260 3119 crescentium
1285 3083 1387 3119 rami
1404 3086 1443 3118 et
1457 3083 1575 3118 flores
1593 3082 1792 3126 [Amenta
1807 3083 1922 3118 Uvae
1938 3083 2063 3119 mari-

244 3152 322 3178 nae
354 3142 466 3178 Offic.
499 3144 620 3185 vulgo
643 3139 940 3183 Meertraubel)
972 3143 1019 3176 ob
1050 3140 1238 3176 virtutem
1271 3140 1489 3182 stypticam
1519 3139 1614 3175 olim
1644 3139 1686 3174 in
1716 3139 1890 3175 officinis
1920 3148 2064 3176 serva-

243 3202 404 3235 bantur.
461 3199 636 3233 Fructus
667 3199 828 3244 edules,
858 3196 1036 3243 mucosi,
1067 3196 1426 3241 acidulo-dulces,
1458 3196 1544 3231 leni
1574 3195 1731 3239 pruritu
1761 3195 1902 3231 fauces
1925 3198 2060 3232 urunt.

249 3252 378 3288 Gnetz‘
405 3254 631 3297 specierum
660 3253 926 3289 asiaticarum
956 3250 1161 3295 [Gnemon
1190 3256 1229 3289 et
1251 3252 1355 3297 Ula)
1387 3252 1487 3288 folia
1517 3255 1553 3288 et
1586 3255 1748 3288 amenta
1771 3261 1862 3288 cum
1885 3252 2062 3288 oleribus

245 3312 517 3346 comeduntur.
567 3311 732 3352 Drupae
746 3310 1038 3354 glandiformes
1053 3309 1186 3346 minus
1201 3311 1377 3353 placent.
1432 3306 1563 3343 Gnetz‘
1575 3308 1738 3344 urentis
1754 3307 1883 3344 Blum.
1900 3306 2061 3351 (Thoae

246 3367 400 3402 urentis
415 3364 563 3409 Aula.)
582 3368 691 3408 apud.
707 3366 963 3402 Guianenses
980 3365 1209 3413 nascentis,
1241 3366 1344 3401 rami
1360 3375 1482 3402 succo
1497 3368 1724 3413 potulento,
1747 3364 1935 3412 limpido,
1962 3365 2060 3401 sub-

246 3431 431 3470 mucoso,
462 3422 638 3464 insipido
662 3426 834 3459 scatent..
891 3422 1056 3460 Semina
1071 3425 1185 3460 cocta
1201 3425 1239 3459 et
1256 3425 1360 3461 tosta
1376 3422 1656 3473 comeduntur,
1688 3423 1763 3460 sub
1786 3421 2060 3467 integumento

245 3478 341 3523 pilis
356 3478 633 3524 prurientibus
648 3478 816 3517 munita.
