2147 3756
976 111 1052 161 55

102 299 218 345 tum,
252 288 350 334 basi
381 303 482 333 cum
511 287 723 348 germine
751 290 1026 340 comiatum,
1060 280 1201 328 limbo
1228 275 1755 344 triaquadri-sexlobo,
1789 283 1933 329 aesti-

103 360 289 405 vatione
331 356 577 403 imbricato
620 374 661 403 v.
694 353 1022 418 induplicatim
1059 352 1272 410 valvam,
1325 352 1445 398 lobis
1484 351 1586 398 basi
1625 353 1746 398 intus
1786 354 1932 398 inter-

102 430 206 476 dum
240 428 398 475 lobulo
431 429 596 474 auctis.
674 427 896 474 Stamina
929 423 1130 487 simplici
1160 440 1206 470 v.
1243 421 1419 486 duplici
1452 422 1665 469 loborum
1697 423 1933 485 perigenii

101 515 319 556 numero,
363 497 572 561 ejusdem
606 497 717 544 tubo
751 514 793 544 v.
829 497 952 542 fauci
987 495 1229 557 imposita,
1273 501 1499 550 connata,
1537 508 1658 539 nunc
1691 501 1934 556 synemate

102 569 387 634 cylindrico,
438 569 536 615 tubi
578 567 838 632 parictibus
879 569 978 630 opc‘
1003 574 1242 628 septorum
1277 565 1568 611 cohaerente
1601 579 1645 610 v.
1682 578 1708 609 a
1740 563 1936 624 parIeti-

99 641 184 688 bus
218 640 393 697 libero,
436 657 537 687 cum
571 640 784 702 germine
817 637 1031 684 abortivo
1068 644 1269 682 connato
1304 645 1350 682 ct
1391 635 1619 698 stylorum
1658 631 1935 679 rudimentis

101 720 349 774 superate,
406 727 528 757 nunc
576 710 792 756 annulum
839 707 1028 773 brevem
1077 707 1290 753 sistente.
1365 707 1624 754 Antherae
1671 712 1935 760 extr-orsae,

100 781 602 836 lii-multiloculares,
672 779 841 824 loculis
896 777 1194 840 aequalibus,
1263 778 1434 832 rectis,
1501 793 1546 823 v.
1595 774 1933 838 inaequalibus,

100 854 338 908 flexuosiS,
372 848 784 913 longitudinaliter
810 847 1182 895 dehiscentibus.
1241 849 1443 894 Germen
1469 847 1687 904 inferum,
1721 846 1938 892 uniloeu-

98 924 220 979 lare,
252 920 645 985 trophospermiis
671 919 978 982 parietalibus
1005 918 1239 981 plurimis,
1274 918 1669 975 membranaceis,
1703 916 1938 978 subsepti·

99 991 346 1049 formibus,
393 1009 440 1040 v.
483 990 667 1038 filorum
706 992 855 1037 instar
894 1005 919 1036 e
964 989 1181 1036 caritatis
1222 990 1404 1035 vertice
1443 987 1684 1051 pendulis,
1733 985 1937 1050 undique

96 1063 342 1126 gemmulis
373 1062 606 1126 plurimis,
648 1061 891 1108 sessilibus
925 1061 1120 1107 onustis.
1197 1060 1370 1122 Stylzcs
1399 1059 1685 1116 terminalis,
1726 1058 1936 1121 simplex,

96 1134 424 1191 brevissimus,
475 1134 706 1195 stigmate
752 1132 846 1178 late
895 1129 1169 1189 discoide0‚
1221 1147 1268 1180 v.
1316 1130 1438 1193 styli
1480 1131 1691 1194 plures„
1718 1130 1843 1177 inter
1888 1142 1942 1176 se

96 1206 308 1262 connati,
349 1204 563 1267 apicibus
596 1201 942 1266 stigmatoideis
975 1200 1318 1248 subdistinetis.
1394 1202 1601 1249 Fructus
1633 1200 1860 1247 baccatus
1896 1217 1934 1245 v.

97 1275 460 1333 suhcoriaceus,
508 1274 841 1332 unilocularis,
888 1274 1011 1320 intus
1058 1272 1302 1335 pulposus.
1377 1273 1575 1320 Semina
1618 1271 1837 1334 plurima,
1893 1272 1938 1317 in

81 1347 235 1411 :pulpa
275 1344 557 1405 nidulantia‚
600 1347 931 1415 integumento
971 1344 1224 1404 coriace0‚
1266 1342 1407 1402 duro,
1450 1359 1554 1391 cum
1594 1342 1765 1391 nucleo
1807 1350 1937 1389 arete

104 1426 325 1466 connato,

886 1536 1239 1580 GENERA.¹

212 1621 306 1657 723.
337 1618 517 1665 cytinus
533 1616 656 1654 Lz‘mz.
1378 1608 1595 1653 llypolepis
1612 1609 1717 1644 Pers.

433 1668 629 1711 Thyrsiue
651 1668 758 1702 Gled.
1167 1662 1261 1697 724.
1294 1660 1492 1705 IIydnora
1514 1658 1672 1696 Thunb.

423 1711 674 1756 'ZPhelypaea
694 1710 842 1745 lemzb.
1379 1708 1575 1753 Aphyteia
1589 1709 1706 1744 Linn.

233 1796 559 1842 Affinitas.
621 1805 754 1840 Tanta
786 1806 848 1840 est
872 1812 964 1840 cum
988 1801 1279 1840 Rafflesiaceis
1302 1801 1567 1846 Cytinearum
1591 1801 1793 1851 affinitas,
1828 1804 1868 1836 ut
1894 1804 1941 1838 de

96 1870 236 1899 earum
259 1861 523 1897 distinctione
547 1860 692 1897 merito
721 1860 896 1896 dubites.
957 1861 1270 1904 Balanophorae
1287 1859 1361 1896 vix
1377 1859 1460 1896 nisi
1478 1859 1730 1903 simpliciore
1747 1858 1941 1903 germinis

95 1918 278 1965 fabrica,
311 1918 471 1954 definito
503 1919 799 1962 gemmularum
830 1927 1000 1954 numero
1029 1921 1068 1953 et
1099 1917 1208 1954 faeie
1239 1916 1450 1964 differunt,
1483 1916 1680 1960 germinis
1712 1916 1940 1951 rudimento

95 1975 204 2011 intra
219 1975 506 2011 Helosiearum
524 1977 663 2010 tubum
687 1974 932 2010 stamineum
956 1974 1099 2022 obvio,
1133 1976 1348 2009 columnae
1372 1973 1600 2010 stamineae
1623 1973 1940 2009 conformatione

76 2036 137 2068 -et
166 2031 280 2068 vitae
311 2041 459 2076 genere
489 2032 713 2075 parasitico
745 2040 947 2068 summam
977 2031 1194 2074 utriusque
1227 2031 1382 2067 ordinis
1406 2031 1754 2067 necessitudinem
1778 2031 1941 2066 demon—

96 2091 266 2125 strante.
318 2085 560 2135 Hyduorae
577 2088 684 2124 facie
701 2088 834 2132 magis
852 2089 1087 2133 singulares
1105 2097 1227 2131 quam
1245 2090 1527 2123 characterum
1544 2089 1720 2131 pondere
1737 2095 1762 2123 a
1779 2086 1941 2129 Cytinis

98 2142 310 2191 diversae,
364 2148 628 2182 antherarum
664 2144 984 2181 conformatione
1031 2147 1236 2187 quandam
1273 2145 1586 2181 Cucurbitaceis
1630 2144 1941 2181 similitudinem

97 2203 363 2238 mentiuntur.
422 2204 549 2238 Nulla
566 2205 627 2237 est
642 2202 749 2237 inter
769 2200 967 2248 Cyanam
985 2205 1022 2237 et
1035 2204 1289 2245 ‘Nepenthem
1305 2202 1499 2238 affinitas.

239 2266 673 2323 Geographia·
734 2273 874 2316 cytini
905 2272 1066 2316 species
1091 2273 1135 2308 in
1158 2272 1324 2316 regione
1348 2273 1646 2309 mediterranea
1668 2272 1712 2307 in
1736 2272 1940 2308 Cistorum

97 2328 306 2367 radicibus
331 2331 540 2376 nascitur,
573 2331 684 2365 aliae
708 2329 751 2365 in
777 2330 920 2373 Capite
943 2333 1075 2365 bonae
1097 2329 1186 2373 spei
1212 2333 1249 2364 et
1275 2329 1318 2364 in
1342 2330 1494 2365 insulis
1517 2329 1776 2365 Mascarenis
1803 2331 1942 2364 obser—

65 2411 71 2417 .
97 2390 220 2423 vatae
251 2386 427 2423 fuerunt.
501 2387 721 2431 Hydnorae
751 2386 794 2422 in
824 2386 1154 2430 Euphorhiarum
1183 2386 1478 2423 rhizomatihus
1514 2385 1764 2430 parasiticae
1803 2395 1941 2421 omnes

103 2452 318 2488 capenses.

241 2506 608 2560 Qualitates
640 2516 680 2551 et
708 2520 877 2555 usus.
935 2517 983 2550 In
1003 2512 1460 2561 Qytiuihypocistidis
1475 2516 1522 2550 L.
1543 2508 1783 2558 (ὑποκίστις
1800 2513 1937 2549 Diosc.

99 2571 155 2606 M.
171 2579 222 2607 m.
240 2572 271 2606 Ι.
292 2569 412 2614 127.)
431 2581 555 2607 succo
571 2575 733 2615 praeter
749 2572 1023 2608 substantiam
1049 2571 1262 2607 tanninam
1286 2576 1325 2607 et
1349 2572 1510 2607 acidum
1534 2572 1751 2616 gallicum,
1783 2571 1939 2614 princi—

100 2626 213 2670 pium
231 2627 588 2671 coloransrduplex
604 2631 643 2664 et
659 2628 869 2664 materiem
883 2628 1075 2664 Ulminae
1100 2628 1275 2664 similem
1298 2631 1567 2664 observarunt.
1591 2628 1775 2664 chemici.
1836 2628 1940 2662 Her—

100 2685 178 2720 bae
194 2688 233 2720 et
249 2684 449 2727 imprimis
467 2684 674 2720 fructuum
691 2694 843 2721 succus
860 2685 1036 2728 largitur
1050 2688 1277 2720 extractum
1294 2677 1492 2727 (Succum
1510 2683 1791 2728 Hypocistidis
1803 2683 1938 2725 Offic.)

100 2740 337 2788 nigricans,
370 2741 600 2786 aemulum,
633 2751 723 2777 eum
749 2741 989 2777 austeritate
1012 2741 1296 2788 adstringens,
1323 2743 1409 2784 jam
1440 2742 1650 2777 veteribus
1683 2744 1937 2787 usurpatum,

99 2797 314 2833 hodiedum
329 2798 372 2832 in
390 2799 580 2841 Europae
597 2798 795 2833 australis
812 2797 1158 2841 pharmacopoliis
1173 2801 1382 2844 venalem,
1415 2798 1457 2833 in
1481 2797 1700 2841 sanguinis
1723 2797 1939 2840 profluviis

98 2856 139 2888 et
164 2854 410 2897 dysenteriis
433 2854 816 2891 administrandum.
877 2851 1116 2901 Hydaorae
1137 2856 1234 2890 odor
1257 2854 1467 2900 funginus.
1528 2857 1654 2891 'rosta
1685 2857 1735 2891 ab
1767 2853 1939 2891 Africae

103 2910 300 2947 australis
317 2912 631 2948 autochtonibus
650 2911 884 2947 comeditur.

551 3033 718 3078 ordo
749 3033 913 3078 XLI.
979 2998 1483 3081 Rafflesiaeeae.

245 3117 454 3168 Plantae
491 3138 518 3168 e
558 3121 661 3168 solo
701 3121 841 3180 flore,
889 3122 1065 3168 min-uto
1106 3139 1152 3170 v.
1197 3124 1446 3186 giganteo,
1491 3122 1685 3170 aliarum
1725 3111 1937 3184 stirpium

105 3190 440 3260 rhizomatibus
473 3192 685 3256 epigaeis
714 3210 760 3241 v.
790 3193 949 3253 *rarius
979 3194 1120 3240 ramis
1142 3194 1333 3250 innato,
1372 3194 1582 3251 bracteis
1613 3193 1937 3256 squamaefor-

105 3260 256 3308 mibus
302 3262 498 3324 primum
542 3263 702 3311 velato
750 3272 1043 3312 constantes.
1120 3265 1236 3312 Flos
1278 3265 1520 3328 perfectus
1565 3281 1608 3311 v.
1649 3279 1934 3326 organorum

107 3331 276 3379 abortu
307 3332 630 3395 imperfectus.
675 3337 937 3398 Pere'gom'z'
963 3335 1223 3398 globosiv.
1257 3336 1571 3398 campanulati
1603 3334 1935 3397 limbus-quin—

105 3402 418 3465 quepartitus,
472 3404 656 3452 laciniis
702 3410 790 3469 per
834 3406 1192 3454 aestivationem
1237 3406 1495 3453 imbricatis
1537 3423 1578 3453 v.
1618 3404 1930 3470 induplicafis,

92 3474 246 3521 >fauce
287 3473 446 3534 callis,
493 3475 725 3524 interdum
766 3476 812 3524 in
851 3477 1065 3525 annulum
1107 3477 1290 3526 coalitis
1330 3477 1549 3537 obsessa,
1597 3477 1933 3525 rarius'tetra=
