2147 3756
1023 137 1140 191 582

177 315 313 362 colae,
344 306 453 354 aliae
476 315 722 358 nepalenses
747 318 782 352 et
807 316 1119 352 australasicae.
1179 312 1410 361 Smyrnecte
1431 314 1473 352 in
1495 316 1755 363 archipelago
1779 328 1924 364 graeco
1948 324 1986 356 et

175 375 338 410 Oriente
374 372 628 416 potissimum
657 373 861 420 habitant,
900 374 942 408 in
972 372 1054 407 oris
1085 372 1412 420 mediterraneis,
1451 374 1614 415 Europa
1641 376 1774 411 media
1801 380 1840 412 et
1868 377 1987 412 India

174 439 306 467 rarae.
364 428 574 472 Capenses
603 429 669 464 sui
699 428 874 473 generis,
931 428 1215 466 paucissimae
1238 428 1469 464 Americam
1500 431 1693 473 tropicam
1724 435 1760 467 et
1782 434 1986 468 borealem

173 486 371 523 incolunt.
446 482 732 519 Coro’andreae
769 493 840 526 per
866 484 1071 527 Europam
1108 487 1352 532 australem,
1396 485 1546 522 Asiam
1580 487 1917 524 mediterraneam
1947 493 1986 524 et

172 541 404 581 Americam
418 543 618 577 borealem
635 540 845 582 dispersae
861 544 970 578 sunt.

315 605 676 659 (tarditates
702 613 741 646 et
763 617 932 650 usus·
991 610 1348 662 Umbelliferarum
1378 610 1512 647 virtus
1543 614 1592 647 ab
1624 614 1712 648 oleo
1735 615 1923 655 aethereo
1948 618 1987 649 et

173 669 418 708 substantiis
448 667 646 703 resinosis
679 669 843 715 pendet,
873 671 951 703 hae
980 667 1023 702 in
1054 659 1260 703 radicibus
1291 670 1548 713 praevalent,
1580 667 1683 704 illud
1713 668 1753 704 in
1785 669 1986 705 fructibus

171 729 408 773 plerumque
432 723 635 766 copiosius
659 724 866 766 reperitur.
925 726 971 760 In
994 733 1216 767 paucarum
1240 733 1362 759 succo
1386 725 1643 760 substantiae
1665 726 1906 761 akaloideae
1922 726 1986 761 in-

171 786 321 819 ventae
358 781 540 825 fuerunt,
580 779 727 822 quibus
763 780 847 816 vim
876 780 1278 825 narcotico-acrem,
1311 783 1534 816 nonnullae
1565 781 1798 816 deleteriam
1829 783 1985 818 debent.

171 842 293 876 muco
318 841 356 873 et>
379 839 598 882 sacellam,
622 846 738 878 quem
759 838 957 879 quaedam
974 837 1016 872 in
1033 836 1216 872 bulbosis
1234 837 1441 872 radicibus
1459 838 1553 872 etin
1572 837 1704 872 caulis
1722 838 1812 873 basi
1826 838 1988 874 incras-

170 900 264 933 sata
294 892 497 936 copiosius
527 896 690 938 gerunt,
722 893 764 927 in
793 893 998 935 plerisque
1029 893 1155 928 oleosi
1187 897 1225 928 et
1256 893 1429 928 resinosi
1459 894 1614 936 aliquid
1645 893 1869 930 admixtum
1893 904 1987 930 esse
2048 914 2056 923 =

170 954 293 996 solet,
326 950 384 985 ita
406 952 447 984 ut
466 949 552 983 cibo
570 949 650 983 sint
672 949 764 984 utili
780 949 903 985 simul
920 953 954 984 et
973 954 1104 995 grato,
1128 949 1442 991 aromatisjusto
1460 954 1787 992 temperamento.
1823 952 1869 986 In
1887 950 1986 988 aliis

170 1006 360 1045 materies
384 1004 758 1049 gummi-resinosa
779 1008 1006 1052 praevalet,
1039 1007 1237 1048 quaedam
1261 1005 1382 1041 etiam
1406 1007 1534 1042 amari
1553 1007 1728 1052 aliquid,
1761 1009 1984 1042 nonnullae

171 1064 349 1100 resinam
365 1064 525 1097 mollem
542 1069 674 1096 acrem
690 1062 911 1098 admixtam
928 1065 1095 1109 habent3
1126 1062 1295 1098 istarum
1314 1062 1503 1104 frequens
1521 1063 1626 1099 inter
1640 1063 1864 1099 medicinas
1881 1073 1983 1099 usus

170 1124 246 1157 est.
304 1118 392 1154 Olei
407 1117 584 1153 aetherei
599 1118 730 1154 virtus
746 1118 789 1153 in
805 1118 900 1155 aliis
919 1119 1058 1162 purior
1076 1119 1241 1166 emicat,
1274 1119 1316 1153 in
1335 1119 1430 1154 aliis
1447 1120 1631 1155 resinosa
1646 1119 1835 1154 acredine
1850 1119 1987 1162 inqui-

169 1179 281 1212 nata.
340 1174 603 1210 substantiae
627 1175 886 1211 alkaloideae
907 1177 1097 1218 lymphae
1119 1177 1279 1212 lacteae
1303 1179 1340 1211 et
1362 1176 1614 1224 glutinosae,
1646 1184 1724 1218 qua
1749 1176 1868 1211 radix
1882 1184 1986 1211 non-

168 1235 375 1270 nullarum
390 1231 561 1276 gravida
578 1234 659 1279 est,
691 1233 928 1267 adhaerent.

312 1303 488 1338 Fructus
510 1301 866 1337 Umbelliferarum
889 1305 976 1338 oleo
1004 1303 1209 1347 aethereo,
1242 1302 1342 1345 quod
1358 1301 1408 1337 in
1431 1302 1647 1337 canalibus
1669 1301 1802 1337 coecis
1820 1299 1984 1344 (vittis)

168 1359 389 1406 pericarpii
406 1361 604 1406 secretum
622 1362 784 1404 gerunt,
803 1361 1144 1394 commendantur.
1183 1359 1270 1394 Olei
1287 1359 1462 1393 aetherei
1478 1359 1829 1394 Umbelliferarum
1846 1359 1984 1393 eadem

170 1426 262 1452 cum
293 1415 394 1450 oleis
419 1415 740 1457 compositarum
771 1418 805 1448 et
830 1415 1096 1450 Labiatarum
1124 1418 1273 1449 natura.
1302 1418 1382 1460 est,
1414 1415 1552 1450 multis
1582 1414 1746 1450 virtutis
1767 1415 1985 1459 gradihus;

169 1473 228 1509 ita
245 1475 287 1507 ut
303 1470 507 1514 plerisque
524 1471 628 1506 inter
643 1470 821 1505 remedia
835 1470 1093 1506 stimulanda
1108 1470 1315 1515 volatilia,
1347 1471 1556 1506 nonnullis
1570 1471 1676 1506 inter
1692 1471 1869 1506 ciborum
1888 1480 1985 1505 con-

171 1529 369 1571 dimenta,
400 1526 680 1570 vulgatissimi
695 1537 818 1573 usus,
849 1529 965 1562 locus
982 1527 1235 1562 concedatur.
1296 1524 1573 1571 Pimpv'nellae
1590 1522 1713 1560 Am’sz'
1725 1526 1845 1562 Linn.
1864 1519 1983 1570 (ἄη-

170 1594 265 1631 σσν,
282 1582 413 1626 Anis]
436 1583 594 1619 fructus
622 1583 768 1627 [vulgo
791 1583 948 1619 semina
965 1583 1096 1627 dicta)
1121 1591 1145 1618 a
1161 1582 1330 1618 medicis
1348 1586 1383 1618 et
1401 1584 1542 1632 coquis
1559 1586 1820 1628 expetuntur,
1851 1583 1985 1618 odoris

172 1646 284 1687 grate
307 1640 538 1686 aromatici,
570 1640 731 1682 saporis
754 1639 908 1675 fervide
931 1639 1077 1675 dulcis.
1137 1641 1287 1675 Planta
1311 1640 1353 1674 in
1369 1637 1556 1684 Aegypto
1578 1643 1615 1675 et
1633 1639 1806 1675 Graecia
1820 1643 1986 1681 sponte-

170 1707 272 1743 nea,
304 1697 347 1732 in
371 1696 589 1732 Germania
612 1706 701 1732 cum
724 1699 837 1731 lucro
860 1696 1018 1732 colitur.
1077 1697 1216 1731 Oleum
1246 1696 1287 1731 in
1310 1698 1454 1731 nucleo
1479 1696 1772 1741 unguinosum,
1804 1695 1986 1731 aetherei

170 1754 329 1801 laticis,
355 1753 397 1788 in
413 1753 629 1795 pericarpii
646 1754 861 1789 canalibus
879 1752 1076 1796 contenti,
1101 1753 1296 1789 fervorem
1312 1756 1517 1795 temperat.
1547 1753 1808 1788 Destillatum
1825 1761 1876 1787 ex
1892 1754 1984 1788 albo

170 1811 326 1848 flaveris
351 1814 386 1846 et
411 1810 590 1852 spissum
612 1813 691 1854 est,
723 1809 934 1855 fragrans,
965 1809 1127 1851 saporis
1153 1809 1297 1844 dulcis.
1355 1811 1387 1843 Ε
1415 1810 1708 1852 congeneribus
1734 1805 1985 1853 Pe'mpv'nella

167 1865 396 1914 peregrina
412 1867 554 1912 Linn.,
584 1866 626 1901 in
642 1868 808 1909 Europa
830 1866 1006 1901 australi
1026 1866 1240 1911 indigena,
1271 1869 1309 1900 et
1324 1862 1574 1910 Pe'mpinella
1597 1863 1839 1898 aromatica
1855 1864 1984 1911 Bieb.,

170 1924 214 1960 in
238 1924 391 1959 Tauria
412 1932 607 1968 nascens,
639 1922 763 1957 Anisi
782 1922 970 1957 virtutem
1000 1924 1277 1965 aemulantur,
1309 1921 1452 1956 minori
1476 1925 1610 1956 tamen
1632 1921 1843 1967 aromatis,
1876 1920 1985 1956 acri-

169 1981 307 2017 monia
324 1981 495 2023 quadam
511 1979 733 2025 inquinati,
758 1979 1023 2021 praestantia.
1053 1978 1246 2026 Proxima
1262 1974 1480 2012 Foem'cnlv'
1494 1977 1683 2021 dignitas.
1717 1973 1985 2011 Foem’enlecm

170 2035 347 2083 vulgare
364 2037 502 2072 Gartn.
518 2034 745 2078 [Anethum
759 2035 1022 2071 Foeniculum
1039 2026 1438 2085 Linn.,!‹0290e19·90v,
1460 2034 1577 2069 hodie
1593 2027 1983 2084 ἀγριομάλαθρον)

170 2093 277 2129 inter
298 2096 456 2137 segetes
478 2094 669 2134 Europae
691 2091 887 2127 australis
909 2094 1052 2133 sponte
1076 2090 1241 2136 crescit,
1275 2094 1310 2125 et
1332 2090 1376 2126 in
1399 2090 1527 2126 hortis
1544 2091 1703 2126 colitur.
1761 2091 1984 2126 Fructuum

170 2149 277 2185 inter
305 2150 487 2184 aromata
508 2151 547 2182 et
569 2147 792 2182 medicinas
815 2156 917 2183 usus
940 2150 1014 2183 est.
1073 2146 1224 2182 Medici
1247 2147 1367 2182 etiam
1392 2147 1589 2193 radicem,
1621 2149 1775 2193 albam,
1809 2148 1982 2194 dulcem,

167 2206 315 2243 leniter
331 2203 592 2240 aromaticam
609 2207 645 2239 et
662 2204 924 2248 nutrientem,
948 2212 1023 2238 nec
1038 2212 1118 2238 non
1133 2205 1298 2237 herbam
1314 2203 1469 2238 modice
1486 2203 1759 2238 stimulantem
1777 2204 1983 2238 adhibent.

170 2259 391 2297 Foem'culi
410 2258 545 2294 duleis
574 2260 616 2295 C.
641 2261 790 2305 Bauh.,
821 2262 985 2302 plantae
1009 2261 1055 2294 ob
1080 2258 1259 2294 turiones
1282 2260 1421 2294 edules
1444 2259 1486 2294 in
1508 2260 1673 2301 Europa
1694 2259 1868 2295 australi
1891 2267 1984 2294 cum

168 2318 347 2354 oleribus
383 2319 536 2362 cultae,
574 2316 730 2358 fructus
767 2313 902 2351 minus
940 2314 1104 2361 fervidi3
1141 2311 1363 2349 Foem'culz'
1381 2314 1560 2360 piper-iti
1586 2315 1732 2359 (vulgo
1760 2314 1983 2353 Finocchiu

169 2373 377 2420 d'Asino),
402 2374 444 2408 in
461 2372 606 2408 Sicilia
622 2375 657 2407 et
676 2372 866 2407 Sardinia
881 2371 1114 2417 spontanei,
1147 2380 1236 2406 cum
1252 2372 1513 2407 mordacitate
1530 2380 1646 2407 acres
1662 2376 1770 2408 sunt.
1828 2368 1983 2405 Faeni-

170 2429 308 2466 culum
331 2428 601 2464 Pamnorz'nm
623 2429 705 2464 DC.
732 2427 1059 2471 (Panmuhooree
1081 2437 1114 2463 s.
1136 2427 1404 2470 Mudhorika]
1427 2428 1542 2463 Indis
1561 2427 1774 2464 Foeniculi
1796 2427 1982 2471 vulgaris

168 2489 256 2524 loco
289 2491 370 2534 est,
402 2486 443 2521 in
467 2486 594 2521 hortis
618 2488 783 2520 cultum.
845 2483 1003 2518 Carum
1031 2481 1163 2517 Carvo·
1182 2483 1299 2520 Linn.
1325 2478 1494 2535 (κάρος,
1517 2483 1729 2528 Ktimmel)
1753 2487 1897 2528 planta
1919 2487 1982 2519 est

168 2543 358 2587 vulgaris
381 2542 570 2589 notitiae,
601 2541 642 2576 in
667 2541 796 2584 pratis
819 2544 858 2576 et
880 2540 1047 2584 pascuis
1062 2541 1250 2583 Europae
1275 2540 1356 2576 fere
1373 2541 1495 2576 totius
1510 2541 1644 2577 obvia.
1700 2541 1876 2577 Fructus
1893 2542 1980 2575 oleo

169 2603 356 2637 aethereo
393 2608 542 2643 graves
576 2598 760 2633 validius
791 2597 1022 2644 stimulant,
1060 2596 1165 2632 inter
1196 2598 1451 2634 condimenta
1478 2598 1631 2632 rustica
1662 2596 1982 2639 frequentissimi

168 2665 284 2693 usus.
346 2653 502 2688 Carum
521 2652 685 2700 gracile
706 2655 824 2697 Royl.
849 2658 885 2690 et
912 2652 1248 2699 Carummgrrmn
1271 2655 1388 2697 Royl.
1413 2653 1568 2697 [Zeera
1583 2653 1712 2697 Seah)
1728 2653 1841 2689 Indis
1859 2653 1980 2689 Carvi

167 2715 258 2750 loco
275 2716 348 2748 est.
396 2709 612 2745 Cmm'mcm
632 2709 844 2756 Cymimcm
863 2710 981 2746 Linn.
1001 2703 1197 2754 (κύμινον
1215 2704 1488 2757 οιίθιοπικόν,
1519 2710 1652 2745 serius
1667 2703 1977 2759 κοιρναβάὸιον,

167 2771 292 2813 vulgo
315 2769 665 2813 Kreutzku'mmel,
689 2767 910 2802 rdmischer
930 2766 1140 2810 Ku'mmel]
1165 2767 1206 2802 in
1225 2767 1414 2811 Aegypto
1438 2770 1475 2801 et
1490 2766 1598 2801 Asia
1610 2766 1763 2801 minore
1778 2765 1976 2802 nascitur.

166 2826 342 2861 Fructus
359 2823 766 2871 aromatico-amari,
798 2823 963 2869 fervidi,
992 2823 1163 2866 ,rarioris
1180 2824 1287 2866 apud
1302 2832 1375 2858 nos
1393 2831 1506 2857 usus.
1546 2819 1759 2867 Lagoecm
1774 2819 1976 2856 emnium·-

168 2878 240 2916 des
262 2881 381 2917 Linn.
414 2873 611 2923 (κύμινον
635 2873 812 2929 ἄγριον)
837 2879 878 2913 in
904 2879 1077 2915 Graecia
1100 2879 1309 2925 frequens,
1342 2878 1502 2921 cymini
1525 2877 1712 2913 virtutem
1735 2880 1976 2914 aemulatur.

170 2934 451 2972 Corae‘andrum
469 2935 652 2970 sativum
668 2937 774 2971 Linn
806 2930 973 2982 [κόριον
990 2945 1022 2970 s.
1039 2929 1282 2985 κορίὀιννον,
1301 2935 1419 2970 hodie
1433 2929 1686 2985 κορίανὸρον
1702 2943 1775 2970 seu
1790 2933 1977 2981 κουσβα-

167 2987 270 3044 ρὰς)
287 2994 329 3029 in
341 2993 506 3028 Tataria
522 2996 787 3034 spontaneum
802 2991 1059 3037 crediderim,
1076 3000 1147 3033 per
1164 2990 1365 3034 regionem
1381 2990 1715 3036 mediterraneam
1730 2999 1820 3026 cum
1837 2999 1978 3029 cetea-

163 3051 276 3088 libus
307 3049 627 3084 disseminatum.
685 3049 820 3082 Herba
849 3056 991 3082 recens
1023 3048 1143 3082 odore
1173 3048 1389 3082 temulento
1419 3045 1579 3094 gravis,
1610 3046 1773 3082 'Pataris
1803 3045 1975 3090 [quibus

164 3109 289 3151 vulgo
309 3101 593 3147 Ghv‘aclrm‘cle)
612 3104 653 3139 in
671 3103 830 3139 deliciis
847 3106 926 3146 est,
946 3112 1036 3138 cum
1048 3102 1227 3145 jusculis
1244 3107 1377 3150 cocta,
1394 3106 1432 3137 et
1449 3101 1774 3145 frequentissime
1789 3103 1832 3139 in
1848 3103 1975 3138 hortis

165 3166 270 3200 sata.
327 3163 501 3198 Fructus
516 3152 672 3196 dulcem
688 3159 810 3196 Anisi
827 3159 1025 3194 fervorem
1041 3162 1308 3195 aemulantur.
1366 3154 1574 3193 Anetleum
1588 3157 1838 3205 graveolens
1853 3159 1973 3195 Linn.

163 3211 385 3267 (ἄνηθον,
411 3217 543 3263 Diu),
565 3217 751 3261 vulgaris
767 3219 968 3252 hortorum
984 3218 1150 3261 hospes,
1182 3215 1224 3250 in
1241 3214 1401 3251 Oriente
1416 3219 1558 3259 sponte
1575 3215 1771 3252 nascitur.
1814 3217 1974 3251 Herbae

164 3277 203 3310 et
232 3275 370 3310 florum
400 3274 638 3309 notissimus
668 3273 709 3308 in
740 3272 976 3308 condiendis
994 3272 1172 3314 jusculis
1195 3281 1310 3307 usus.
1367 3272 1587 3307 Fructuum
1607 3272 1739 3308 virtus
1760 3271 1972 3307 Foeniculi

162 3332 231 3366 vel
247 3331 405 3374 cymini
428 3330 664 3374 dignitatem
677 3327 793 3365 ‘haud
816 3333 975 3371 aequat.
1031 3327 1191 3363 Avibus
1215 3328 1455 3370 quibusdam
1478 3328 1726 3370 perniciosos
1748 3327 1971 3372 perhibent.

164 3381 383 3422 Anetlmm
402 3384 523 3420 Sowa
538 3388 666 3422 Roxb.
685 3386 727 3421 in
742 3385 859 3422 India
875 3384 1062 3420 orientali
1077 3385 1126 3419 ad
1145 3394 1246 3420 usus
1263 3384 1445 3420 medicos
1457 3384 1615 3420 colitur.

303 3445 412 3478 Inter
427 3442 734 3489 Umbelliferas,
758 3450 927 3484 quarum
943 3440 1100 3476 fructus
1117 3440 1265 3476 exoleti
1281 3450 1320 3476 v.
1338 3441 1486 3476 exotici
1503 3449 1603 3476 usus
1621 3442 1736 3486 sunt,
1755 3439 1970 3481 sequentes

164 3497 363 3543 imprimis
382 3499 666 3536 nominandae.
721 3495 945 3545 Plyehocis
961 3495 1128 3543 coptae‘ca
1150 3496 1232 3535 Dc.
1259 3489 1391 3542 (ἄμμι
1407 3489 1709 3558 αἰβιοπτικὸν)
1726 3495 1769 3532 in
1783 3496 1969 3539 Aegypto

2076 1616 2083 1636 ι’
