2147 3756
1017 84 1138 133 400

171 260 361 293 vescente
375 258 522 296 Pursh.
540 259 577 295 et
593 267 614 295 e
636 253 676 293 V
672 255 759 293 isco
777 253 904 293 rubro
922 253 982 305 1..,
1006 264 1174 300 quorum
1188 254 1344 300 lignum
1358 253 1403 292 in
1418 253 1591 294 officinis
1604 259 1792 304 servant,
1815 255 1986 295 Viscum

170 317 329 360 parant.

310 369 536 407 Brasiliani
558 372 696 414 plures
711 367 904 406 Loranthi
927 366 1087 410 species
1107 363 1248 409 (Erva
1264 364 1312 401 de
1328 364 1608 412 Passermho)
1633 368 1739 405 inter
1759 368 1986 409 medicinas

169 428 330 464 habent.
387 429 420 463 E
445 427 628 463 contritis
651 426 818 461 ramulis
835 428 869 459 et
890 423 1000 459 foliis
1016 420 1233 464 Loranchz‘
1247 423 1548 468 (Struthanthi)
1566 423 1762 460 m‘troeolz'
1775 429 1894 462 Mart.
1912 427 1987 461 ad·

168 484 294 520 mixto
325 485 412 518 oleo
440 486 689 525 unguentum
715 483 880 526 parant,
912 479 956 514 in
981 480 1250 516 oedematosis
1273 482 1496 517 tumoribus
1521 482 1861 518 laudatissimum.
1920 482 1986 517 Si-

168 540 280 576 milis
304 539 468 575 remedii
491 548 612 581 usus,
645 538 748 579 quod
763 536 851 571 Indi
877 546 899 571 e
918 532 1137 570 Low-ancha
1156 535 1473 580 [Elythrantne)
1493 535 1661 582 globoso
1678 539 1830 584 Roxb.,
1862 548 1884 573 e
1901 535 1985 571 Lo-

169 593 327 630 rantho
351 593 656 638 (Macros-olen)
680 590 857 627 elas-eico
881 594 1004 628 Desv.
1030 596 1066 627 et
1091 603 1112 628 e
1135 589 1356 626 Lorancsm
1381 592 1737 637 (Dendrophthoe')
1762 589 1985 639 loregvssoro
2035 591 2042 597 '

167 654 323 696 Blum.,
357 651 496 686 addita
527 650 605 684 olei
636 652 724 684 loco
747 657 852 691 aqua
877 650 1035 691 Oryzae
1057 658 1173 684 muco
1198 649 1496 695 impraegnata,
1529 649 1756 685 conficiunt.
1816 647 1986 684 Larem-

169 706 266 742 thus
283 699 636 751 (nemu-oplstnoe)
653 704 812 739 bicolor
828 707 956 741 Roxb.
974 705 1164 740 remediis
1180 705 1521 748 antisyphiliticis
1537 705 1578 740 in
1595 706 1713 741 India
1734 710 1985 743 accensetur.

167 761 386 798 Lorcmeln'
405 760 680 810 rotunde‘foli'z
697 764 755 798 St.
779 762 858 797 Hil.
883 761 1003 808 folia,
1038 771 1129 797 cum
1151 763 1260 798 lacte
1284 765 1323 798 et
1345 764 1541 798 saccharo
1572 766 1705 809 cocta,
1736 762 1779 797 in
1810 763 1985 806 pectoris

166 820 429 865 passionibus
446 818 671 855 Brasiliani
689 818 980 853 commendant.

305 877 411 911 Esse
435 875 478 910 in
500 875 651 918 plantis
675 873 935 921 parasiticis,
968 873 1116 917 quippe
1141 882 1245 917 quae
1263 883 1342 910 non
1359 872 1401 910 in
1419 877 1525 910 terra
1540 877 1750 918 plantatae
1766 876 1881 922 sunt,
1912 875 1985 911 sed

168 932 262 970 aliis
280 931 496 977 stirpibus,
528 934 669 966 contra
686 940 933 966 communem
948 930 1384 979 legeminnascuntur,
1417 931 1580 974 aliquod
1596 931 1855 979 Πηεῐεῑίῑιῐη,
1878 931 1984 974 quod

166 990 209 1026 ln
238 990 336 1025 rude
366 990 602 1031 populorum
636 987 864 1033 ingenium,
895 987 1034 1023 nativo
1065 988 1209 1023 ardore
1238 987 1279 1022 in
1308 991 1481 1023 naturae
1510 987 1888 1030 contemplationem
1911 989 1985 1023 ab·

167 1049 343 1091 reptum,
376 1049 457 1080 tam
483 1047 664 1087 potenter
680 1043 783 1089 agit,
816 1045 949 1079 uthas
965 1046 1032 1079 vel
1048 1043 1146 1079 mali
1162 1043 1372 1080 daemonis
1388 1043 1530 1079 fraude
1547 1047 1682 1090 satas,
1714 1043 1983 1088 v.abenigno

165 1102 330 1138 numine
354 1100 526 1146 missas,
559 1099 784 1152 communis
805 1099 1161 1135 dissitissimarum
1179 1099 1359 1142 gentium
1374 1099 1579 1143 superstio
1595 1102 1881 1147 amplectatur,
1911 1102 1986 1136 ob-

165 1161 373 1195 servatum
396 1160 469 1193 est.
527 1158 717 1203 Nostrae,
749 1155 905 1192 arboris
929 1148 1117 1192 sacratae
1138 1155 1399 1192 innascentes
1416 1155 1603 1203 fastigio,
1634 1156 1774 1191 fronde
1790 1159 1986 1199 perpetua

166 1216 354 1261 decorae,
392 1222 433 1249 v.
464 1211 628 1249 floribus
657 1212 889 1257 speciosae,
923 1212 1127 1248 beneficae
1157 1213 1387 1247 creduntur.
1445 1211 1513 1247 Sic
1543 1211 1829 1254 antiquissima
1859 1211 1986 1247 Drui-

165 1272 307 1307 darum
337 1269 479 1313 religio
508 1269 613 1304 nihil
642 1269 767 1304 Visco
800 1267 950 1311 (Visco
974 1270 1066 1303 albo
1089 1268 1231 1315 Linn.,
1270 1267 1367 1314 Gui,
1415 1267 1580 1312 Mistel)
1612 1269 1817 1304 sacratius
1847 1271 1982 1316 habet,

164 1328 280 1364 modo
303 1327 344 1362 in
361 1328 537 1372 Quercu,
570 1325 676 1367 quod
703 1334 838 1360 rarum
861 1327 941 1371 est,
974 1327 1180 1360 nascatur.
1237 1324 1459 1367 Indigenae
1482 1333 1639 1367 quoque
1655 1326 1785 1361 Javae
1809 1326 1982 1367 quadam

166 1385 276 1420 circa
299 1383 403 1419 istas
435 1385 621 1417 tenentur
649 1380 957 1426 superstitione,
988 1380 1031 1415 in
1061 1383 1208 1416 bonam
1238 1380 1344 1415 enim
1374 1380 1582 1422 accipiunt
1612 1385 1785 1428 partem,
1817 1384 1982 1418 arbores

165 1441 362 1483 quasdam
392 1437 472 1474 sibi
502 1437 766 1484 carissimas,
799 1447 833 1473 e.
865 1446 902 1480 g.
929 1436 1072 1472 Ficum
1101 1436 1336 1480 religiosam
1366 1439 1403 1471 et
1431 1436 1574 1472 Ficum
1604 1436 1794 1484 nitidam,
1825 1437 1981 1480 plantis

163 1495 419 1539 parasiticis,
451 1493 628 1530 maxime
651 1492 871 1530 Loranthis
892 1493 1082 1529 habitari.
1139 1486 1317 1529 credunt
1341 1501 1439 1528 vero
1462 1491 1662 1535 ejusmodi
1682 1494 1982 1538 vegetabilibus

164 1552 381 1597 plurimum
396 1550 590 1587 delectari
607 1553 768 1597 patrum
783 1551 967 1598 umbras,
1000 1548 1099 1587 fana
1112 1548 1195 1586 ista
1209 1548 1600 1586 circumvolitantes.

497 1697 681 1747 Ordo
700 1699 1037 1747 CLXVIII.
1098 1698 1643 1748 Hamamelideam

303 1804 525 1857 Fratz'ces
546 1819 590 1850 v.
617 1803 927 1861 arbusculae,
959 1803 1110 1849 rarius
1135 1803 1338 1850 arbores
1358 1810 1535 1861 vastae,
1565 1802 1706 1848 ramis
1730 1800 1979 1859 teretibus,

162 1873 285 1939 pube
312 1875 498 1938 saepius
524 1874 726 1921 stellata.
765 1875 907 1925 Folia
930 1874 1134 1937 alterna,
1165 1874 1412 1936 petiolata,
1443 1873 1696 1935 simplicia,
1728 1874 1983 1935 penniner-

161 1947 258 2003 via,
292 1945 597 2008 integerrima
621 1961 665 1996 v.
693 1942 1140 1992 sinuato-dentata.
1193 1945 1415 2007 Stipulae
1438 1942 1498 1990 ad
1521 1943 1665 1989 basim
1697 1943 1978 2006 petiolorum

163 2017 401 2079 geminae,
435 2014 688 2072 deciduae,
722 2013 954 2062 interdum
986 2014 1273 2078 inaequales.
1313 2015 1484 2062 Flores
1512 2015 1715 2077 perfecti
1746 2031 1788 2062 v.
1813 2008 1981 2063 abortu

163 2087 384 2143 ‹lielines‚
433 2086 699 2132 terminales
736 2103 780 2134 v.
812 2086 1056 2143 axillares‚
1103 2084 1406 2142 subsessiles,
1452 2085 1738 2143 fasciculati,
1782 2084 1978 2147 ‘capitati

163 2174 208 2204 v.
250 2157 449 2221 spicati,
487 2157 761 2236 plerumque
799 2156 1052 2203 bracteati
1130 2156 1285 2217 Calyx
1321 2155 1431 2202 tubo
1473 2171 1576 2200 cum
1614 2155 1825 2219 germine
1865 2171 1980 2201 con—

162 2237 296 2285 nato,
344 2227 485 2273 limbo
525 2227 838 2290 semisupero,
885 2242 1006 2272 nunc
1048 2224 1307 2289 quadrifido
1347 2242 1389 2273 v.
1423 2224 1746 2288 quinquefido,
1794 2225 1977 2272 laciniis

161 2299 469 2347 aestivatione
501 2297 781 2354 imbricatis,
823 2295 1004 2344 demum
1037 2295 1272 2353 deciduis,
1319 2312 1440 2342 nunc
1472 2303 1712 2354 truncato,
1763 2295 1976 2342 obsolete

162 2366 629 2432 repando-dentato,
678 2366 894 2415 dentibus
934 2367 1357 2432 quinis-septenis,
1405 2366 1612 2412 callosis.
1693 2367 1891 2414 Corolla
1931 2367 1977 2412 in

162 2440 266 2487 aliis
312 2437 459 2497 nulla,
512 2440 560 2485 in
605 2439 709 2485 aliis
753 2438 910 2502 petala
955 2438 1134 2501 calycis
1178 2438 1304 2484 fauci
1349 2438 1551 2494 inserta,
1599 2435 1809 2500 ejusdem
1856 2436 1975 2484 lobis

160 2511 368 2568 alterna,
412 2525 532 2555 nunc
564 2505 1214 2574 unguiculata,”spathulatffi
1254 2524 1376 2555 nunc
1407 2507 1615 2565 sessilia,
1656 2508 1977 2570 elongato-li-

161 2581 493 2643 gulaeformia,
540 2580 851 2626 aestivatione
895 2578 995 2625 basi
1041 2580 1245 2637 valvata,
1292 2579 1429 2640 apice
1474 2580 1658 2641 saepius
1703 2578 1973 2641 singillatim

161 2651 400 2716 spiraliter
444 2650 718 2708 convoluta,
766 2649 948 2697 demum
994 2647 1210 2697 decidua.
1282 2650 1504 2696 Stamina
1549 2665 1651 2695 cum
1697 2649 1867 2711 petalis
1905 2649 1975 2694 in-

160 2731 314 2779 serta,
346 2737 467 2768 nunc
499 2719 663 2768 iisdem
694 2736 888 2767 numero
922 2718 1085 2783 dupla,
1121 2720 1302 2766 alterna
1327 2717 1490 2766 iisdem
1516 2719 1752 2782 opposita,
1785 2734 1974 2782 semper

159 2791 855 2855 sterilia‚'squamulaeformia,
888 2806 1009 2838 nunc
1044 2791 1109 2850 (in
1139 2789 1356 2854 apetalis)
1391 2788 1651 2836 indefinita.
1699 2790 1972 2853 Fz‘lamenta

159 2863 332 2921 libera,
365 2879 484 2908 nunc
510 2862 697 2919 brevia,
729 2861 831 2909 basi
856 2860 1070 2918 dilatata,
1103 2877 1224 2907 nune
1253 2861 1316 2920 (in
1342 2859 1558 2923 apetalis)
1587 2859 1829 2922 elongata,
1863 2859 1972 2906 sub·

160 2934 357 2981 elavata.
429 2933 686 2979 Antherae
724 2933 978 2989 introrsae,
1017 2931 1325 2988 biloculares,
1365 2945 1486 2976 nunc
1517 2928 1970 2993 ovato-quadratae,

158 3004 326 3052 loculis
358 3003 606 3066 oppositis,
653 3001 955 3058 connectivo,
1002 3000 1190 3063 saepius
1221 3000 1266 3046 in
1296 3015 1491 3046 acumen
1523 2999 1778 3063 producto,
1825 3001 1973 3047 utrin-

158 3090 249 3138 que
287 3072 493 3129 adnatis,
541 3070 682 3118 dorso
722 3073 847 3118 inter
883 3087 934 3118 se
974 3066 1406 3128 conferruminatis,
1450 3069 1603 3117 medio
1635 3080 1768 3133 septo
1800 3086 1971 3118 secun-

161 3144 292 3191 dario
326 3140 648 3208 longit—udinali
681 3141 985 3199 bilocellatis,
1019 3141 1159 3188 faciei
1191 3141 1372 3203 pariete
1405 3139 1585 3188 demum
1617 3150 1713 3188 tota
1746 3159 1792 3192 v.
1819 3156 1968 3204 usque

159 3214 219 3262 ad
250 3214 628 3277 dissepimentum
661 3210 986 3260 secundarium
1017 3212 1168 3258 soluta
1199 3219 1247 3258 el,
1278 3209 1502 3270 decidua,
1523 3267 1532 3273 ρ
1553 3213 1704 3258 rarius
1736 3212 1852 3258 rima
1883 3210 1968 3259 de-

161 3285 420 3341 hiscentes,
462 3300 581 3330 nunc
617 3284 681 3342 (in
714 3282 928 3346 apetalis)
962 3283 1187 3329 antherae
1219 3281 1607 3346 hippocrepicae‚
1647 3283 1764 3329 rima
1793 3283 1968 3344 margi-

160 3356 230 3401 nis
261 3354 596 3402 semicii·cula1·i
630 3354 830 3401 hiantes.
912 3354 1110 3401 Germen
1141 3352 1482 3411 semiinferum‚
1523 3350 1800 3416 dipbyllum,
1848 3352 1966 3398 bilo-

163 3425 345 3484 eulare,
376 3425 556 3473 vertice
587 3422 890 3482 denudatum,
931 3421 1541 3471 umbilicato-turbinatum.
1622 3423 1891 3471 Gemmulae
1921 3423 1964 3468 in
