2147 3756
999 93 1076 143 85

123 272 376 316 consideres,
417 266 524 304 baud
556 266 612 303 ita
644 265 846 315 difficilis,
877 266 1044 311 aegrius
1074 275 1101 302 a
1132 263 1370 311 Smilaceis,
1403 265 1551 308 quibus
1582 276 1654 309 per
1681 269 1951 310 Asparageas

122 328 351 365 arctissime
374 327 592 370 accedunt,
626 324 975 360 discriminantur.
1033 322 1257 367 Diagnosis
1278 323 1415 366 posita
1438 322 1558 358 estin
1575 323 1707 358 fructu
1723 323 1949 371 capsulam,

119 395 156 420 v.
174 387 342 419 baccato
367 391 457 417 cum
473 382 674 416 seminum
691 382 965 425 integumento
982 383 1193 416 crustaceo
1211 383 1249 415 et
1267 383 1352 415 atro
1369 381 1604 427 conjuncto,
1630 379 1832 416 Aloineae
1847 383 1948 416 bac-

119 445 237 476 catae
253 438 461 482 perigonio
478 440 667 473 tubuloso
687 438 885 473 facillime
902 437 1222 481 distinguuntur.

261 502 694 558 Geographia.
727 509 922 544 Universi
938 508 1093 543 ordinis
1110 508 1230 543 sedes
1245 507 1570 554 considerantes,
1602 506 1814 542 Liliaceas
1829 506 1950 542 latis-

118 566 221 603 sime
246 576 317 609 per
341 570 538 600 terrarum
564 569 698 601 orbem
723 566 915 611 ditl‘usas,
948 576 969 600 e
993 568 1079 600 solo
1104 565 1266 599 climate
1290 564 1559 608 frigidissimo
1577 566 1747 599 exulare
1764 563 1950 598 animad—

116 623 327 668 vertimus,
346 622 675 664 frequentissime
693 631 788 657 vero
807 622 848 656 in
867 621 1102 665 regionibus
1122 621 1353 663 temperatis
1371 628 1405 655 et
1424 621 1671 663 subtropicis
1689 620 1887 665 habitare,
1907 619 1951 656 in

114 679 245 715 veteri
268 682 363 714 orbe
381 679 627 722 copiosiores
645 679 757 722 gigni
776 681 1054 713 observamus.
1112 679 1158 713 In
1176 678 1470 721 geographicos
1488 687 1680 721 generum
1695 677 1951 719 singulorum

113 736 264 772 limites
283 736 519 771 accuratius
538 736 850 777 inquirentibus.
869 735 1117 777 Tulipaceas
1135 734 1177 769 in
1195 735 1428 776 temperatis
1445 735 1755 777 liemispliaerae
1772 733 1953 768 borealis

118 793 351 836 regionibus
368 792 574 836 habitare,
593 795 630 827 et
649 792 685 826 si
703 791 995 837 Metlionicam,
1013 791 1155 825 habitu
1172 791 1294 825 etiam
1312 791 1498 826 nonnihil
1512 791 1706 836 alienam,
1725 790 1951 835 exceperis,

116 853 230 884 trans
250 850 451 884 Cancrum
475 849 584 883 haud
606 847 724 884 nasci
747 852 928 890 apparet.
988 848 1285 890 Agapantheae
1310 851 1424 883 trans
1443 848 1735 890 Capricornum
1759 846 1952 888 frequen-

117 906 198 940 tius
225 905 393 950 obviae,
426 905 603 940 rariores
628 905 669 939 in
686 904 881 940 America
904 904 1342 940 boreali-occidentali
1366 907 1403 939 et
1428 905 1470 939 in
1487 904 1664 947 Japonia
1680 903 1950 946 reperiuntur.

111 962 315 997 Aloineae
339 961 596 1004 potissimum
613 970 830 1007 capenses,
862 969 1019 1004 paucae
1041 960 1086 996 in
1108 960 1214 996 Asia
1239 964 1278 996 et
1302 961 1496 996 America
1521 961 1676 1003 tropica·
1691 964 1950 1005 generantur.

113 1020 201 1055 Has
223 1018 329 1054 inter
349 1019 516 1054 Yuccae
539 1018 584 1053 in
599 1019 816 1054 Americae
841 1018 1073 1053 continente
1097 1018 1158 1052 cis
1183 1020 1443 1060 aequatorem
1467 1018 1544 1053 sito
1562 1017 1814 1060 frequentius
1831 1016 1952 1053 habi-

114 1078 267 1121 tantes,
299 1075 422 1110 etiam
452 1075 494 1110 in
525 1074 793 1110 calidioribus
826 1075 886 1111 cis
920 1075 1124 1110 Cancrum
1153 1077 1396 1110 observatae
1427 1073 1604 1110 fuerunt.
1662 1075 1952 1117 Aspnodeleae

110 1132 280 1177 reliquis
298 1132 526 1174 specierum
543 1140 708 1166 numero
724 1134 844 1175 longe
862 1133 1137 1177 praecellunt,
1170 1131 1211 1166 in
1230 1131 1465 1174 temperatis
1482 1131 1791 1174 hemisphaerae
1806 1134 1952 1167 borea-

110 1189 187 1234 lis,
221 1188 420 1232 imprimis
451 1188 495 1224 in
526 1188 690 1232 regione
715 1189 1032 1234 mediterranea,
1064 1191 1104 1223 et
1127 1191 1241 1223 trans
1266 1188 1555 1230 Capricornum
1585 1189 1628 1223 in
1653 1188 1796 1231 Capite
1819 1191 1951 1223 bonae

111 1245 202 1289 spei
233 1249 271 1280 et
301 1245 344 1280 in
374 1247 490 1280 Nova
513 1245 736 1280 Hollandia
765 1245 1102 1290 vulgatissimae,
1135 1245 1241 1279 inter
1271 1245 1447 1288 tropicos
1479 1253 1598 1280 rarae
1622 1248 1730 1280 sunt.
1792 1246 1951 1280 Genera

109 1306 307 1346 pleraque
331 1301 564 1348 endemica,
599 1304 671 1337 sed
696 1302 850 1338 Scillae
874 1306 913 1338 et
937 1301 1166 1338 Antherica
1188 1301 1231 1336 in
1246 1302 1411 1345 Europa
1435 1305 1472 1337 et
1494 1302 1537 1337 in
1554 1302 1697 1344 Capite
1715 1304 1843 1337 bonae
1860 1301 1952 1344 spei

110 1360 275 1405 vivunt,
303 1360 581 1394 australasica
605 1361 805 1394 nonnulla
821 1359 946 1395 etiam
960 1359 1003 1393 in
1019 1357 1211 1394 America
1227 1359 1457 1394 antarctica
1472 1358 1676 1405 habitant,
1703 1359 1952 1401 Cordylinae

110 1416 218 1453 inter
242 1415 417 1458 tropicos
441 1417 525 1452 late
550 1415 781 1463 dispersae,
812 1418 1055 1452 Dracaenae
1073 1415 1114 1450 in
1134 1415 1253 1451 India
1270 1415 1462 1451 orientali
1480 1419 1517 1451 et
1534 1416 1575 1450 in
1591 1416 1743 1451 insulis
1760 1415 1954 1452 Canariis

109 1473 240 1509 vitam
255 1473 436 1509 saeculis
454 1476 601 1519 agunt,
632 1473 838 1509 AllIOrum
856 1476 895 1508 et
910 1474 1219 1516 Asparagorum
1236 1473 1357 1509 sedes
1374 1473 1577 1509 latissime
1594 1476 1746 1516 patent.

254 1537 621 1589 Quialitates
646 1547 685 1579 et
705 1550 876 1582 usus.
935 1543 1216 1585 Liliacearum
1239 1543 1482 1591 qualitates,
1515 1545 1894 1580 Melanthacearuni
1912 1547 1952 1579 et

109 1601 488 1645 Amaryllidearum
519 1601 676 1636 viribus
708 1604 930 1647 analogae,
963 1609 990 1636 a
1019 1601 1270 1644 mucilagine
1302 1602 1504 1649 copiosas
1522 1601 1768 1637 substantiis
1798 1600 1952 1636 amaris

108 1658 307 1695 resinosis
326 1655 548 1702 (Aloina),
583 1660 670 1693 oleo
688 1661 875 1694 aethereo
893 1658 1000 1703 acri,
1027 1661 1063 1692 et
1081 1667 1106 1693 a
1123 1658 1324 1701 principio
1341 1659 1570 1693 extractivo
1589 1658 1674 1693 acri
1692 1656 1951 1702 (Scillitina)

111 1716 376 1751 derivandae.
416 1715 620 1750 Diversae
636 1715 678 1749 in
695 1715 826 1750 variis
844 1715 955 1750 vires
972 1723 997 1749 a
1013 1714 1260 1750 substantiis
1276 1715 1391 1750 varie
1409 1715 1744 1757 praevalentibus
1762 1716 1950 1760 pendent,

109 1771 170 1808 ita
194 1776 233 1806 ut
260 1771 370 1807 aliae
393 1772 637 1806 nutrimento
661 1772 894 1807 inserviant
920 1775 958 1806 et
982 1771 1259 1815 condimentO,
1292 1771 1402 1806 aliae
1426 1771 1467 1806 in
1492 1772 1690 1807 intestina
1708 1771 1951 1807 animalium

108 1828 249 1864 valido
273 1831 398 1871 agant
422 1828 586 1863 stimulo
611 1832 647 1863 et
672 1828 901 1868 abdominis
926 1836 1030 1863 vasa
1051 1827 1517 1875 sanguiferaafficiant,
1551 1829 1662 1864 aliae
1688 1830 1795 1864 telae
1819 1830 1950 1864 cellu-

108 1887 225 1922 losae
250 1889 286 1920 et
310 1887 657 1932 membranarum,
690 1894 883 1920 vasorum
907 1885 1249 1928 lymphaticorum
1274 1889 1313 1921 et
1335 1894 1531 1921 venarum
1558 1885 1789 1921 functiones
1813 1886 1950 1921 inten-

110 1943 227 1988 dant,
260 1942 370 1977 muci
386 1942 656 1978 secretionem
673 1946 709 1978 et
728 1942 872 1977 urinae
891 1942 1043 1978 fluxum
1061 1942 1297 1989 impellant,
1332 1943 1534 1985 plurimae
1550 1943 1694 1985 majori
1711 1943 1800 1978 dosi
1816 1942 1950 1978 vomi-

109 2002 193 2035 tum
211 2003 249 2034 et.
266 1999 519 2034 diarrhoeam
535 2026 544 2043 ,
578 2000 777 2042 quaedam
795 1999 836 2034 in
855 1999 1102 2034 membranis
1119 1999 1475 2035 inflammationem
1492 2000 1692 2045 excitent,
1725 2002 1949 2035 nonnullae

109 2056 193 2093 sint
221 2056 582 2092 venenatissimae.
621 2056 876 2101 >Universim
901 2056 1114 2092 Liliaceae
1139 2059 1356 2101 bulbosae,
1388 2059 1582 2099 majorem
1607 2057 1863 2093 substantiae
1885 2066 1950 2091 or-

109 2113 283 2158 ganicae
299 2112 459 2155 copiam
475 2113 518 2148 in
535 2117 712 2158 angusto
729 2122 911 2158 gemmae
929 2113 1126 2148 radicalis
1145 2122 1308 2155 corpore
1327 2113 1529 2149 intensius
1548 2116 1828 2160 concelantes,
1847 2113 1951 2149 viri-

109 2173 186 2206 bus
217 2171 480 2216 praevalent,
509 2171 639 2212 major
669 2174 732 2206 est
761 2170 804 2205 in
837 2170 1039 2206 tuberosis
1071 2171 1267 2205 materiae
1291 2173 1552 2217 amylaceae,
1586 2171 1770 2207 admixta
1794 2171 1948 2206 minore

106 2226 299 2271 principii
318 2227 448 2262 amari
465 2228 666 2276 portione,
699 2227 920 2270 quantitas.
966 2228 1128 2263 Herbae
1146 2227 1352 2277 efficacia,
1385 2228 1428 2264 in
1445 2229 1653 2272 plerisque
1668 2228 1861 2276 minima,
1894 2231 1955 2265 ab

109 2286 198 2319 oleo
214 2286 403 2319 aethereo
421 2286 580 2327 pendet.

255 2338 584 2386 Talepacearmn
596 2341 723 2378 ’bulbi
747 2351 838 2377 cum
864 2341 1055 2378 acredine
1072 2341 1222 2389 amari,
1254 2344 1392 2385 plures
1410 2342 1505 2378 olim
1524 2342 1565 2378 in
1583 2342 1758 2379 officinis
1775 2342 1947 2390 servati,

108 2397 239 2433 radici
255 2398 441 2439 Squillae
456 2398 616 2433 viribus
633 2400 889 2441 aliquomodo
907 2400 1183 2442 comparandi.
1222 2396 1427 2433 Liliorum
1445 2401 1560 2436 bulbi
1577 2401 1709 2436 assati
1724 2401 1767 2435 in
1784 2400 1950 2436 Oriente

107 2456 391 2499 comeduntur,
425 2464 476 2490 ex
499 2455 671 2490 officinis
691 2457 776 2499 jam
796 2458 883 2499 jam
907 2459 1065 2491 exules.
1124 2456 1262 2491 Radix
1286 2453 1546 2502 Erythron&
1560 2455 1678 2491 Dens
1695 2458 1815 2492 canis
1831 2459 1877 2493 L.
1903 2456 1948 2493 in

109 2511 278 2547 Tataria
301 2512 544 2547 nutrimento
568 2512 762 2558 inservit,
796 2513 980 2556 patribus
997 2513 1102 2549 inter
1117 2513 1410 2555 aphrodisiaca
1427 2518 1465 2549 et
1481 2515 1818 2550 anthelminthica
1836 2524 1946 2550 com-

107 2569 314 2604 mendata.
374 2565 634 2613 Erythron&
661 2570 821 2612 species
854 2570 1308 2606 boreali-americanae
1339 2571 1381 2605 in
1412 2571 1586 2607 officinis
1619 2560 1945 2608 transatlanticis

107 2624 213 2660 inter
229 2624 408 2660 remedia
423 2625 592 2660 emetica
608 2629 805 2668 prostant.
866 2622 1140 2662 Frz'te’llarz'ae
1156 2625 1392 2672 imperialis
1408 2629 1453 2664 L.
1471 2629 1585 2664 bulbi
1603 2627 1747 2672 (radix
1764 2629 1946 2664 Coronae

104 2681 359 2725 imperialis)
391 2681 673 2728 foetidissiini,
704 2684 1062 2720 vehementissime
1093 2693 1222 2721 acres.
1292 2681 1563 2719 Methonaeae
1593 2684 1799 2731 superbae
1829 2686 1944 2721 Lam.

109 2737 347 2782 [Gloriosae
377 2741 579 2781 superbae
609 2739 681 2783 L.)
712 2742 862 2775 bulbus
896 2740 1033 2783 biceps
1063 2741 1410 2777 venenatissimus
1443 2743 1635 2778 creditur.
1698 2739 1943 2788 Gageorum

107 2794 222 2831 bulbi
255 2795 400 2838 [radix
423 2796 702 2840 Ornitliogali]
733 2796 942 2832 minimum
974 2798 1181 2833 acredinis
1212 2798 1253 2832 in
1284 2800 1413 2834 multa
1437 2798 1696 2843 'mucilagine
1717 2799 1940 2846 continent,

108 2851 290 2889 emeticis
307 2851 539 2887 mitissimis
557 2854 866 2889 adnumerandi.
925 2856 1082 2890 Succus
1099 2856 1271 2890 melleus
1288 2865 1309 2890 e
1326 2855 1527 2899 perigonii
1543 2855 1696 2891 foliolis
1713 2856 1753 2891 in
1772 2856 1943 2899 quibus-

108 2910 201 2944 dam
218 2908 391 2944 estluens
405 2908 613 2945 efficacius
631 2911 827 2946 emeticus
845 2914 919 2947 est.
960 2912 1024 2945 Ex
1041 2911 1192 2946 infusis
1210 2914 1296 2947 oleo
1314 2912 1456 2957 pingui
1475 2909 1578 2946 Lv'le‘z‘
1591 2910 1762 2947 candide·
1775 2912 1942 2949 floribus

108 2992 136 3013 „
148 2967 291 3001 Oleum
307 2966 503 3002 Liliorum
520 2968 706 3003 alborum
718 2964 743 2982 ‘⁶
761 2971 941 3010 paratur.
1000 2963 1455 3014 DeAgapantleearam
1472 2970 1632 3006 viribus
1648 2971 1751 3005 nihil
1768 2973 1940 3005 constat.

109 3017 323 3068 Phorm‘ii,
355 3022 398 3058 in
420 3025 559 3059 Novae
573 3025 826 3061 Zeelandiae
850 3024 1068 3061 maritimis
1093 3029 1238 3071 sponte
1256 3035 1334 3063 sua
1350 3028 1585 3076 nascentis,
1609 3028 1708 3064 fibra
1725 3031 1851 3064 tenax
1868 3028 1941 3063 ad-

109 3080 268 3115 modum
286 3079 400 3116 utilis
418 3084 491 3116 est.

248 3132 451 3170 Amineae
474 3146 643 3173 succum
666 3137 898 3182 largiuntur
913 3138 1077 3184 egregie
1093 3147 1297 3187 amarum,
1329 3151 1351 3175 e
1369 3141 1559 3177 ductibus
1576 3140 1827 3187 resiniferis,
1860 3145 1937 3178 sub

109 3191 354 3234 epidermide
386 3192 473 3229 folii
502 3194 668 3230 carnosi
690 3195 783 3231 sitis
808 3195 995 3232 defluum.
1056 3198 1176 3232 Hunc
1197 3196 1470 3239 inspissatum
1494 3199 1536 3233 in
1560 3198 1733 3234 officinis
1757 3203 1938 3235 servant.

109 3245 218 3282 Aloe·
230 3250 500 3284 soccotorina
523 3251 784 3288 officinarum
808 3262 830 3288 e
847 3253 1022 3289 diversis
1040 3249 1166 3288 Aloks
1183 3254 1399 3296 speciebus
1416 3255 1621 3301 provenit,
1648 3255 1766 3297 pretii
1784 3255 1938 3291 diversi

108 3307 333 3341 secundum
354 3307 581 3349 specierum
605 3309 869 3357 varietatem,
900 3313 936 3345 et
960 3311 1121 3346 modum
1137 3319 1214 3352 quo
1230 3319 1381 3347 succus
1397 3311 1493 3358 iste,
1526 3312 1616 3348 sive
1631 3315 1776 3355 sponte
1792 3321 1871 3348 sua
1888 3322 1940 3347 ex

109 3361 313 3398 abscissis
342 3362 453 3399 foliis
483 3363 675 3413 effluens,
708 3365 799 3402 sive
822 3376 845 3402 e
876 3366 1062 3402 contritis
1085 3377 1329 3413 expressus,
1361 3368 1578 3404 obtinetur.
1651 3369 1853 3412 Optimam
1883 3378 1937 3404 ex

114 3413 221 3452 Alo&
241 3417 514 3454 soccolort‘na
534 3423 580 3458 L.
604 3422 648 3458 in
672 3422 814 3459 insula
830 3424 1053 3459 Succotora
1075 3426 1114 3459 et
1136 3425 1180 3460 in
1203 3423 1345 3468 Capite
1375 3427 1506 3461 bonae
1534 3424 1623 3469 spei
1647 3425 1861 3472 indigena,
1901 3432 1936 3461 et

111 3485 131 3511 e
156 3476 375 3520 speciebus
396 3478 645 3521 capensibus
668 3479 786 3530 aliis,
818 3475 922 3516 Aloe
936 3479 1108 3528 spicata
1124 3482 1301 3530 Thunb.,
1336 3477 1753 3518 Aloeurborescence
1768 3484 1874 3519 Mill.
1899 3487 1941 3518 et·
