2147 3756
985 108 1099 158 129

132 269 435 306 ›SUBTRIBUS
456 271 509 306 ΙΙ.
543 270 915 307 RICHARDIEAE.
1153 283 1272 317 1696,
1303 282 1527 319 uicum-dja
1548 281 1707 319 lsmgtll,

215 324 335 359 1694.
365 323 621 366 Aglaonema
640 320 804 360 Schott.
1387 331 1669 367 Zantedeschia
1688 332 1778 379 Spr.

215 380 335 415 1695.
365 381 659 415 Homalonexna
675 377 838 415 Schote.

268 485 553 530 Subordo
576 487 666 529 II.
727 486 1086 532 cananeae·
1149 488 1360 531 Stamina
1384 503 1484 531 cum
1516 491 1700 547 piscinis
1732 492 1776 532 in
1812 493 1948 535 flores

126 543 383 597 perfectos,
414 545 564 585 nudos
582 560 623 586 r.
643 547 887 600 perigonio
907 547 1083 587 cinctos
1100 548 1384 588 consociata.

266 656 497 703 Tribus
520 657 629 701 VI·
690 656 968 703 Galleno-
1027 659 1326 713 Perigonium
1353 660 1545 702 nullum.

897 764 1177 798 GENERA.

210 849 327 883 1697.
359 848 479 883 Calla
494 844 617 883 Lz'nn.
1145 848 1265 882 1699.
1296 848 1550 893 scindapsus
1569 847 1732 886 Schott.

207 907 328 940 1098.
358 908 567 939 Monstera
582 899 740 938 Atlans.

260 1011 491 1056 Tribus
507 1011 652 1054 VII.
699 1010 1147 1056 Oronti-aecae.
1208 1011 1509 1068 Perigonium
1554 1015 1795 1070 regulare.
1815 1017 1947 1063 Folia

117 1069 277 1124 plana,
307 1072 492 1125 integra
514 1085 554 1111 v.
570 1071 787 1125 palmati-
812 1076 892 1110 aut
909 1071 1234 1124 pinnatisecta.

885 1175 1169 1210 GENERA.

116 1250 350 1287 SUBTRIB
360 1249 422 1285 [Ἢ
442 1250 473 1285 Ῑ·
506 1250 820 1286 ΡΟΤΗΟῙΝΑΕ·
1139 1260 1260 1295 1705.
1293 1262 1614 1306 symplocarpus
1635 1259 1787 1298 salisb.

203 1304 321 1340 1700.
353 1304 504 1338 Pothos
525 1300 645 1338 Lv'mz.
1375 1323 1530 1358 Ictodes
1547 1324 1718 1359 Bistelow

199 1361 322 1395 1701.
352 1361 481 1396 Lasia
499 1357 695 1395 Laureir.
1376 1351 1760 1427 Spathyemg'Rafi'n·

200 1418 322 1452 1702.
352 1417 598 1452 Anthurium
618 1413 781 1451 Schotc.

135 1500 137 1504 s
201 1476 322 1510 1703.
353 1475 686 1517 Spathiphyllum
705 1470 870 1511 ›Sc-hott.
1052 1464 1356 1501 SUBTRIBUS
1377 1466 1451 1501 111.
1487 1467 1799 1503 ORONTIEAE.

114 1535 418 1572 SUHTRIBUS
439 1536 492 1570 11.
526 1535 910 1572 DRACONTJEAE.
1139 1532 1258 1568 1706.
1291 1532 1499 1568 Oronlium
1514 1529 1639 1568 Lina.

197 1590 318 1624 1704.
349 1588 613 1624 Dracontium
628 1584 753 1622 Lv’nn.

252 1696 485 1741 Tribus
501 1695 683 1739 VIII.
728 1697 1145 1744 Acoroideae·
1204 1699 1760 1755 Perigoniumregulare.
1806 1691 1947 1741 Folia

112 1753 405 1806 ensiformia,
436 1755 708 1796 vernatione
727 1756 1075 1810 amplectentia.

704 1901 711 1909 ἱ
883 1863 916 1897 G
935 1870 960 1897 E
979 1870 1011 1897 N
1029 1870 1054 1897 Ε
1072 1871 1101 1897 R
1119 1870 1168 1898 Α.

195 1946 316 1982 1707.
349 1947 677 1989 Gymnostacliys
694 1943 746 1982 R.
764 1943 843 1983 Br.
1133 1948 1254 1983 1708.
1284 1946 1444 1983 Acorus
1460 1943 1586 1983 L-e'nn.

244 2038 569 2084 AffinitaS·
628 2046 853 2083 Manifesta
876 2050 939 2083 est
961 2046 1232 2083 Aroidearum
1256 2057 1348 2083 cum
1370 2048 1602 2090 Typbaceis
1626 2051 1663 2083 et
1686 2049 1937 2091 Pandaneis,

109 2108 144 2139 et
161 2104 366 2139 mediante
380 2103 514 2139 Pistia
530 2113 618 2138 cum
635 2105 897 2148 Lemnaceis,
924 2104 1086 2139 interim
1104 2104 1146 2139 in
1162 2104 1417 2140 Fluvialium
1436 2107 1551 2140 calce
1568 2106 1781 2141 collocatis
1800 2106 1937 2142 affini-

107 2167 191 2206 tas,
224 2160 380 2196 ordinis
405 2164 447 2194 ut.
470 2164 514 2195 ut
536 2160 839 2196 distinctissimi
862 2161 1094 2207 diagnosis,
1127 2163 1175 2196 ob
1199 2171 1412 2196 numerum
1435 2165 1471 2196 et
1495 2162 1616 2196 situm
1640 2166 1935 2207 gemmularnm

105 2218 316 2254 admodum
340 2217 523 2263 varium,
554 2221 591 2253 et
616 2217 749 2261 ipsius
765 2217 987 2266 albunrinis
1002 2218 1343 2264 inconstantiam,
1376 2228 1453 2253 non
1471 2216 1607 2254 minus
1624 2228 1742 2262 qnam
1762 2223 1809 2255 ob
1827 2221 1934 2256 alias

103 2278 333 2310 structurae
348 2273 609 2310 diversitates
626 2274 822 2310 difficilis.
869 2276 1088 2322 Generum,
1121 2274 1378 2310 acutissimis
1396 2275 1566 2310 Schottii
1582 2276 1709 2312 nostri
1724 2277 1935 2313 laboribus

103 2331 280 2376 egregiis
310 2331 618 2367 characteribus
650 2331 1068 2378 circumscriptorum,
1100 2331 1144 2367 in
1174 2332 1430 2368 Aracearum
1461 2335 1499 2367 et.
1522 2332 1805 2369 Callacearum
1836 2337 1936 2370 sub-

101 2389 265 2424 ordines
289 2387 583 2423 discriminatio
599 2391 771 2424 naturae
786 2390 910 2431 plane
926 2393 1226 2434 consentanea,
1256 2390 1328 2424 sed
1347 2385 1489 2424 Psscm
1505 2389 1547 2425 in
1564 2390 1735 2432 primam
1749 2391 1934 2426 Aracea-

105 2455 192 2481 rum
221 2445 369 2480 tribum
399 2447 550 2495 relata,
580 2445 743 2492 habitu,
777 2445 947 2481 vivendi
976 2446 1133 2482 ratione
1164 2449 1200 2480 et
1230 2445 1499 2488 qualitatibus
1529 2455 1556 2482 a
1583 2447 1754 2490 reliquis
1776 2448 1932 2495 aliena,

101 2502 343 2538 Lemnaceis
373 2501 542 2544 propius
564 2503 760 2538 accedere
780 2502 962 2550 videtur,
994 2505 1033 2538 et
1053 2502 1328 2548 Acoroideae,
1360 2503 1614 2540 Orontiaceis
1643 2508 1687 2539 ut
1708 2508 1751 2539 ut
1774 2504 1931 2540 arctius

104 2559 397 2603 conterminae,
442 2558 632 2595 foliorum
669 2558 988 2595 conformatione
1025 2562 1063 2595 et
1098 2558 1307 2595 radicibus
1336 2560 1592 2606 aromaticis,
1639 2562 1931 2603 quodammodo

102 2617 319 2650 anomalae
348 2620 561 2658 apparent.
632 2616 947 2652 Distinctionem
978 2615 1218 2652 facillimam
1251 2624 1276 2651 a
1304 2616 1501 2659 Najadeis
1533 2619 1699 2660 praebet
1729 2617 1857 2654 facies
1889 2623 1929 2652 et

102 2670 324 2707 albuminis
348 2671 391 2706 in
415 2671 602 2713 plurimis
617 2672 871 2718 praesentia3
903 2681 928 2708 a
944 2673 1176 2715 Typhaceis
1192 2675 1452 2709 antherarum
1469 2673 1617 2721 forma,
1649 2682 1676 2709 a
1691 2675 1929 2710 Pandaneis

99 2728 260 2765 fructus
277 2732 313 2763 et
332 2728 565 2770 embryonis
582 2728 903 2768 conformatione
918 2728 1129 2765 difficilius
1145 2729 1454 2773 dignoscuntur.
1475 2744 1486 2750 -

242 2806 674 2862 ἃθοςῐεηῆὶἰθ..
733 2813 938 2849 Aroideae
957 2813 1135 2848 maximo
1158 2823 1325 2849 numero
1346 2814 1390 2849 in
1411 2813 1648 2858 regionibus
1671 2814 1838 2858 tropicis
1854 2824 1927 2860 ge*

99 2873 314 2915 nerantur,
338 2869 382 2906 in
397 2870 614 2906 Americae
631 2870 945 2913 aequinoctialis
962 2870 1095 2913 sylvis
1110 2868 1354 2916 primaevis,
1377 2876 1575 2914 perpetua
1592 2880 1718 2907 aurae
1732 2872 1926 2909 humidae

98 2931 138 2962 et
160 2926 335 2963 calentis
357 2926 646 2963 vicissitudine
666 2926 945 2973 madentibus,
979 2931 1015 2962 et
1047 2927 1089 2962 in
1111 2927 1277 2971 regione
1300 2927 1453 2964 andina
1474 2931 1716 2975 temperata,
1746 2929 1927 2972 copiosis

99 2983 296 3020 imbribus
326 2983 484 3027 irrigua
513 2983 796 3026 copiosissime
825 2987 1062 3030 nascentes,
1094 2983 1138 3018 in
1159 2984 1289 3020 Asiae
1319 2984 1503 3021 fervidae
1530 2985 1762 3021 nemoribus
1786 2986 1924 3022 minus

100 3039 302 3082 frequenti
329 3049 495 3076 numero
525 3040 689 3086 obviae,
721 3041 793 3077 sed
814 3040 1037 3083 perfectius
1061 3042 1295 3077 elaboratae
1317 3040 1470 3078 formae
1492 3043 1635 3078 decore
1656 3044 1920 3087 excellentes,

97 3095 139 3131 in
154 3096 301 3132 Africa
316 3097 493 3144 tropica,
515 3097 558 3132 in
575 3100 769 3140 quantum
785 3098 1007 3140 conjectari
1021 3098 1138 3142 licet,
1170 3106 1290 3133 rarae
1305 3102 1414 3133 sunt.
1471 3099 1638 3134 Paucae
1653 3099 1714 3134 cis
1728 3107 1922 3136 cancrum

98 3152 340 3198 gignuntur,
371 3154 414 3188 in
436 3155 602 3197 Europa
623 3155 759 3189 media
782 3157 822 3189 et
840 3154 998 3190 boreali
1020 3153 1175 3198 (usque
1197 3156 1250 3190 ad
1266 3150 1344 3189 64⁰
1363 3156 1410 3192 L.
1427 3154 1500 3200 Β.)
1522 3164 1660 3201 rarae,
1690 3155 1732 3191 in
1756 3156 1921 3199 regione

97 3209 413 3256 mediterranea,
444 3210 645 3253 imprimis
667 3211 877 3257 orientali,
909 3214 947 3246 et
969 3210 1012 3245 in
1035 3210 1253 3247 Americae
1273 3211 1452 3247 borealis
1475 3212 1683 3255 depressis
1707 3213 1919 3256 paludosis

97 3265 350 3308 frequentius
371 3270 567 3310 repertae.
623 3267 815 3312 Exiguus
836 3270 898 3303 est
919 3267 1145 3310 specierum
1169 3270 1281 3304 trans
1304 3268 1586 3311 capricornum
1609 3271 1918 3306 observatarum

96 3331 301 3358 numerus,
333 3324 504 3370 Genera,
527 3327 645 3366 prout
659 3333 768 3359 nunc
783 3324 1185 3371 circumscribuntur,
1209 3324 1476 3368 paucissimis
1492 3325 1675 3368 exceptis
1692 3326 1931 3363 endemica..

96 3379 239 3414 Callae
262 3389 392 3423 genus
414 3379 458 3415 in
481 3381 716 3424 temperatis
739 3385 777 3416 et
802 3380 1104 3426 frigidiusculis
1124 3381 1435 3425 hemisphaerae
1450 3382 1629 3418 borealis
1643 3382 1915 3428 amphigeum.

95 3435 374 3478 Symplocarpi
396 3436 438 3470 in
453 3436 559 3472 Asia
575 3440 613 3472 et.
628 3438 823 3473 Amerina
840 3438 993 3474 boreali
1007 3441 1244 3474 nascuntur.
1299 3437 1544 3485 menarum,
1573 3447 1706 3483 genus
1721 3446 1914 3482 capense,

95 3501 293 3528 summam
328 3502 419 3529 cum
449 3492 604 3536 plantis
634 3494 876 3537 quibusdam
906 3494 1057 3531 indicis
1087 3493 1324 3531 affinitatem
1351 3497 1486 3530 habet.
1559 3495 1914 3540 cryptocoryneas·

1526 3559 1560 3612 9
