2147 3756
981 76 1060 126 97

841 154 1192 162 -—--—-——-

101 251 300 300 ioculari,
332 254 526 288 antherae
549 249 701 288 loculis
727 250 935 298 discretis,
967 250 1137 288 seminis
1161 250 1319 297 indole,
1351 249 1609 293 aliquantum
1640 252 1763 288 etiam
1793 253 1935 289 habitu

101 312 154 346 ad
171 310 408 355 Orchideas,
439 309 556 344 illinc
574 308 765 344 fortassis
784 309 834 344 ad
851 308 1057 351 xyrideas
1074 308 1332 343 accedentes,
1375 308 1442 343 Ab
1459 309 1817 355 Haemotloraceis,
1842 310 1935 351 qui-

101 370 178 403 bus
211 366 431 402 staminum
462 369 556 401 ante
580 365 778 409 perigonii
802 365 982 400 lacinias
1007 364 1221 400 interiores
1246 364 1329 399 situ
1354 365 1575 411 accedunt,
1615 365 1803 408 plurimis
1827 367 1935 403 notis

100 422 298 459 facillime
318 423 616 458 discernuntur.
675 423 763 457 Non
780 425 954 458 obscura
970 425 1032 458 est
1049 431 1140 457 cum
1157 421 1506 464 Hydrocharideis
1522 421 1797 458 necessitudo.

243 486 672 543 Geographia·
731 494 966 529 Nascuntur
994 493 1038 528 in
1068 493 1161 528 udis
1191 491 1414 536 pinguibus
1443 492 1710 538 graminosis,
1742 492 1784 527 in
1816 493 1933 528 saxis

97 550 267 594 irriguis
292 554 328 585 et
353 560 476 593 super
500 553 687 585 arborum
706 550 1027 592 putrescentium
1044 550 1224 594 radices,
1258 549 1299 584 in
1317 549 1551 593 regionibus
1568 549 1735 592 tropicis
1751 549 1880 585 Asiae
1897 554 1938 584 et

96 607 336 653 Americae,
368 617 442 642 nec
467 617 548 642 non
571 607 613 642 in
631 607 951 650 Madagascaria
972 611 1177 652 repertae,
1210 606 1253 641 in
1275 608 1387 642 Novo
1407 605 1666 654 continente,
1698 606 1768 641 ubi
1786 606 1934 642 Cancri

94 663 264 699 limitem
282 673 410 706 usque
427 665 478 700 att
496 659 575 699 35⁰
594 665 640 699 L.
659 665 704 699 B.
722 663 1003 709 egrediuntur,
1037 662 1292 706 frequentius
1308 662 1558 699 habitantes.

237 728 603 781 Qualitates
643 737 682 770 et
709 740 880 773 usus·
953 735 1091 769 Herba
1121 736 1365 782 subamara,
1412 733 1689 778 adstringens.
1762 735 1824 770 De
1853 743 1931 770 usu

94 791 198 828 nihil
222 795 397 828 constat.

658 912 830 957 ordo
860 910 1023 957 LXI.
1081 910 1365 958 Irideae.

234 1014 430 1062 Herbae
467 1013 726 1062 rhizomate
765 1014 992 1061 tuberoso
1030 1030 1074 1061 v.
1107 1013 1333 1072 bullmso,
1374 1014 1526 1061 rarius
1557 1013 1721 1062 radice
1755 1013 1930 1062 fibrosa

91 1095 434 1151 perennanteS‚
479 1086 719 1133 rarissime
761 1085 1174 1142 suffrutescentes,
1224 1085 1541 1148 glaberrimae
1580 1103 1623 1133 v.
1656 1086 1779 1149 pube
1820 1088 1932 1133 sim-
1991 1130 1993 1135 .

88 1157 221 1222 plici.
313 1159 457 1205 Folia
508 1157 554 1203 in
608 1157 849 1220 plerisque
897 1157 1053 1203 omnia
1098 1155 1352 1214 radicalia,
1408 1172 1598 1216 aversa,
1654 1159 1929 1221 equitantia,

90 1227 316 1287 disticha,
368 1228 643 1276 ensiformia
682 1244 728 1276 v.
771 1228 995 1286 linearia,
1049 1228 1271 1291 angulata
1317 1244 1541 1286 nervosa,
1599 1229 1927 1291 integerrima,

90 1299 274 1346 caulina
314 1299 518 1358 alterna,
566 1300 856 1362 vaginantia.
937 1301 1103 1347 Caedis
1140 1301 1266 1346 inter
1304 1297 1421 1346 folia
1463 1300 1710 1357 centralis,
1752 1301 1929 1347 articu-

87 1370 208 1417 latus
257 1385 301 1417 v.
352 1370 542 1429 enodis,
596 1370 831 1418 interdum
879 1372 1176 1434 scapiformis
1221 1387 1263 1418 v.
1313 1370 1576 1429 subnullus,
1632 1371 1831 1435 simplex
1883 1389 1926 1420 v.

87 1458 319 1489 ramosus.
398 1443 573 1490 Flore-5·
616 1443 845 1506 perfecti,
892 1443 1141 1505 regulares
1186 1459 1230 1489 v.
1271 1442 1586 1505 irregulares,
1634 1443 1925 1501 terminales,

85 1514 278 1577 spicati,
342 1513 614 1577 corymbosi
659 1530 705 1561 v.
756 1514 863 1560 laxe
917 1513 1197 1577 paniculati,
1261 1515 1413 1560 rarius
1467 1514 1689 1573 solitarii,
1752 1515 1928 1578 singuli

83 1582 295 1631 bracteis
337 1583 514 1632 duabus
555 1584 852 1648 spathaceis,
899 1586 1052 1631 rarius
1098 1584 1332 1648 pluribus,
1378 1585 1653 1649 plerumque
1701 1587 1927 1634 scariosis

86 1656 258 1714 cincti,
303 1656 470 1718 spatha
504 1656 737 1702 communi
770 1654 1000 1719 diphylla,
1052 1655 1364 1702 subfoliacea.
1439 1658 1753 1718 Perzgom'zlm
1787 1674 1927 1720 supe-

82 1743 209 1783 rum,
260 1727 566 1783 corollinum,
614 1725 1105 1772 tubuloso-sexfidum
1143 1744 1187 1776 v.
1225 1726 1799 1790 hexaphyllo-partitum,
1846 1745 1927 1775 re-

84 1798 249 1860 gulare
280 1815 322 1845 v.
357 1797 744 1855 subbssabiatum,
781 1797 969 1844 laciniis
1000 1797 1264 1855 biseriatis,
1299 1797 1572 1861 aequalibus
1603 1815 1646 1846 v.
1680 1800 1927 1847 interiori-

80 1868 168 1916 bus
201 1870 473 1932 saepissime
500 1868 784 1935 minoribus,
819 1867 1145 1927 dissimilibus,
1181 1868 1464 1934 quandoque
1490 1871 1647 1928 nanis,
1682 1872 1924 1920 rarissime

79 1940 364 2002 majoribus,
412 1940 1108 2005 plerumqueffiugacissimum,
1156 1958 1498 2004 nonnumquam
1546 1951 1653 2005 post
1691 1942 1924 1990 anthesim

81 2012 325 2075 spiraliter
357 2013 682 2070 convolutum,
715 2028 1034 2059 marcescens.
1108 2014 1333 2060 Stamina
1365 2017 1418 2069 3,
1454 2014 1682 2076 epigyna,
1716 2031 1758 2060 v.
1794 2016 1924 2077 peri-

82 2084 213 2146 gonii
244 2083 357 2129 tubo
391 2093 472 2130 aut
503 2083 776 2130 laciniarum
808 2083 908 2130 basi
943 2084 1147 2142 inserta,
1198 2084 1384 2131 laciniis
1418 2085 1739 2131 exterioribus
1773 2102 1924 2150 oppo-

81 2154 195 2200 sita:
230 2154 508 2218 filamentz's
539 2172 660 2202 nunc
694 2158 882 2202 omnino
917 2153 1179 2214 distinctis,
1230 2171 1352 2202 nunc
1385 2154 1488 2202 basi
1527 2173 1572 2203 v.
1597 2156 1737 2219 juxta
1775 2166 1922 2204 totam

78 2226 183 2272 fere
216 2225 562 2288 longitudinem
593 2227 640 2272 in
674 2226 832 2273 tubum
864 2228 1102 2285 connatis,
1151 2227 1372 2275 anthemis·
1402 2227 1643 2285 introrsis,
1690 2227 1923 2276 bilocula-

31 2320 43 2326 ·
78 2296 232 2355 ribus,
278 2297 489 2344 basifixis
528 2315 572 2345 v.
605 2297 761 2345 medio
803 2297 945 2344 dorso
985 2299 1178 2345 insertis
1219 2307 1267 2346 et
1296 2299 1628 2357 versatilibus,
1681 2299 1922 2363 oblongis,

79 2368 230 2415 ovatis
268 2384 312 2416 v.
352 2370 607 2432 sagittatis,
655 2368 1069 2432 longitudinaliter
1108 2369 1482 2418 dehiscentibus.
1564 2372 1766 2418 Germen
1799 2373 1922 2419 infe-

77 2455 205 2497 rum,
240 2448 321 2487 aut
351 2441 503 2487 rarius
534 2441 718 2487 vertice
750 2440 965 2488 breviter
996 2449 1191 2488 exserto
1224 2440 1676 2505 subsemisuperum,
1718 2444 1920 2507 triphyl-

77 2510 194 2568 lum,
227 2511 643 2575 carpophyllorum
675 2511 965 2575 marginibus
997 2513 1262 2559 introssexis
1293 2513 1588 2560 triloculare.
1646 2515 1919 2562 Gemmulae

77 2582 124 2627 in
171 2581 342 2628 loculis
387 2582 644 2645 plurimae,
701 2584 852 2630 rarius
899 2600 1104 2646 paucae,
1159 2584 1422 2631 loculorum
1468 2584 1642 2648 angulo
1698 2585 1918 2633 interiori

78 2651 404 2711 immediafim,
452 2670 497 2700 v.
529 2654 923 2718 trophospermiis
956 2670 982 2701 e
1017 2655 1233 2702 columna
1267 2655 1467 2703 centrali
1498 2657 1798 2719 prominulis,
1845 2659 1919 2704 in-

76 2732 229 2782 serta,
275 2724 687 2788 bi-pluriseriata,
736 2726 889 2772 rarius
933 2727 1218 2784 uniseriata,
1264 2726 1540 2790 plerumque
1582 2727 1915 2784 horizontalia,

77 2793 312 2842 interdum
356 2794 701 2843 adscendentia
746 2812 790 2843 v.
838 2795 1068 2860 pendula,
1131 2806 1378 2860 anatropa.
1421 2814 1424 2817 ·
1467 2799 1635 2860 Stylus
1686 2799 1911 2863 simplex3

75 2866 387 2929 stigmatibus
417 2872 474 2926 3,
522 2866 799 2915 staminibus
836 2869 1033 2915 alternis
1072 2884 1115 2916 v.
1157 2869 1411 2933 oppositis,
1465 2870 1742 2932 saepissime
1782 2879 1916 2934 peta-

76 2936 486 2986 loideo-dilatatis
532 2947 613 2986 aut
658 2939 950 2997 convolutis,
998 2940 1222 3003 integris,
1268 2937 1525 2987 bi-trifidis
1570 2957 1614 2988 v.
1654 2940 1911 2989 bilabiatiS.

82 3009 294 3072 Capsula
326 3011 516 3073 trigona
547 3027 590 3057 v.
624 3007 1063 3073 gibbos'o-triloba,
1104 3011 1418 3070 trilocularis,
1459 3011 1716 3059 loculicide
1750 3014 1912 3060 trival-

74 3081 168 3137 viS‚
226 3081 374 3128 valvis
428 3081 827 3140 membranaceis,
892 3083 1131 3130 coriaceis
1182 3100 1228 3130 v.
1275 3082 1511 3130 interdum
1567 3084 1909 3147 cartilagineis,

75 3149 232 3198 medio
266 3153 531 3216 septiferis,
577 3153 969 3217 trophospermiis
1000 3154 1390 3214 nerviformibus,
1437 3163 1676 3218 septorum
1709 3157 1909 3218 margini

75 3221 283 3280 adnatiS‚
328 3239 372 3270 v.
404 3224 452 3270 in
485 3223 747 3272 columnam
781 3225 1039 3273 centralem
1073 3242 1098 3272 a
1139 3224 1488 3290 dissepimentis
1527 3225 1750 3284 solutam,
1799 3242 1910 3291 per-

73 3294 316 3340 sistentem
350 3296 582 3342 connatis.
660 3297 858 3344 Semina
888 3296 1089 3360 plurima
1119 3306 1199 3344 aut
1221 3298 1371 3344 rarius
1394 3313 1569 3361 pauca,
1603 3296 1908 3360 subglobosa,

73 3365 319 3427 pressione
361 3374 521 3412 mutua
558 3367 781 3430 angulata
817 3370 861 3414 vg
894 3369 942 3414 in
981 3368 1073 3414 situ
1111 3367 1396 3415 horizontali
1436 3368 1710 3431 plerumque
1741 3368 1908 3433 plano-

75 3450 373 3499 compressa,
414 3437 676 3500 marginata
706 3454 749 3485 v.
783 3437 930 3498 alata,
969 3439 1295 3502 integumento
1327 3439 1714 3498 membranaceo,
1761 3456 1906 3504 saepe

1518 3523 1554 3576 7
