2147 3756
1057 133 1168 180 282

320 305 440 339 1934,
471 306 786 345 Leeanocarpus
807 300 922 338 Nee&
1190 292 1382 329 ricinos
1405 293 1475 329 111.
1511 293 1820 331 sALsoLEAE.

526 351 782 393 Acroglochin
801 351 962 387 Sclernd.
1215 350 1402 385 Stjlss'le.
1426 351 1458 386 1.
1490 350 2015 387 HALIIPIUCNEDIIDEAE.

527 400 883 458 Bli-tanthus'ltchb.
1258 417 1376 451 1943.
1409 417 1640 459 Traganum
1658 414 1808 451 Delile.

321 453 438 488 1935.
470 452 682 487 Hablitzia
698 449 903 511 ljeeberst.
1116 483 1119 509 3
1255 473 1378 508 1944.
1410 472 1574 507 Salsola
1593 470 1639 507 L·

634 515 656 541 '¹‘
1466 519 1683 563 Caroxylon
1704 520 1851 554 Tlumb.

315 580 438 615 1936.
471 578 769 622 Cryptocarpus
789 573 835 610 H
858 572 911 614 B.
931 573 1011 618 K„
1257 571 1379 605 1945.
1403 571 1722 607 Halimocnemis
1744 568 2016 618 (3.Λ..118]]ω·.

1259 628 1378 662 1946.
1410 627 1640 671 Halogeton
1658 625 1701 662 C.
1720 624 1767 662 A.
1785 625 1942 674 Meyer.

277 665 307 703 S
315 668 379 701 w
387 667 510 701 TRJB
519 666 580 702 US
601 667 669 702 1¹²
701 666 1067 702 ANREDEREAE.
1187 700 1491 738 semmam
1512 702 1553 736 11
1596 701 1911 738 ANABASEAE

321 733 442 767 1937.
472 732 685 767 Anredera
701 730 818 765 Juss.

322 790 441 824 1938.
471 788 809 831 Boussingaultia
827 786 883 824 Η.
903 786 953 824 Β.
972 785 1027 823 K.
1257 769 1377 860 ἐξὲξ·
1408 764 1828 860 ἔῗῐιξῗιξῗέιῖἒὶυῃῃὶεξῖἶὲε

321 993 443 1027 1939.
472 952 643 1028 dasena
662 989 782 1026 Limz.
837 953 845 961 ⁶
1384 939 1840 1023 ἓΜοιιιέΙῖἓίἷίεθΙὲἒΙινῇά.
1909 939 2006 973 effer·

529 1039 702 1090 Gandqla
718 1039 888 1084 Rumph.
1146 1059 1367 1101 Genera
1392 1056 1533 1099 Chen
1547 1072 1571 1099 o
1585 1059 1780 1113 podeis
1807 1057 1971 1098 affini
1985 1070 2021 1098 a*

249 1114 445 1151 TRIBUS
465 1115 518 1151 Π·
553 1114 894 1152 SUAEDINEAE·
1260 1135 1380 1170 1950.
1411 1133 1724 1178 Agriophyllum
1746 1132 1950 1168 Bieberst.

317 1182 439 1217 1940.
471 1182 725 1224 Schanginia
744 1180 787 1218 C.
806 1178 855 1219 A.
873 1180 1029 1230 Meyer.
1468 1181 1694 1223 Rhagrostis
1711 1182 1840 1216 Bacch.

320 1240 443 1274 1941.
474 1239 637 1274 Suaeda
655 1235 804 1274 Forslc.
1200 1227 1205 1247 ¹
1260 1234 1381 1269 1951.
1414 1232 1711 1275 Corispermum
1726 1229 1824 1269 Ant.
1841 1230 1960 1267 Juss.

528 1285 693 1337 Lei-chia
709 1287 814 1320 Hall.
1261 1291 1383 1325 1952.
1412 1290 1740 1334 Anthochlamys
1756 1286 1902 1323 Fenzl.

530 1335 880 1380 C'ochliospermum
897 1336 1064 1381 Lugasc.
1575 1345 1607 1372 ἃ

318 1387 441 1422 1942.
473 1384 697 1423 Schoberia
718 1385 760 1423 C.
779 1385 827 1422 A.
845 1385 954 1433 May.
1262 1389 1382 1423 1953.
1413 1387 1658 1431 Dysphania
1677 1384 1727 1422 R.
1745 1385 1820 1422 Br.

343 1477 668 1523 Affinitas.
727 1485 1020 1529 Clienopodeae
1038 1486 1354 1523 Amarantaceis
1372 1486 1603 1522 arctissime
1619 1486 1763 1523 affines
1775 1514 1784 1532 ‚
1817 1494 1894 1529 quo
1909 1489 2026 1529 pacto

204 1544 254 1577 ab
285 1540 429 1577 iisdem
462 1541 785 1586 distinguantur,
831 1542 1060 1585 praemissa
1089 1543 1252 1578 illorum
1284 1543 1554 1585 descriptione
1584 1552 1679 1578 mox
1709 1543 1854 1578 dicam.
1919 1545 2028 1578 Inter

203 1598 576 1641 Caryopliyllineas
593 1598 890 1640 Paronychieis
908 1603 946 1634 et
963 1599 1288 1635 Scleranthaceis
1305 1599 1533 1646 proximae,
1559 1602 1609 1635 ab
1626 1600 1691 1636 his
1707 1598 1900 1643 germinis
1916 1608 2026 1643 gem-

203 1657 316 1690 mula
347 1657 582 1690 constanter
611 1654 817 1700 solitaria,
850 1655 963 1691 foliis
993 1658 1230 1699 plerumque
1260 1656 1431 1691 alternis
1454 1659 1493 1691 et
1516 1656 1761 1692 staminibus
1785 1655 2028 1698 saepissime

205 1713 462 1755 receptaculo
495 1711 662 1746 insertis
693 1711 858 1754 aegrius
889 1711 1211 1758 distinguuntur,
1244 1715 1294 1748 ab
1326 1712 1414 1747 illis
1445 1712 1688 1755 stipularum
1715 1710 1873 1748 defectu
1895 1711 2027 1747 mani—

206 1767 352 1803 festius
375 1768 574 1802 differunt.
632 1767 673 1802 A
695 1767 1033 1810 Phytolaccaceis
1063 1768 1283 1804 staminum
1313 1778 1478 1804 numero
1503 1773 1541 1804 et.
1563 1771 1778 1804 eorundem
1803 1772 1897 1804 ante
1919 1768 2028 1811 peri-

205 1824 316 1867 gonii
347 1821 487 1858 foliola
517 1823 620 1870 situ,
651 1833 727 1859 nec
758 1834 839 1859 non
869 1825 1049 1868 germine
1078 1825 1198 1860 unico
1227 1824 1338 1861 floris
1369 1828 1549 1861 centrum
1579 1829 1800 1869 occupante
1831 1824 2028 1861 facillime

207 1879 512 1925 dignoscuntur.

349 1943 777 1999 Geographia.
838 1951 1127 1994 Chenopodeae
1156 1951 1294 1996 pelagi
1325 1954 1363 1988 et
1383 1954 1549 1987 lacuum
1572 1954 1777 1987 salsorum
1799 1951 1957 1997 littora,
1990 1955 2028 1986 et

206 2006 367 2042 deserta
389 2006 484 2041 olim
509 2006 632 2042 undis
654 2007 826 2043 marin1s
850 2011 956 2043 tecta
979 2011 1018 2043 et
1041 2011 1165 2044 multo
1191 2011 1280 2044 sale
1305 2008 1451 2052 gravia
1480 2008 1818 2054 praediligentes,
1857 2007 1900 2042 in
1924 2006 2029 2044 Asia

204 2062 365 2098 rossica
396 2066 435 2098 et
464 2062 627 2105 regione
649 2063 945 2100 mediterranea
968 2065 1145 2100 maximo
1168 2074 1332 2100 numero
1356 2064 1556 2100 habitant.
1614 2064 1736 2100 Aliae
1759 2067 1933 2100 humano
1958 2065 2028 2100 de-

205 2121 409 2171 lectantur
430 2119 649 2164 consortio,
679 2119 723 2154 in
746 2122 833 2154 solo
857 2121 1100 2156 substantiis
1123 2120 1275 2165 variis,
1309 2120 1507 2164 imprimis
1525 2121 1891 2156 ammoniacalibus
1909 2129 2028 2163 prae-

206 2178 357 2218 gnante
387 2177 524 2210 sedem
555 2175 741 2221 figentes,
772 2178 977 2212 hortorum
1008 2181 1046 2212 et
1075 2177 1187 2212 vitae
1217 2177 1462 2212 domesticae
1493 2178 1799 2222 rejectamenta,
1832 2177 2028 2219 tritasque

201 2233 324 2274 juxta
353 2231 561 2272 domicilia
583 2231 750 2266 semitas
772 2235 847 2267 sub
873 2236 1092 2276 temperato
1115 2235 1225 2268 coelo
1249 2242 1399 2276 magna
1420 2233 1724 2268 individuorum
1747 2233 1865 2276 copia
1887 2237 1926 2269 et
1947 2242 2028 2268 non

205 2287 354 2331 exiguo
385 2288 633 2334 specierum,
672 2287 944 2324 inconstantis
975 2289 1126 2325 formae
1154 2291 1250 2325 lusu
1279 2288 1548 2334 variantium,
1580 2298 1745 2325 numero
1775 2292 1923 2325 tenent.
1982 2290 2027 2324 In
2074 2307 2077 2309 >

206 2343 440 2387 regionibus
471 2344 637 2386 tropicis
667 2344 710 2380 in
740 2344 976 2380 universum
1009 2353 1145 2391 rarae,
1179 2348 1216 2392 et
1239 2345 1438 2381 stationes
1464 2345 1656 2381 elatiores
1679 2349 1883 2392 petentes,
1916 2344 2028 2381 affini

206 2401 597 2436 Amarantacearum
621 2400 731 2444 genti
754 2403 886 2436 locum
909 2402 1068 2436 cedunt.
1126 2402 1260 2436 Minor
1283 2401 1325 2436 in
1348 2402 1585 2437 universum
1610 2405 1669 2438 est
1694 2405 1806 2437 trans
1824 2402 2028 2444 capricor-

205 2465 302 2491 num
325 2466 539 2503 numerus,
571 2458 685 2492 Nova
701 2458 922 2492 Hollandia
944 2457 1142 2500 plurimas
1168 2459 1321 2504 adhuc,
1354 2459 1565 2501 quasdamx
1575 2458 1697 2494 etiam
1721 2461 1925 2495 structura
1941 2457 2028 2494 sin-

206 2514 394 2559 gulares,
427 2513 513 2548 alit.
572 2513 777 2556 Quaedam
793 2515 912 2557 longe
929 2524 1019 2549 cum
1036 2513 1266 2549 hominibus
1283 2513 1470 2557 migrant.

349 2576 709 2629 &ualitates
735 2586 771 2619 et
793 2589 963 2622 usus.
1009 2584 1320 2630 chenopodeae,
1352 2584 1389 2619 si
1405 2584 1528 2619 vilem
1544 2584 1689 2621 faciem
1708 2584 2027 2630 consideramuS,

206 2639 386 2675 rusticae
414 2639 520 2675 inter
542 2639 651 2675 orbis
676 2640 876 2683 terraquei
901 2643 1064 2683 plantas
1087 2640 1195 2683 plebi
1217 2641 1516 2686 accensendae,
1552 2642 1589 2676 si
1612 2640 1847 2684 qualitatem
1872 2639 2027 2676 variam

205 2700 244 2731 et
266 2695 532 2739 multiplicem
558 2696 770 2731 utilitatem
794 2697 1057 2742 respicimus,
1089 2697 1198 2732 haud
1221 2697 1407 2732 ultimum
1428 2699 1565 2733 locuni
1586 2701 1743 2743 tenere,
1776 2701 1813 2732 et
1831 2699 2028 2742 superbos

205 2752 328 2787 etiam
352 2753 495 2787 decora
518 2752 623 2788 facie
647 2755 879 2795 plantarum
902 2754 1065 2789 ordines
1082 2753 1316 2796 dignatione
1331 2753 1516 2800 vincere,
1550 2757 1862 2797 cognoscuntur.
1923 2751 2027 2787 Nam

204 2809 471 2850 plurimarum
500 2812 648 2856 herba,
679 2819 796 2844 muco
828 2813 864 2845 et
888 2811 1047 2845 salibus
1073 2809 1201 2855 foeta,
1233 2809 1340 2845 inter
1363 2812 1475 2845 olera
1495 2812 1685 2855 habetur,
1718 2808 1941 2844 facillimae
1965 2809 2028 2843 di-

205 2864 406 2908 gestionis
437 2868 473 2900 et
497 2865 652 2901 modice
675 2865 950 2901 nutrientibus
973 2865 1194 2902 esculentis
1217 2867 1543 2913 adnumeranda,
1575 2869 1624 2901 ob
1648 2865 1837 2901 virtutem
1859 2864 2028 2908 refrige-

205 2924 360 2957 rantem
390 2923 429 2956 et
450 2922 596 2957 leniter
618 2923 843 2957 solventem
866 2923 988 2958 etiam
1010 2922 1053 2958 in
1076 2921 1324 2958 medicorum
1345 2930 1495 2964 penum
1519 2925 1701 2967 recepta,
1734 2922 1826 2957 dum
1852 2921 2027 2956 aliarum

204 2980 342 3019 partes
365 2981 543 3013 aromate
566 2977 726 3012 volatili
751 2986 920 3024 graves,
954 2980 1001 3013 ob
1026 2978 1111 3012 vim
1134 2985 1345 3021 magnam,
1376 2985 1456 3019 qua
1472 2987 1618 3013 nervos
1636 2978 1837 3024 excitant,
1869 2977 2026 3013 auxilio

205 3035 336 3079 sunt,
353 3033 482 3078 aliae,
515 3033 724 3068 rarissimo
742 3033 879 3076 utique
896 3033 938 3068 in
954 3033 1254 3077 vegetabilibus
1272 3036 1476 3080 exemplo,
1509 3034 1753 3070 ammoniam
1772 3043 1913 3077 puram
1930 3043 2026 3069 con-

205 3089 316 3124 tinuo
349 3091 557 3134 halantes,
590 3091 795 3125 salutares
819 3091 1047 3125 creduntur.
1105 3089 1333 3136 Plurimae,
1366 3088 1563 3132 imprimis
1587 3090 1810 3136 litterales,
1843 3094 2027 3132 receptas

206 3154 228 3180 e
250 3147 336 3180 solo
358 3145 519 3182 salibus
537 3144 640 3181 foeto
656 3145 912 3181 substantias
934 3155 1131 3188 processu
1148 3145 1339 3189 organico
1355 3149 1531 3193 mutant,
1563 3151 1598 3183 et
1618 3150 1852 3183 combustae
1867 3149 2027 3182 nattum

205 3200 466 3237 carbonicum
494 3204 700 3245 praebent.
758 3203 1053 3238 Nonnullarum
1085 3202 1244 3238 radices
1267 3205 1503 3246 tuberosae,
1534 3211 1723 3247 magnam
1747 3204 1934 3240 sacchari
1958 3212 2026 3237 co-

207 3255 314 3298 piam
343 3261 620 3305 concelantes,
652 3258 695 3294 in
725 3257 894 3294 cibariis
927 3261 1043 3304 sunt,
1082 3259 1335 3300 quarundam
1359 3258 1537 3305 semina,
1570 3260 1777 3296 albumine
1809 3262 2025 3303 amylaceo

204 3313 362 3357 largius
385 3314 562 3360 munita,
594 3315 637 3350 in
661 3323 864 3351 annonam
888 3318 1195 3361 convertuntur,
1227 3314 1402 3350 aliarum
1426 3316 1597 3352 emetica
1619 3319 1658 3352 et
1682 3316 1900 3360 purganda
1915 3319 2026 3361 sunt,

206 3367 404 3411 imprimis
420 3370 462 3405 in
480 3371 702 3407 enecandis
718 3371 1001 3406 intestinorum
1017 3370 1223 3407 vermibus
1240 3373 1533 3407 commendata.

341 3427 452 3461 Inter
472 3426 764 3470 chenopodeas
786 3429 994 3463 oleraceas
1012 3425 1215 3472 Spae'nacia
1239 3425 1480 3473 [Issanacli,
1512 3428 1727 3473 Binetscli,
1759 3427 2024 3471 Olusthispa-

204 3478 361 3524 nicum)
385 3482 676 3527 vulgatissima
699 3488 780 3533 est,
811 3485 937 3520 herba
959 3484 1166 3520 veteribus
1191 3483 1397 3531 ignorata,
1430 3487 1481 3520 ab
1496 3485 1705 3522 Arabibus
1722 3486 1764 3521 in
1783 3483 2024 3529 Hispaniam
