2147 3756
921 101 1033 151 641

211 281 414 319 Gnnnera
438 282 594 318 scabra
623 284 729 320 Ruiz
753 289 789 321 et
812 287 914 322 Pav.
946 293 1070 321 succo
1092 291 1280 328 muCOSO,
1313 281 1498 327 limpido,
1531 282 1581 317 ad
1606 282 1713 318 aeris
1740 286 1890 319 tactum

67 340 325 386 nigrescente
350 345 491 377 scatet.
552 343 685 377 Herba
709 342 898 378 remediis
921 339 1278 385 refrigerantibus,
1311 339 1429 372 radix
1451 339 1798 379 adsit-ingentibus
1818 341 1892 375 ad-

68 403 322 443 numeratur,
354 399 552 434 adversus
570 399 805 434 diarrlioeas
822 402 858 434 et
876 397 1208 441 liaeniorrliagias
1226 393 1468 430 adhibenda.
1514 396 1594 429 Nec
1613 404 1637 429 a
1652 395 1894 431 cerdonibus

67 457 102 488 et
123 454 363 489 tinctor-ibus
380 455 597 497 spernitur.
648 455 825 490 Petiolos
842 464 1037 490 carnosos
1056 453 1281 489 comedunt.
1330 447 1559 484 Gunnerae
1575 449 1894 496 macroplqsllae

66 510 199 545 Blum.
224 508 598 560 (Sogmoueluwi),
630 511 673 547 in
698 512 838 548 insula
859 513 966 548 Java
989 509 1235 557 crescentis,
1267 507 1424 544 fructus
1446 507 1552 542 inter
1574 507 1798 544 medicinas
1817 507 1894 545 sti-

66 569 272 603 mulantes
289 572 490 604 censetur.

210 673 570 730 *Trapeaffi
653 676 827 715 Herbae
872 674 1125 725 lacustres,
1170 677 1406 714 natantes.
1486 671 1607 711 Folia
1649 670 1897 712 submersa

70 732 306 785 opposita,
351 734 684 786 pinnatisecta‚
730 732 1073 781 radiciformia,
1121 731 1365 784 superiora
1396 727 1596 779 alterna,
1638 741 1817 770 emersa
1847 729 1895 767 in

68 789 272 829 rosulam
308 789 542 841 conferta,
581 790 832 844 petiolata,
871 788 1115 837 rhombea,
1148 787 1334 839 petiolis
1368 800 1451 839 per
1481 783 1711 827 anthesim
1742 784 1893 825 medio

68 847 372 896 ventricosis,
405 849 544 886 caris.
603 849 795 895 stipulae
819 846 989 885 nullae.
1049 846 1200 882 Flores
1225 843 1468 893 axillares,
1500 842 1725 892 solitarii,
1753 841 1896 882 breve

66 903 383 956 pedunculati.
460 906 602 952 θωμι-
643 902 757 942 tubo
791 915 891 943 cum
925 902 1150 954 germinis
1180 900 1279 940 basi
1311 906 1537 950 connato,
1581 899 1722 939 limbo
1760 898 1897 939 semi-

66 971 259 1012 supero,
309 958 681 1012 quadripartito,
727 960 1041 999 aestivatione
1088 958 1293 1006 valvato,
1345 956 1466 996 lobis
1512 955 1897 1010 spinescentibus.

70 1017 267 1053 Cot-ollae
290 1015 447 1067 petala
472 1021 692 1068 quatuor,
725 1015 808 1055 sub
835 1015 963 1055 disco
998 1013 1218 1054 annulari
1252 1026 1472 1065 carnoso,
1505 1013 1725 1066 germinis
1757 1011 1896 1053 verti·

66 1083 165 1111 cem
198 1078 432 1112 exsertum
473 1073 710 1126 cingente,
756 1071 1207 1123 undulato-plicato
1248 1069 1444 1119 inserta,
1491 1070 1680 1122 ealycis
1706 1068 1893 1110 laciniis

65 1128 273 1178 alterna,
311 1129 624 1168 aestivatione
658 1129 923 1179 imbricata,
960 1128 1246 1181 marginibus
1278 1126 1735 1180 plicato-undulata,
1775 1125 1896 1166 deci-

65 1184 171 1225 dua.
232 1187 430 1224 Semm'mt
461 1191 688 1239 quatuor,
723 1198 822 1226 cum
859 1186 1025 1238 petalis
1057 1186 1257 1234 inserta,
1296 1183 1461 1223 iisdem
1497 1183 1682 1223 alterna
1714 1188 1762 1224 et
1792 1183 1895 1224 bre-

61 1242 216 1292 viora3
253 1242 486 1291 filamenta
527 1241 1025 1290 filiformi-subulata,
1071 1243 1283 1278 antherae
1329 1240 1561 1279 introrsae
1597 1239 1923 1290 biloculares„

63 1298 216 1338 medio
240 1298 378 1340 dorso
404 1300 627 1349 insertae,
660 1299 1067 1353 longitudinaliter
1090 1295 1390 1336 dehiscentes,
1454 1297 1634 1334 Germen
1666 1295 1893 1337 semiinfe-

65 1367 186 1405 rum,
216 1355 495 1397 biloculare.-
551 1359 794 1395 Gemmnlae
819 1357 861 1395 in
889 1355 1056 1395 loculis
1080 1353 1342 1403 solitariae,
1375 1351 1706 1405 dissepimento
1731 1354 1892 1407 paullo

64 1410 189 1452 infra
234 1414 412 1464 apicem
459 1425 711 1466 appensae,
767 1418 1038 1465 anati-opae.
1121 1411 1267 1460 Scyllas
1314 1409 1623 1462 cylindricus,
1675 1410 1893 1463 simplex3

62 1474 218 1519 stigma
251 1468 950 1523 depresso-hemisphaericum,
981 1469 1212 1509 obtusum.
1271 1468 1458 1506 Fructus
1491 1466 1781 1520 turbinatus,
1813 1480 1896 1507 nu-

65 1531 411 1572 camentaceus‚
444 1527 1009 1578 coriaceo-subcorneus,
1043 1525 1219 1578 calycis
1252 1524 1392 1564 limbo
1428 1531 1569 1564 acuto
1596 1525 1893 1577 spinescente

65 1581 497 1636 lii-quadricornis,
540 1585 670 1637 apice
703 1588 888 1624 exserto
922 1583 1051 1623 disco
1085 1581 1304 1622 indurato
1341 1581 1557 1630 restitus,
1592 1581 1763 1621 vertice
1794 1593 1894 1621 um-

64 1639 305 1689 bilicatus,
346 1640 514 1679 abortu
549 1640 882 1691 nummularis,
922 1651 1294 1691 monospermus.
1356 1638 1500 1675 Semen
1530 1638 1788 1689 inversum,
1825 1638 1894 1677 in-

62 1702 332 1750 tegumento
367 1697 742 1747 membranaceo,
786 1697 980 1747 aduam,
1016 1697 1063 1736 in
1097 1700 1231 1748 parte
1266 1695 1508 1747 superiore
1540 1695 1795 1748 spongioso
1827 1694 1894 1734 in·

63 1758 291 1794 crassato.
365 1755 619 1804 Embryom's
649 1754 1008 1804 exalbuminosi,
1056 1750 1323 1804 orthotropi
1357 1753 1625 1800 cotyledones
1660 1750 1791 1791 valde
1827 1751 1895 1790 in-

63 1810 309 1863 aequales,
342 1810 494 1851 altera
513 1812 730 1862 maxima,
763 1811 1072 1861 crassissima,
1103 1808 1333 1859 farinosa,
1360 1808 1509 1848 altera
1526 1807 1728 1858 minima,
1756 1820 1893 1862 squa-

63 1865 403 1919 mulaeformis,
437 1868 594 1921 paullo
616 1868 1076 1917 demissiusinserta,
1108 1865 1788 1915 radiculalevissimeincurva,
1820 1878 1893 1905 su-

62 1935 195 1977 pera,
227 1924 310 1964 sub
335 1925 675 1978 germinatione
700 1924 881 1966 fructus
906 1926 1133 1965 verticem
1159 1921 1427 1978 perforans,
1460 1921 1667 1976 plumula
1683 1922 1893 1963 minutis-

60 1981 200 2035 sima,
232 1981 357 2023 intra
374 1982 704 2036 cotyledonem
721 1983 950 2023 minorem
966 1982 1131 2022 latens.

710 2088 924 2122 GENUs
972 2093 1240 2122 UNlcuM.

626 2158 750 2196 6140.
782 2159 919 2199 Trana
935 2153 1058 2192 Lz‘nn.

842 2205 1091 2241 Tribuloides
1115 2202 1308 2250 Tournef.

200 2292 601 2340 Observatio.
661 2302 821 2345 Trapae
851 2309 1001 2346 genus,
1035 2299 1141 2336 inter
1165 2299 1438 2335 Oenothereas
1462 2300 1500 2334 et
1525 2298 1781 2342 Halorageas
1807 2297 1892 2332 fere

59 2354 256 2404 medium,
289 2358 459 2394 seminis
492 2359 816 2404 exalbuminosi,
846 2357 1016 2394 maximi
1048 2356 1358 2399 cotyledonibus
1382 2355 1671 2397 inaequalibus
1697 2354 1762 2390 sui
1783 2354 1891 2397 juris

61 2418 143 2460 est,
177 2414 371 2457 germinis
401 2416 645 2451 bilocularis
676 2416 892 2460 gemmulis
925 2406 1123 2451 solitariis
1154 2413 1346 2456 pendulis
1377 2413 1429 2447 ad
1452 2413 1728 2457 Halorageas,
1761 2411 1890 2458 disco,

58 2471 209 2513 petalis
241 2471 568 2514 staminibusque
600 2473 650 2508 ad
676 2473 949 2507 Oenotliereas
981 2471 1202 2516 accedens,
1236 2469 1370 2504 fructu
1400 2472 1720 2504 ‘nucamentaceo
1746 2477 1892 2503 mono—

59 2535 238 2571 spermo,
271 2528 552 2570 calycislobis
568 2529 898 2572 spinescentibus
915 2531 1122 2572 coronato,
1157 2526 1355 2561 facillime
1372 2524 1716 2568 distinguendum.
1776 2525 1890 2560 Pau-

59 2591 134 2618 cae
151 2584 333 2630 species,
365 2593 535 2626 quarum
554 2595 637 2622 una
653 2588 827 2621 lacubus
843 2586 1032 2627 Europae
1048 2582 1207 2619 mediae
1223 2586 1261 2619 et
1278 2581 1476 2618 australis
1491 2578 1686 2628 innatat,
1705 2581 1890 2624 reliquae

59 2638 102 2675 in
118 2640 235 2676 India
252 2640 441 2676 orientali
457 2646 495 2677 et
515 2643 646 2678 Cbina
662 2642 860 2678 habitant.

200 2697 366 2732 Semina
399 2693 677 2744 dulciuscula,
709 2698 867 2734 modice
889 2695 1208 2742 adstringentia‚
1242 2697 1368 2731 cruda
1393 2698 1586 2737 coctaque
1609 2695 1886 2741 comeduntur,

64 2750 212 2798 Trapa
236 2757 396 2788 natans
419 2755 540 2790 Linn.
565 2750 787 2803 (τρίβολος
802 2750 993 2805 ἔνυδρος,
1019 2748 1297 2801 βουκέφαλος,
1323 2745 1609 2803 ταυρόκερως,
1641 2753 1736 2786 Nux
1759 2759 1889 2794 aqua-

58 2810 160 2855 tica,
194 2811 386 2846 Tribulus
403 2811 619 2854 aquaticus
636 2810 772 2853 offic.)
797 2815 959 2846 nostras
976 2819 1002 2846 a
1016 2811 1222 2845 veteribus
1240 2809 1430 2844 remediis
1446 2802 1794 2852 adst‘ringentibus
1812 2808 1888 2844 ad-

57 2871 307 2903 numeratur.
365 2869 561 2913 Fructus,
594 2878 711 2912 quem
734 2869 916 2903 Thraces
938 2867 1059 2910 panis
1083 2869 1171 2901 loco
1195 2865 1434 2901 adhibuisse
1457 2867 1640 2910 constat,
1669 2863 1888 2901 hodiedum

55 2925 202 2959 alendo
233 2924 404 2960 idoneus
437 2925 664 2971 colligitur,
698 2925 926 2961 castaneae
957 2923 1174 2966 aquaticae
1205 2922 1368 2957 nomine
1393 2931 1484 2958 cum
1514 2929 1678 2957 annona
1706 2921 1886 2968 venalis,

56 2979 240 3016 difficilis
257 2981 512 3025 digestionis.
571 2982 661 3018 Indi
677 2990 777 3017 suas
793 2981 956 3024 species
972 2983 1102 3016 alunt.
1160 2976 1308 3024 Trapa
1324 2977 1540 3024 bis-pinam
1554 2979 1683 3014 Roxb.
1700 2976 1744 3013 in
1760 2977 1888 3015 vallis

56 3035 354 3074 Cashmiranae
375 3040 550 3075 lacubus
572 3039 730 3075 colitur.
787 3040 938 3083 Ingens
960 3046 1111 3074 nucum
1138 3033 1395 3083 (Siaglmra)
1406 3058 1421 3082 ,
1454 3034 1602 3080 quibus
1615 3033 1804 3079 paradisi
1819 3033 1886 3073 in-

56 3094 173 3130 colae
188 3094 397 3145 victitant,
428 3095 591 3133 messis.

394 3227 396 3230 ’
451 3230 623 3277 ordo
654 3230 969 3280 comm.
1041 3227 1488 3293 Lythrarieae.

197 3330 416 3389 Her-bae,
435 3330 655 3395 frutices
684 3343 764 3381 aut
795 3334 1017 3382 arbores.
1086 3333 1228 3380 Folia
1260 3333 1476 3396 opposita
1506 3346 1550 3377 v.
1584 3328 1880 3388 verticillata‚

58 3401 210 3448 rarius
241 3403 287 3448 in
320 3401 486 3451 eadem
517 3405 665 3469 stirpe
702 3406 834 3455 simul
875 3406 1082 3462 alterna,
1130 3403 1380 3467 simplicia,
1428 3399 1760 3466 penninerv‘ia',
1810 3401 1883 3447 in-

58 3479 218 3536 tegra,
266 3475 538 3539 saepissime
578 3476 908 3539 integerrima,
955 3474 1183 3540 petiolata
1221 3491 1262 3523 v.
1301 3473 1508 3530 sessilia,
1555 3487 1881 3537 nonnunquam

1461 3556 1526 3609 41
