2147 3756
1103 138 1219 189 658

985 215 1130 222 ---x
1160 219 1176 223 0
1194 220 1205 221 Π
1221 216 1334 222 ...—...

1713 282 1729 300 ἱ

391 306 714 355 Affinitas.
778 310 971 349 Proxima
1008 314 1379 358 Calyeantliearum
1416 321 1507 348 cum
1536 313 1648 349 Rosa
1685 311 1866 351 affinitas
1894 313 2068 363 videtur,

252 371 439 408 remotior
461 381 550 408 cum
568 370 851 407 Monimiaceis
873 369 1108 407 similitudo.
1169 371 1362 406 caudicis
1379 373 1584 405 structura
1600 370 1844 416 singularis,
1875 380 2069 409 vasorum

249 432 534 473 punctatorum
551 428 728 473 fabrica,
755 427 884 461 facies
901 425 1153 469 aliquomodo
1170 427 1392 470 peculia-ris
1410 430 1447 461 et
1464 427 1642 469 qualitas
1660 428 1882 463 aromatica
1899 429 2070 464 ulterius

254 493 426 521 examen
449 485 674 530 requirunt,
707 484 853 525 quibus
878 482 952 517 rite
974 484 1188 531 expensis,
1219 484 1305 519 alia
1329 483 1516 519 fortassis
1541 483 1693 519 ordinis
1718 484 1974 520 necessitudo
1993 485 2069 521 erit

252 543 482 578 statuenda.
540 540 779 583 Diagnosim
805 547 831 574 a
853 540 1050 576 Rosaceis
1081 539 1181 576 folia
1210 539 1416 586 opposita,
1449 541 1573 583 calyx
1602 539 1860 586 imbricatus,
1893 541 2072 577 stamina

253 599 457 634 exteriora
479 597 639 634 sterilia
664 600 699 631 et
719 597 913 631 antherae
928 600 1137 633 extrorsae
1153 599 1365 643 praebent,
1399 595 1635 631 discrimina
1653 596 1753 631 tanti
1770 590 1979 642 ponderis,
2010 600 2069 644 ut,

253 655 376 691 etiam
399 655 441 690 in
465 662 619 690 summo
643 652 791 695 reliqui
813 652 923 688 floris
947 658 1164 700 concentu,
1197 655 1245 689 de
1263 661 1360 689 vera
1377 652 1576 688 affinitate
1591 653 1731 688 merito
1749 653 1840 695 quis
1856 653 2072 700 dubitaret,

253 711 336 747 nisi
353 712 610 754 cotyledones
628 708 749 744 etiam
766 708 808 743 in
825 707 1310 756 Cliaenomele,‘1egitimo
1327 711 1618 745 Pomacearum
1633 718 1800 757 genere,
1817 711 2072 758 convolutae,

253 768 434 811 aliquam
449 776 541 802 cum
555 760 619 802 his
637 774 794 808 quoque
808 767 1153 803 necessitudinem
1168 767 1353 802 indicare
1367 766 1615 802 viderentur.

367 890 369 893 Α
397 834 827 901 Geographia.
888 850 1134 894 Calycanthi
1157 860 1315 894 paucae
1337 850 1499 894 species
1514 851 1557 886 in
1573 848 1767 887 America
1780 849 1937 887 boreali
1952 849 2072 888 habi-

256 911 362 946 tant.-
412 908 700 945 Cliimonanthi
715 916 845 951 genus
860 911 1122 951 monotypum
1137 908 1180 943 in
1196 909 1372 951 Japonia
1386 908 1624 952 indigenum
1639 910 1714 944 est.

395 985 760 1040 unalitates
797 993 836 1028 et
870 997 1039 1031 usus,
1115 992 1418 1035 Calycantheae
1455 993 1505 1028 ad
1537 994 1703 1036 plantas
1733 990 1978 1028 aromaticas
2007 1001 2073 1028 re-

255 1049 451 1086 feruntur.
523 1045 783 1095 Calyccmtlei
805 1043 964 1095 floridi
990 1049 1110 1085 Linn.
1151 1049 1298 1092 (vulgo
1336 1049 1529 1085 carolina
1566 1047 1800 1093 Auspice),
1839 1048 2000 1084 fruticis
2030 1048 2074 1085 in

253 1106 456 1143 umbrosis
473 1105 688 1142 carolinae
705 1105 804 1148 ripis
822 1105 1062 1152 crescentis,
1091 1110 1229 1140 cortex
1245 1105 1511 1151 aromaticus,
1540 1104 1792 1140 Cinnamomi
1810 1104 2075 1153 fragrantiam

256 1168 291 1199 et
311 1164 509 1200 fervorem
527 1155 775 1209 aemulatur,
796 1162 892 1197 etin
910 1161 1085 1198 officinis
1103 1161 1428 1198 transatlanticis
1446 1161 1550 1196 inter
1566 1161 1742 1197 remedia
1760 1160 2074 1197 tonico-stimu-

254 1220 388 1256 lantia
409 1222 609 1256 servatur.
667 1219 848 1264 Lignum
868 1219 1000 1254 trunci
1025 1221 1061 1253 et
1079 1217 1231 1254 radicis
1245 1219 1514 1261 camphoram
1530 1218 1695 1253 redolet.
1758 1214 2073 1263 Clez'mommthz’,

253 1276 297 1312 in
315 1275 711 1324 Japoniaindigeni,
738 1275 856 1313 flores
872 1274 1214 1323 fragrantissimi,
1241 1278 1379 1311 cortex
1395 1273 1573 1318 foliaque
1587 1273 1886 1324 inodora‘sdnt,
1916 1273 2077 1318 saporis

251 1333 494 1370 mordaciter
508 1332 632 1369 acris.

670 1480 840 1526 ordo
872 1479 1239 1527 CCLXXIV.
1303 1480 1660 1527 Rosaceae.

379 1583 616 1641 ,Herbaffi
647 1581 866 1645 frutices
904 1600 946 1630 v.
989 1584 1211 1630 arbore&
1284 1584 1428 1631 Folia
1465 1583 1669 1640 alterna,
1717 1581 1921 1640 sessilia,
1970 1573 2074 1629 sae-

256 1656 446 1721 pissime
478 1656 702 1719 pinnatim
735 1652 815 1701 aut
847 1654 1074 1716 digitatim
1109 1654 1396 1717 composita,
1440 1653 1801 1700 rarius'fol'iolis
1834 1652 2074 1700 confluen-

253 1728 404 1785 tibus,
459 1743 503 1774 ν.
551 1725 822 1773 lateralibus
870 1725 1213 1772 abortientibus
1258 1726 1511 1788 simplicia,
1566 1733 1764 1771 serrata.
1823 1724 2075 1788 ‚Stz'pulae

253 1799 431 1864 petiolo
464 1798 650 1844 inferne
682 1796 907 1854 adnatae,
957 1797 1228 1859 saepissime
1261 1796 1513 1843 foliaceae.
1590 1797 1762 1843 Flores
1792 1795 1994 1858 perfecti
2025 1811 2071 1842 v.

255 1870 425 1917 abortu
470 1868 759 1931 imperfecti,
805 1862 1077 1930 regulares,
1124 1867 1252 1914 varie
1294 1866 1532 1930 dispositi,
1579 1867 1856 1931 saepissime
1896 1865 2074 1930 cymosi

253 1958 299 1989 v.
334 1940 626 2004 corymbosi,
675 1938 792 1998 albi,
839 1938 967 1986 rubri
999 1956 1044 1985 v.
1080 1938 1203 1984 ssavi.
1284 1932 1439 2000 Calisoe
1470 1937 1614 1996 liber,
1664 1934 1775 1984 taho
1810 1952 1929 1984 nunc
1967 1935 2076 1983 bre·-

255 2012 444 2059 vissimo
478 2010 753 2074 explanato,
800 2025 921 2056 nunc
954 2004 1059 2073 plus
1087 2010 1236 2055 minus
1276 2004 1523 2071 elongato,
1571 2008 1698 2056 limbi
1739 2007 2078 2071 quadri-quin-

258 2081 454 2146 quelidi,
492 2082 643 2129 rarius
673 2079 1026 2127 tri-novemlidi
1059 2080 1243 2126 laciniis
1274 2081 1586 2127 aestivationc
1618 2079 1813 2128 valvatis
1843 2095 1884 2126 v.
1918 2077 2079 2124 imbri-

260 2155 404 2210 catis,
437 2150 670 2199 interdum
702 2151 959 2198 bracteolis
992 2149 1202 2208 adnatis,
1237 2166 1340 2196 cum
1371 2151 1499 2196 limbi
1532 2150 1713 2196 laciniis
1738 2146 2078 2196 alternantibus

257 2233 438 2272 auctus.
531 2223 758 2269 Corollae
803 2222 960 2285 petala
1006 2221 1183 2285 calycis
1227 2221 1339 2266 tubo
1387 2218 1588 2277 inserta,
1639 2218 1849 2282 ejusdcm
1894 2218 2079 2266 laciniis

256 2311 451 2342 numero
497 2292 713 2357 aequalia
760 2301 808 2339 et
846 2293 1048 2348 alterna,
1096 2291 1421 2353 unguiculata‚
1466 2291 1776 2338 aestivatione
1816 2285 2078 2347 imbricata,

257 2364 492 2413 interdum
540 2363 686 2417 nulla.)
754 2364 976 2410 Stamina
1023 2377 1124 2408 cum
1172 2362 1340 2425 petalis
1386 2361 1587 2420 inserta,
1634 2358 1905 2424 saepissime
1946 2358 2079 2413 inde-

258 2438 427 2494 finita,
450 2435 600 2482 rarius
631 2434 816 2481 laciniis
849 2433 1078 2497 calycinis
1110 2448 1304 2479 numero
1337 2433 1551 2496 aequalia
1582 2440 1630 2479 et
1660 2428 1902 2496 opposita,
1935 2430 2079 2478 raris-

258 2508 374 2555 sime
406 2507 647 2570 pauciora.
711 2506 984 2552 Filamenta
1016 2503 1273 2561 filiformia,
1307 2503 1473 2551 libera.
1532 2498 1792 2551 Λήθων-αθ
1823 2503 2076 2560 introrsae,

258 2578 569 2634 biloculares,
630 2575 1038 2639 longitudinaliter
1097 2573 1415 2621 dehiscentes.
1523 2575 1746 2622 Germz'na
1801 2573 2076 2637 saepissime

259 2650 481 2713 plurima,
537 2646 714 2710 calycis
760 2644 905 2693 fundo
949 2645 1267 2693 verticillatim
1312 2662 1355 2693 v.
1396 2643 1607 2707 ejusdem
1652 2644 1764 2691 tubo
1810 2643 2077 2691 inordinate

261 2721 466 2775 inserta,
516 2718 756 2764 rarissime
788 2716 1068 2764 subdefinita
1097 2733 1140 2765 v.
1173 2716 1407 2773 solitaria,
1456 2715 1687 2779 gemmula
1718 2715 1879 2773 unica,
1926 2715 2077 2761 rarius

253 2788 720 2854 ,gemmulisvduabus
757 2805 801 2836 v.
833 2787 1059 2851 plurimis.
1139 2787 1410 2847 Gemmulae
1440 2779 1671 2849 pendulae
1702 2802 1749 2833 v.
1784 2781 2080 2833 adscenden-

260 2869 355 2919 tes,
402 2869 676 2923 anatropae.
749 2860 884 2921 Stylz·
923 2859 969 2905 in
1007 2857 1201 2919 singulis
1241 2858 1530 2921 germinibus
1568 2856 1761 2920 singuli,
1808 2855 2078 2903 terminales

261 2940 342 2980 aut
386 2932 488 2995 plus
532 2933 681 2977 minus
725 2929 970 2986 laterales,
1018 2929 1260 2975 filiformes
1303 2945 1349 2976 v.
1391 2928 1615 2985 subulafi,
1662 2922 1923 2990 simplices,
1969 2942 2079 2990 per-

262 3004 486 3063 sistentes
517 3017 601 3049 seu
633 2999 846 3059 decidui3
894 2999 1202 3061 stigmatibus
1233 2998 1517 3062 simplicibus
1556 3006 1636 3045 aut
1674 2996 1904 3045 interdum
1940 2996 2079 3060 ,peni-

262 3073 450 3121 cillatis.
538 3074 745 3121 Fructus
782 3087 843 3118 ex
881 3070 1092 3117 acheniis
1129 3063 1362 3132 plurimis,
1410 3068 1772 3133 monospermis‚
1818 3068 1960 3120 siccis
1999 3075 2079 3114 aut

261 3144 502 3192 rarissime
546 3142 780 3200 baccatis,
842 3141 1018 3206 calycis
1063 3140 1175 3187 tubo
1223 3140 1412 3186 inclusis
1459 3157 1500 3187 v.
1547 3138 1849 3203 receptaculo
1897 3132 2078 3186 demum

263 3230 409 3278 saepe
455 3222 593 3261 aucto
638 3213 890 3276 impositis,
938 3212 1247 3275 compositus,
1297 3211 1448 3257 rarius
1493 3211 1691 3258 achenio
1736 3210 1902 3267 unico,
1955 3209 2079 3254 intra

266 3285 445 3348 calycis
482 3283 641 3331 tubum
681 3283 943 3331 induratum
981 3290 1228 3340 contento,
1275 3297 1323 3330 v.
1359 3297 1385 3328 e
1418 3281 1621 3345 capsulis
1650 3279 1860 3343 pluribus
1891 3278 2080 3326 sollicu-

224 3355 463 3414 ‘laribus,
523 3353 1033 3418 mono-polyspermis‚
1093 3361 1254 3400 sutura
1305 3352 1504 3400 ventrali
1557 3349 1911 3399 dehiscentibus
1965 3364 2079 3396 con-

266 3434 410 3473 stans.
485 3426 681 3474 Semina
712 3433 873 3472 erecta
902 3441 946 3472 v.
978 3422 1204 3488 pendula,
1250 3424 1571 3486 integumento
1603 3421 1963 3470 membranaceo
1995 3433 2078 3466 seu

268 3497 509 3546 cori-accc.
596 3495 806 3560 Embryo
867 3494 1264 3556 exalbuminosus‚
1327 3494 1655 3558 orthotropuS,
1714 3489 2115 3554 cotyledonz‘bus¹
