2147 3756
209 298 351 357 gonio
401 297 658 357 exteriore)
713 297 873 342 liorem
927 297 1263 358 amplectente,
1324 310 1368 341 v.
1416 292 2017 357 complicato-convoluta,

208 368 307 414 basi
352 368 622 415 ventricosa
670 367 829 412 florem
876 365 1147 412 includente
1193 365 1370 410 muniti.
1445 367 1753 427 Pere'gom'nm
1801 365 2018 410 urceola-

207 446 324 495 tum,
373 439 640 484 tenuissime
672 436 1118 492 membranaceum,
1150 435 1290 480 limbo
1323 443 1609 492 truncatum,
1659 451 1851 496 germen
1884 442 2017 480 arcto

209 508 493 555 obvestiens.
573 510 771 554 Germen
813 506 1032 561 liberum,
1081 505 1264 551 ovatum
1296 522 1339 552 v.
1374 504 1731 566 subglobosum,
1781 520 2022 565 compres-

209 579 482 634 siusculum,
531 577 845 632 uniloculare‚
895 575 1125 637 gemmula
1163 576 1321 631 unica,
1369 576 1414 621 in
1455 575 1590 636 apice
1630 575 1771 621 loculi
1802 573 2018 636 pendula,

209 650 585 711 campylotropa,
633 646 891 709 micropyle
932 661 1119 708 supera.
1194 647 1359 707 Stylus
1388 645 1669 701 terminalis,
1718 644 2020 690 brevissimus

207 735 250 764 v.
285 720 462 776 nullus3
511 720 742 778 sagmata
775 721 827 773 2,
870 715 1369 778 elongato-filiformia
1400 732 1444 761 v-.
1481 714 1717 770 subulata,
1759 713 2021 776 pubescen-

209 790 288 834 tia.
382 790 643 850 Caryopsis
697 786 993 843 bilocularis,
1055 786 1271 843 bivalvis,
1334 784 1657 840 indehiscens,
1718 800 1762 830 v.
1819 785 2026 830 aehenz'a

209 857 778 921 glanduloso-resinosa,
829 856 1032 902 bracteis
1078 855 1262 904 tandem
1316 855 1715 911 increscentibus,
1777 854 2020 900 Strobilum

208 929 611 976 membranaceum
658 927 967 973 formantibus
1015 927 1209 974 inclusa.
1301 928 1470 975 Semen
1525 927 1782 982 inversum,
1837 925 2023 985 integu-

209 1008 364 1045 mento
399 998 638 1045 exteriore
672 999 828 1053 tenui,
863 996 1024 1053 viridi,
1058 998 1288 1044 interiore
1324 996 1522 1053 tumido,
1561 996 1656 1043 hilo
1688 996 1838 1041 fusco.
1916 996 2024 1041 Em-

178 1071 408 1130 ‘bryotel's
460 1068 824 1125 exalbuminosi,
885 1067 1094 1113 uncinati
1140 1084 1184 1113 v.
1231 1068 1471 1129 spiraliter
1516 1066 1753 1112 convoluti
1800 1066 2024 1112 radicula

210 1138 529 1197 adscendens,
565 1154 757 1203 supera,
792 1138 1127 1200 cotyledomcm
1160 1137 1301 1184 dorso
1333 1137 1623 1184 incumbens.

974 1258 1258 1295 GENERA.

771 1343 788 1376 1
799 1344 819 1376 8
829 1342 893 1376 90.
926 1341 1132 1376 Cannabis
1156 1338 1358 1389 Tournef.

771 1399 892 1434 1891.
924 1399 1126 1432 Hutnulus
1144 1394 1266 1432 Lina.
1296 1418 1297 1426 ,

952 1444 1126 1496 Lupulus
1148 1443 1338 1488 Tournef.

346 1531 671 1577 Affinitas.
705 1538 1008 1584 Cannabineae,
1026 1540 1181 1572 duobus
1199 1537 1416 1581 generibus
1435 1537 1675 1579 totidemque
1693 1536 1908 1579 speciebus
1921 1545 2030 1572 com-

212 1599 456 1641 prehensae,
490 1599 540 1631 ab
564 1595 812 1640 Urticaceis,
846 1595 1088 1636 quibuscum
1113 1603 1138 1629 a
1162 1594 1369 1637 plerisque
1388 1595 1637 1639 junguntur,
1670 1593 1773 1629 facie
1798 1596 1836 1628 et
1852 1592 2032 1636 qualita-

212 1654 319 1689 tibus
345 1653 552 1698 diversae,
585 1655 634 1687 ab
660 1652 803 1686 iisdem
828 1651 983 1691 semine
1005 1660 1206 1693 suspenso
1224 1654 1262 1685 et
1279 1653 1494 1693 embryone
1511 1650 1820 1686 exalbuminoso
1838 1649 2030 1685 uncinata

209 1719 248 1745 v.
274 1709 482 1752 spiraliter
505 1710 720 1744 convoluto
744 1708 952 1755 differunt,
983 1709 1210 1752 gemmulae
1236 1711 1273 1742 et
1296 1706 1455 1744 fructus
1477 1711 1625 1743 natura
1649 1706 1842 1743 Celtideis
1864 1706 2032 1750 propius

211 1767 463 1802 accedentes.

354 1828 783 1885 Geographia·
858 1834 1066 1870 Cannabis
1104 1837 1142 1870 et
1179 1835 1402 1881 Humulus,
1448 1835 1614 1877 plantae
1650 1842 1758 1869 nune
1793 1841 1866 1876 per
1901 1830 2034 1868 he‘mi—

212 1895 410 1935 sphaerae
443 1892 618 1928 borealis
650 1892 835 1935 regiones
866 1895 1108 1934 temperatas
1141 1891 1396 1937 ampliigeae,
1428 1890 1584 1933 passim
1616 1892 1752 1925 cultae
1783 1893 1820 1925 et
1843 1889 2034 1924 efferatae

212 1953 422 1994 crescunt,
454 1949 547 1984 olim
573 1959 593 1984 e
616 1948 835 1991 longinquo
851 1950 1061 1983 advectae.
1121 1948 1328 1983 Cannabis
1346 1947 1386 1981 in
1405 1947 1533 1982 Asiae
1548 1947 1705 1982 mediae
1723 1950 1759 1982 et
1777 1945 2036 1982 australioris

212 2006 416 2043 montibus
433 2010 575 2048 sponte
592 2013 670 2040 sua
685 2005 882 2040 nascitur.
940 2005 1142 2040 Humulus
1158 2005 1201 2039 in
1218 2004 1424 2048 depressis
1439 2005 1626 2047 Europae
1643 2001 2034 2039 austro-orientalis

218 2062 312 2098 etin
327 2062 433 2098 Asia
451 2062 698 2096 contermina
715 2061 931 2105 indigenas
949 2064 1024 2097 est.

359 2126 719 2178 &ualitates
758 2135 796 2167 et
826 2137 994 2170 usus.
1062 2132 1220 2167 Genera
1246 2130 1378 2175 prima
1409 2129 1515 2166 facie
1546 2129 1649 2166 satis
1680 2130 1865 2176 diversa,
1911 2127 2036 2164 fibrae

217 2189 433 2225 tenacitate
457 2193 491 2223 et
517 2189 632 2224 succi
657 2188 785 2224 amari
807 2188 1006 2223 narcotici
1031 2187 1166 2223 indole
1191 2188 1450 2223 conveniunt.
1511 2187 1750 2222 Substantia
1773 2194 1913 2221 amara
1930 2183 2038 2227 (hu-

215 2246 382 2289 pulina)
400 2246 441 2280 in
462 2246 624 2280 Humuli
642 2245 807 2280 floribus
824 2247 899 2280 sub
918 2244 1077 2280 farinae
1092 2245 1303 2279 resinosae
1319 2244 1457 2286 specie
1474 2247 1651 2287 secreta,
1685 2242 1918 2278 Cererisiae
1936 2250 2036 2284 qua-

218 2303 372 2338 litatem
396 2302 566 2345 largitur
583 2300 930 2347 subnarcoticam,
963 2310 1066 2343 quae
1083 2299 1204 2335 etiam
1220 2301 1540 2342 circumspectae
1558 2303 1727 2334 naturae
1744 2298 1929 2346 populis,
1960 2299 2034 2334 sub

219 2358 426 2403 frigidiore
455 2362 493 2393 et
521 2358 661 2393 vinum
691 2360 914 2400 denegante
947 2359 1057 2392 coelo
1087 2357 1385 2402 habitantibus,
1418 2355 1749 2398 acceptissimum
1780 2355 1907 2389 reddit
1938 2356 2039 2390 sub-

220 2417 337 2451 dolae
362 2414 509 2449 indolis
536 2418 692 2460 potum,
727 2415 818 2449 dum
844 2414 1048 2449 hominum
1071 2422 1199 2456 genus
1226 2413 1446 2457 fervidum,
1479 2411 1753 2447 immoderatis
1777 2410 1938 2446 deliciis
1961 2412 2036 2446 sub

220 2475 433 2508 aestuante
468 2470 598 2506 Asiae
636 2471 770 2506 sidere
807 2471 978 2506 fractum
1015 2473 1052 2505 et
1081 2469 1295 2505 validioris
1326 2468 1481 2505 stimuli
1511 2468 1713 2513 indigum,
1753 2467 1878 2509 opiati
1901 2466 2039 2510 specie

223 2538 244 2564 e
269 2527 474 2563 Cannabis
499 2537 618 2562 succo
640 2527 919 2562 vehementius
943 2527 1150 2562 narcotico
1174 2529 1338 2571 parata,
1370 2525 1591 2560 emollitum
1615 2524 1820 2559 exhilarat
1843 2523 2036 2569 animum,

221 2584 509 2627 impotentibus
547 2583 760 2619 desideriis
798 2584 972 2630 tristem,
1017 2585 1185 2619 stultam
1222 2582 1422 2618 laetitiam
1453 2585 1643 2625 provocat
1673 2585 1710 2616 et
1739 2579 2040 2624 jucundissima

221 2640 465 2678 somniorum
482 2640 670 2676 conciliat
689 2643 987 2683 phantasmata.

366 2696 594 2732 Fructifera
613 2697 774 2732 Humuli
798 2701 980 2741 amenta,
1012 2705 1034 2730 e
1055 2695 1231 2732 bracteis
1255 2694 1510 2738 plurifariam
1534 2693 1575 2729 in
1593 2693 1752 2730 strobili
1769 2692 1945 2737 speciem
1962 2691 2039 2728 im-

225 2753 396 2789 bricatis
422 2752 592 2789 formata
614 2751 740 2795 (Coni
767 2763 804 2790 v.
822 2753 980 2788 strobili
1004 2763 1036 2788 s.
1056 2753 1211 2788 fructus
1230 2753 1394 2788 Humuli
1410 2762 1448 2787 v.
1466 2752 1615 2793 Lupuli
1631 2749 1789 2796 Offic.),
1821 2757 2046 2792 conspersa¹

229 2813 321 2846 sunt
346 2809 481 2844 farina
503 2810 707 2855 resinosa,
741 2809 862 2845 facile
880 2809 1030 2855 deflua,
1063 2812 1341 2854 graveolente,
1375 2808 1532 2849 saporis
1550 2805 1953 2851 aromatico-amari,
1987 2814 2040 2840 ex

230 2869 316 2902 oleo
335 2869 520 2901 aethereo
535 2867 634 2910 acri,
660 2867 798 2902 resina
814 2867 1129 2909 subaromatica,
1155 2875 1261 2909 cera,
1279 2865 1446 2900 materie
1464 2864 1740 2906 adstringente
1757 2865 1791 2897 et
1810 2862 2042 2897 substantia

229 2922 456 2959 extractiva
472 2924 682 2959 admodum
701 2931 841 2958 amara
857 2921 1110 2965 (Lupum-a]
1129 2922 1363 2966 composita,
1394 2920 1551 2955 viribus
1568 2919 1874 2954 stimulantibus
1892 2922 1927 2953 et
1946 2926 2042 2953 nar—

231 2979 372 3015 coticis
389 2979 596 3022 praedita,
629 2979 776 3021 quibus
792 2986 924 3020 aequa
942 2978 1068 3013 dosia
1083 2978 1236 3012 medico
1251 2976 1534 3012 administrata
1551 2986 1588 3011 v.
1605 2976 1807 3010 moderate
1825 2984 1914 3009 cum
1931 2984 2043 3010 cere-

230 3035 339 3071 visia
378 3037 527 3071 hausta
564 3035 827 3079 digestionem
865 3035 1052 3080 adjuvat,
1098 3043 1309 3068 nervorum
1339 3033 1463 3068 vitam
1491 3034 1602 3074 juste
1632 3032 1804 3066 intendit
1832 3034 1869 3066 et
1901 3030 2044 3066 urinae

233 3092 384 3128 fluxum
409 3091 582 3134 expedit.
640 3091 816 3133 Largius
837 3090 997 3134 ingesta
1018 3090 1208 3126 vehiculo
1225 3093 1340 3132 potus
1357 3097 1523 3124 amoeno
1539 3087 1824 3124 amaritudinis
1841 3091 2042 3130 tempera-

234 3152 367 3185 mento
389 3147 584 3194 captiosi,
615 3149 811 3182 malorum
840 3146 1107 3191 farraginem,
1140 3153 1245 3187 quae
1272 3155 1324 3181 ex
1354 3148 1481 3181 abusu
1512 3144 1809 3180 narcoticorum
1839 3145 2044 3186 pullulare

235 3207 356 3250 solet,
388 3204 512 3240 facile
535 3206 738 3247 provocat.
774 3203 828 3237 Ἐ
852 3203 1082 3238 recentibus
1097 3201 1280 3237 strobilis
1297 3203 1436 3238 Oleum
1454 3200 1599 3243 [Huile
1616 3203 1663 3236 de
1680 3199 1891 3243 Houblon]
1908 3199 2046 3242 expri-

233 3261 356 3297 mitur
384 3261 533 3305 viride,
572 3268 703 3302 aquae
732 3258 943 3302 innatans,
975 3260 1186 3294 admodum
1217 3267 1320 3293 acre.
1393 3258 1590 3293 Turiones
1621 3256 1771 3300 Lupuli
1800 3256 1904 3291 inter
1934 3258 2046 3291 olera

235 3317 440 3361 vernalia,
463 3316 582 3352 radix
599 3316 702 3350 inter
717 3315 1022 3358 Sassaparillae
1037 3316 1294 3351 succedanea
1310 3316 1541 3349 laudantur.
1584 3311 1795 3347 Cannabis
1812 3310 1980 3346 sativae
1995 3313 2042 3347 L.

237 3368 370 3421 (Sana
386 3374 554 3409 Sanskr.
571 3366 918 3418 κάνναβις-,Ἤιιᾱθ
936 3371 1171 3407 theotiscum
1192 3370 1331 3406 Hanaf
1345 3374 1379 3405 et
1398 3375 1574 3405 nostrum
1593 3367 1740 3416 Hans),
1766 3377 1790 3404 a
1806 3367 2045 3404 Massilien-

237 3429 352 3464 sibus
375 3429 470 3464 olim
497 3439 547 3464 ex
569 3429 729 3465 Oriente
751 3430 966 3473 advectae,
999 3430 1046 3463 ob
1070 3427 1324 3463 notissimum
1348 3427 1471 3462 fibrae
1493 3427 1648 3462 tenacis
1672 3435 1788 3461 usum
1812 3423 1942 3460 vastis
1972 3431 2044 3466 per

233 3488 433 3529 Europam
456 3489 492 3522 et
512 3485 656 3520 Asiam
681 3487 882 3521 borealem
898 3484 1009 3528 agris
1026 3487 1160 3529 satae,
1195 3483 1323 3519 rarior
1340 3487 1400 3518 est
1416 3482 1455 3517 in
1474 3483 1591 3518 India
1606 3482 1850 3519 australiore
1866 3482 2040 3526 cultura,
