2147 3756
1072 96 1192 148 44ss

960 172 1022 178 ,ὁ
1033 172 1304 181 --——--—-----—.

227 272 434 317 pluuntur.
489 269 555 307 Ex
572 267 677 306 albis
692 267 902 313 nigrisque
920 268 1147 312 promiscue
1162 270 1295 305 oleum
1311 266 1462 313 pingue
1477 268 1716 313 exprlmttur
1727 297 1737 315 ‚
1763 271 1882 313 cujus
1899 279 2040 308 recens

226 340 250 367 c
273 330 384 372 prelo
406 325 613 364 manantis
631 325 715 363 vim
736 324 996 361 somniferam
1013 329 1051 363 et
1066 327 1326 362 temulentam
1339 326 1428 369 ipse
1443 330 1634 369 expertus
1650 336 1752 364 sum.
1811 329 2042 364 Remanen-

227 386 328 424 tium
349 386 631 428 placentarum
653 381 792 425 gravis
809 381 900 423 opii
916 382 1023 417 odor.
1080 382 1218 418 Etiam
1232 384 1430 424 capsulae
1445 386 1540 419 ante
1554 383 1828 420 maturitatem
1845 386 2041 421 collectae

227 444 268 478 et
288 441 331 479 in
355 442 442 478 sole
463 439 644 476 siccatae
668 437 758 473 sine
774 436 999 472 seminibus
1019 434 1200 483 (Capita
1214 435 1470 483 Papaveris)
1489 439 1532 475 in
1548 439 1723 476 officinis
1736 443 1971 489 servantur,
2001 443 2041 477 et

225 497 507 544 praeparando
525 493 698 533 remedio
711 491 882 529 lenienti
897 490 1080 538 (Syrupo
1094 493 1284 531 Diacodii
1298 504 1333 532 s.
1348 494 1551 542 Meconii]
1565 495 1809 534 inserviunt.

363 590 603 640 Papaveris
620 586 834 624 Rhoeade's
851 585 1143 642 (παπαροῦνα
1159 594 1198 627 et
1212 585 1398 640 πετηνὸς
1412 590 1596 640 Neogr.]‚
1621 584 1787 637 plantae
1800 592 1906 631 inter
1920 602 2040 639 sege·-

223 655 284 689 tes
300 651 486 694 vulgaris
499 677 508 695 ‚
533 650 670 692 petala
685 647 864 682 recentia
880 647 1331 684 coccineo-rubicunda
1346 650 1465 684 odore
1479 650 1684 684 narcotico
1700 651 1896 698 gaudent,
1926 650 2040 686 sicca

226 705 396 753 (Flores
408 701 620 739 Rhoeadz's
631 713 664 738 s.
674 700 911 748 Papaveris
927 702 1127 747 erratici)
1145 704 1188 739 in
1204 707 1377 740 colorem
1393 705 1553 741 sordide
1568 705 1796 741 violaceum
1812 709 2040 753 transeunt,

223 774 368 808 sapore
385 768 709 797 amaro-mucoso
724 759 941 806 instructa:
970 759 1160 796 virtutem
1177 760 1395 799 lenientem
1409 770 1525 799 muco
1539 761 1739 806 imprimis
1755 763 1920 812 debent,
1943 762 2041 807 par-

223 822 332 861 tibus
348 827 450 864 quas
466 819 615 854 habent
632 815 729 852 aliis
743 825 925 854 marcore
941 817 1294 854 evanescentibus,
1790 818 1795 823 ’

362 917 744 959 Papaveracearum
760 923 910 960 genera
925 914 1103 963 reliqua,
1134 923 1241 959 quae
1253 917 1462 960 lympham
1478 917 1700 953 coloratam
1715 917 1889 964 vehunt,
1917 925 2039 960 prae-

222 979 284 1012 ter
311 972 565 1011 substantias
594 972 827 1008 narcoticas
857 972 979 1008 etiam
1009 980 1126 1008 acres
1156 973 1376 1010 continent.
1437 970 1722 1009 Chelidonium
1745 971 1889 1017 metgias
1916 973 2042 1012 Lim}-

222 1028 532 1075 [Schtillkraut]
555 1031 698 1071 planta
714 1029 823 1071 apud
839 1038 913 1065 nos
929 1038 982 1065 ex
995 1029 1298 1072 vulgatissimis
1315 1033 1395 1077 est,
1427 1035 1550 1066 succo
1567 1038 1708 1066 croceo
1719 1057 1729 1077 ‚
1760 1030 1848 1066 acri
1864 1030 2041 1073 turgida.

220 1088 460 1128 Extractum
482 1093 534 1120 ex
556 1094 680 1121 succo
704 1088 742 1120 et
763 1084 945 1122 infusum
968 1085 1121 1122 radicis
1144 1086 1250 1122 inter
1269 1085 1495 1122 medicinas
1518 1087 1746 1123 excitantes
1763 1095 1878 1122 acres
1894 1096 2039 1122 nume-

220 1147 376 1181 rantur.
434 1143 621 1185 Lympha
644 1140 728 1176 cuti
745 1142 942 1185 applicita
958 1141 1238 1187 rubefaciens‚
1269 1142 1468 1185 principio
1483 1142 1642 1178 volatili
1659 1142 1765 1188 acri,
1804 1142 2042 1179 substantia

220 1199 451 1237 alcaloidea
475 1195 814 1244 (Chelidonium),
843 1198 1154 1234 subalcaloidea
1176 1195 1470 1243 (Byrrlcopz’ncc
1492 1208 1525 1235 s.
1546 1196 1921 1246 Chelerythrina),
1948 1207 2040 1235 ma-

220 1257 320 1293 terie
342 1256 691 1292 flavo-colorante
710 1250 1144 1298 (Cleeffdoxantln’na)
1164 1258 1202 1290 et
1224 1254 1341 1290 acido
1362 1255 1428 1291 sui
1449 1255 1631 1303 generis,
1661 1265 1753 1291 cum
1769 1257 1884 1290 calce
1897 1258 2039 1302 nupto,

219 1313 328 1349 foeta
351 1315 425 1349 est.
482 1311 594 1347 Usus
617 1311 817 1346 adversus
837 1319 1033 1347 verrucas
1057 1314 1095 1346 et
1110 1313 1297 1347 maculas
1313 1320 1484 1347 corneae
1501 1311 1814 1354 antiquissimus
1832 1314 1913 1358 est,
1943 1313 2043 1348 lane

220 1371 309 1406 dem
338 1369 381 1404 in
405 1368 531 1405 ictero
553 1365 681 1404 colori
702 1367 832 1403 debet.
904 1364 1122 1402 Boceom·a
1133 1366 1385 1417 frutescens
1407 1368 1530 1405 Linn.
1552 1367 1786 1405 Mexicanis
1807 1366 2039 1405 Chelidonii

215 1428 306 1463 1000
322 1428 396 1463 est·

362 1518 588 1558 Glauciam
611 1516 768 1555 luteum
790 1520 908 1564 Scop.
925 1513 1091 1569 (μήκων
1113 1514 1342 1570 κερατίτις,
1370 1521 1561 1564 Papaver
1575 1520 1869 1558 corniculalum
1884 1519 2039 1570 offic),

219 1579 330 1618 acidi
359 1577 550 1616 fumarici
577 1586 658 1612 non
688 1576 878 1622 exiguam
908 1578 1129 1620 portionem
1159 1578 1364 1624 retinens,
1393 1577 1508 1614 succi
1529 1579 1663 1614 colore
1685 1587 1778 1616 cum
1799 1578 2037 1616 chelidonio

220 1636 428 1683 convenit3
458 1634 594 1671 minus
610 1636 745 1670 tamen
762 1641 878 1682 acre,
907 1634 981 1671 sed
996 1635 1116 1670 odore
1130 1633 1381 1678 papaverino
1397 1642 1525 1679 grave
1540 1636 1618 1671 est.

359 1729 592 1780 Argemone
615 1729 843 1766 πιθήσαντα
864 1730 985 1768 Linn.
1010 1740 1063 1767 ex
1083 1732 1279 1768 America
1300 1741 1372 1776 per
1393 1731 1580 1776 regiones
1597 1730 1775 1776 tropicas
1790 1731 1913 1768 totius
1928 1731 2035 1768 orbis

218 1795 444 1837 propagata
467 1793 542 1826 est.
601 1788 761 1824 Herbae
784 1784 1104 1834 (Carduiflavi
1124 1789 1234 1826 offic.
1258 1788 1362 1832 am.)
1385 1798 1489 1825 usus
1513 1792 1706 1825 externus
1730 1789 1836 1824 inter
1857 1789 2036 1825 remedia

218 1847 488 1893 emollientia‚
519 1845 703 1881 internus
734 1844 841 1882 inter
869 1844 1159 1888 diaphoretica.
1216 1846 1451 1882 Petalorum
1479 1845 1612 1882 virtu's
1639 1845 1813 1882 leniens.
1871 1845 2040 1882 Semina

218 1905 352 1952 acria,
384 1907 423 1939 et
447 1905 579 1938 oleum
603 1909 655 1936 ex
675 1900 900 1937 seminibus
925 1911 1132 1948 pressum,
1164 1902 1335 1938 emetica
1351 1905 1389 1937 et
1403 1901 1634 1945 purgantia.
1690 1903 1876 1945 Lympha
1891 1911 2036 1938 recens

217 1972 243 2000 a
257 1959 506 1998 Brasilianis
525 1954 688 2001 (Cardo
713 1959 837 1992 santo
860 1957 902 1992 hi
926 1960 1111 2000 plantam
1131 1957 1365 2001 nominant]
1384 1958 1598 1994 alexiteria
1621 1958 1798 1994 creditur
1849 1959 1899 1993 ab
1915 1959 2036 1993 Indo-

216 2028 306 2056 rum
328 2016 497 2054 medicis
519 2014 562 2050 in
585 2013 848 2056 ophthalmiis
869 2014 1096 2050 adhibetur.
1153 2015 1329 2050 Succum
1343 2014 1387 2050 in
1402 2017 1496 2050 ae're
1511 1989 1840 2057 inspissatum‘ffn
1858 2015 2035 2056 hydrope

216 2075 401 2112 laudant.
461 2069 754 2117 Sangue‘nara‘a
771 2068 1022 2105 canadensz‘s
1038 2070 1159 2107 Linn.
1186 2068 1423 2115 (Paccoon)
1448 2071 1578 2113 major
1599 2071 1706 2113 apud
1722 2070 2034 2106 Boreali-ame-

215 2132 379 2168 ricanos
396 2128 505 2165 fama
521 2130 595 2163 est.
650 2126 789 2162 Radix
806 2123 1069 2170 (Tm-merie)
1090 2126 1172 2162 fere
1188 2126 1373 2172 inodora,
1399 2126 1560 2170 saporis
1577 2126 1707 2174 acris,
1732 2127 1908 2172 urentis,
1935 2129 2033 2162 sub-

218 2186 370 2234 amari,
401 2180 621 2221 masticata
642 2182 819 2218 salivam
842 2184 976 2218 colore
1002 2184 1121 2218 rubro
1145 2182 1328 2230 tingens,
1357 2181 1552 2227 Digitalis
1567 2182 1757 2218 virtutem
1775 2184 1980 2236 aemulare
1995 2186 2032 2218 et

216 2241 450 2283 substantia
477 2238 709 2276 alcaloidea
736 2237 822 2275 acri
854 2235 1214 2285 (Sanguinam‘na)
1250 2239 1358 2275 foeta
1387 2238 1575 2274 creditur.
1633 2238 1798 2274 Semina
1825 2238 2036 2274 narcotica

217 2299 416 2344 qualitate
437 2297 489 2333 ad
506 2294 778 2331 Stramonium
802 2295 996 2330 accedere
1020 2295 1221 2331 dicuntur.
1279 2293 1576 2341 Meconopseos
1589 2292 1828 2340 nepalensz's
1840 2294 1923 2331 Dc.
1939 2298 2033 2331 lier-

215 2360 330 2406 ham,
359 2351 558 2398 imprimis
575 2355 709 2388 autem
724 2350 923 2397 radicem,
952 2353 1196 2388 venenatam
1211 2351 1435 2398 perhibent.

356 2451 466 2488 Nihil
495 2450 544 2486 de
564 2449 916 2495 Papaverearum‚
957 2457 1062 2491 quae
1086 2458 1208 2486 succo
1231 2451 1409 2486 colorato
1440 2447 1733 2498 destituuntur,
1765 2448 2031 2492 qualitatibus

217 2511 462 2554 compertum
476 2509 626 2554 hahe03
655 2507 732 2542 has
746 2505 897 2541 virtute
915 2506 967 2541 ad
981 2505 1275 2543 Fumariaceas
1290 2505 1458 2550 propius
1474 2507 1667 2543 accedere
1682 2506 1933 2558 crediderim.

313 2628 316 2631 x
355 2609 404 2644 In
430 2602 792 2641 Fumariacearum
819 2605 1107 2647 plerarumque
1133 2604 1318 2647 partibus
1346 2603 1562 2641 herbaceis
1590 2604 1689 2640 talis
1718 2607 1781 2641 est
1808 2602 1916 2640 muci
1939 2613 2033 2640 cum

215 2661 459 2704 substantiis
481 2659 629 2698 salinis
652 2662 691 2696 et
713 2659 830 2696 acido
850 2659 1074 2704 peculiaris
1095 2661 1256 2706 generis
1279 2659 1420 2704 (acido
1440 2660 1700 2708 Furii-arico),
1731 2660 1853 2696 etiam
1876 2660 1918 2695 in
1935 2660 2034 2697 aliis

215 2720 370 2767 plantis
384 2722 504 2762 longe
521 2715 792 2753 dissimilibus
808 2717 939 2764 obvio,
962 2717 1149 2764 miscela,
1172 2721 1216 2754 ut
1231 2720 1428 2764 spectata,
1453 2726 1572 2761 quam
1588 2717 1630 2753 in
1647 2716 1920 2761 organismum
1938 2715 2031 2752 ani-

214 2781 362 2815 malem
377 2776 588 2819 exserunt‚
619 2772 789 2820 virtute,
820 2775 1010 2810 remediis
1027 2774 1450 2810 terrico-solventibus
1468 2776 1777 2810 accenseantur.
1831 2772 2030 2808 Inrhizo-

214 2838 321 2871 mate
342 2828 575 2869 bulbiformi
596 2831 888 2866 nonnullarum
909 2831 1143 2868 substantia
1158 2829 1386 2867 alcaloidea
1401 2828 1696 2872 [corydalinaj
1713 2833 1752 2864 et
1766 2828 1905 2864 resina
1920 2828 2029 2866 acris

213 2891 400 2935 regnant.
456 2883 666 2922 Fumaria
682 2881 918 2933 officinalis
932 2887 1052 2923 Linn.
1070 2885 1329 2930 [Erdrauclo
1344 2886 1388 2922 in
1404 2885 1549 2931 cultis,
1576 2884 1775 2927 imprimis
1789 2885 1894 2921 inter
1909 2894 2028 2929 sege-

213 2950 276 2984 tes
297 2946 422 2982 totius
444 2943 527 2979 sere
553 2940 664 2977 orbis
687 2941 809 2978 obvia
832 2945 912 2989 est,
941 2942 1219 2979 botanicorum
1239 2941 1432 2979 memoria
1445 2951 1516 2984 per
1531 2943 1733 2983 Europam
1748 2941 1921 2977 mediam
1937 2951 2029 2983 pro-

211 3005 377 3048 pagata.
433 3001 597 3035 Herhae
614 3005 737 3039 sapor
756 3006 921 3035 amarus
944 3002 1019 3034 est.
1078 2999 1220 3035 Virtus
1235 3000 1422 3044 solvens,
1452 3000 1688 3034 membrana
1701 3001 1737 3033 et
1754 3006 1860 3034 vasa
1875 2998 2032 3035 modice

213 3060 445 3098 stimulans.
505 3049 730 3098 Corydalz‘s
746 3052 919 3089 bulbosa
933 3055 1046 3090 Pers.
1063 3054 1283 3091 rhizomate
1298 3055 1447 3099 gaudet
1461 3054 1590 3091 solido
1602 3082 1611 3099 ‚
1636 3054 1770 3090 odoris
1788 3057 2027 3090 subaroma—

214 3115 304 3162 tici,
330 3112 490 3156 saporis
505 3111 664 3147 intense
679 3109 828 3158 amari,
852 3110 1009 3147 modice
1023 3110 1315 3154 adstringentis
1331 3114 1367 3146 et
1385 3110 1513 3158 acris,
1539 3111 1640 3154 quod
1660 3109 1685 3151 (
1681 3108 1840 3146 radicis
1856 3106 2026 3146 Aristo-

215 3169 380 3207 Ioclcz‘ae
395 3177 529 3204 cavae
543 3163 728 3213 nomine]
754 3167 859 3203 inter
879 3166 1182 3203 Aristolochiae
1205 3168 1461 3204 succedanea
1484 3168 1535 3203 ad
1557 3167 1838 3203 sollicitandos
1865 3176 2030 3204 menses

214 3229 384 3265 silentes
414 3228 453 3263 et
481 3225 533 3261 ad
562 3222 772 3267 pellendos
799 3223 1080 3260 intestinorum
1108 3233 1269 3260 vermes
1297 3223 1522 3260 adhibetur.
1588 3221 1812 3270 Comdalis
1839 3221 2027 3269 sabucea

214 3286 330 3320 Pers.
353 3285 520 3320 bulbum
541 3280 664 3316 habet
679 3287 845 3326 cavum,
877 3277 1054 3314 Raeticis
1068 3275 1380 3315 Aristolochiae
1384 3278 1604 3328 fabae-eae
1621 3280 1781 3316 nomine
1795 3279 1837 3316 in
1854 3280 2027 3316 officinis

215 3340 451 3376 admissum.
509 3334 721 3371 Dic-entra
749 3334 998 3372 Cucullaria
1019 3337 1141 3372 Bork.
1164 3337 1608 3373 Boreali-americanis
1630 3336 1916 3379 corydalidum
1936 3338 2031 3372 loco·

215 3399 289 3431 est.
351 3391 618 3440 Conyclale'dz's
634 3390 849 3438 capnoidis
865 3394 978 3429 Pers.
990 3418 1002 3440 ‚
1032 3392 1076 3429 in
1090 3394 1254 3436 Europa
1269 3393 1442 3430 australi
1455 3393 1688 3440 indigenae,
1712 3395 1839 3429 herba
1856 3389 2024 3435 (Herba

217 3447 329 3499 Split
342 3461 375 3488 s.
391 3447 622 3487 Fumare'ae
638 3443 798 3495 luteae)
818 3459 912 3488 cum
923 3448 1079 3488 modico
1095 3457 1279 3487 amatore
1293 3450 1505 3488 admodum
1520 3449 1652 3499 acris,
1682 3449 1913 3487 stimulans.
