2147 3756
986 148 1104 199 590

132 321 307 368 „radice
337 322 606 368 decimanda,
638 322 831 364 spathula
862 321 1098 368 pugillariS,
1131 321 1282 369 ferrea,
1313 320 1396 357 lato
1420 320 1568 369 fronte,
1599 321 1650 359 ad
1674 322 1948 365 abradendam

127 405 151 424 „
165 380 407 424 lacrymam,
440 381 593 421 patella
615 388 647 413 s.
667 380 880 420 calyculus
899 378 1037 413 femori
1053 378 1223 424 affixus,
1254 377 1324 420 qui
1340 380 1520 414 ablatam
1537 380 1756 421 portionem
1774 379 1946 415 subinde

128 461 153 481 „
166 435 375 480 reciperet,
399 438 437 470 et
453 435 637 479 geminus
655 434 809 479 corbis,
835 443 885 468 ex
903 436 1067 469 humero
1083 435 1350 480 bajulandus,
1375 444 1445 478 pro
1464 436 1711 478 deportanda
1727 436 1841 471 succi
1857 437 1945 471 col-

126 490 258 538 „lecti
276 500 450 527 annona.
480 491 584 526 Sciri
599 493 733 525 autem
749 489 791 524 in
807 489 947 525 limine
965 491 1094 538 debet,
1119 491 1355 527 societatem
1371 499 1706 537 unamquamque,
1730 491 1811 526 loci
1828 491 1945 527 illius

128 551 354 595 „tractum,
383 557 497 590 quem
515 547 639 581 messi
654 554 754 581 suae
771 547 932 593 deligit,
957 549 1077 589 atque
1095 549 1194 583 adeo
1209 556 1365 583 omnem
1382 547 1424 582 in
1441 557 1487 582 eo
1511 548 1692 584 radicum
1716 547 1873 590 copiam
1901 548 1945 583 in

127 605 267 648 „duas
285 606 443 639 classes
463 603 662 648 dividere,
693 602 806 637 circa
821 612 942 646 quaS,
976 603 1103 638 missa
1121 606 1336 649 alterutra,
1361 603 1531 639 alternis
1550 604 1691 639 diebus
1707 607 1945 651 occupetur3

127 686 153 707 „
166 660 485 702 quandoquidem
502 661 637 693 ablato
654 667 776 693 succo
794 660 912 694 radix
927 660 1170 695 intercalare
1189 664 1346 702 tempus
1362 660 1548 706 requirit,
1582 664 1664 695 tum
1682 669 1750 702 pro
1775 669 1948 703 recupe-

128 717 308 764 „rando‚
333 725 447 758 quem
466 714 732 761 transmittat,
756 715 911 758 liquore
926 725 1050 761 novo,
1075 719 1156 752 tum
1175 725 1245 759 pro
1262 716 1378 752 effusi
1393 716 1633 752 necessaria
1648 717 1822 758 quadam
1836 715 1948 759 spis-

128 772 338 819 „satione
391 772 527 806 Omnis
544 771 680 813 itaque
696 771 888 816 hingiferi
905 773 1051 808 montis
1068 776 1241 818 tractus,
1274 776 1448 815 quantus
1467 782 1535 814 pro
1552 782 1686 821 messe
1703 773 1948 809 celebranda

126 855 153 876 „
166 828 235 863 uni
252 827 439 864 societati
454 827 624 873 sufficit,
650 828 692 863 in
710 829 910 871 duplicem
926 832 1059 865 locum
1077 830 1235 865 divisus
1254 831 1329 865 est,
1366 829 1547 872 Appulsi
1563 829 1604 864 in
1621 831 1753 864 locum
1774 828 1948 872 primum

128 912 153 932 „
165 884 424 931 colligentes,
441 883 597 927 singuli
612 884 800 928 singulas
817 885 1055 922 involabant
1073 886 1250 932 radices,
1268 886 1510 927 remotisque
1527 886 1789 930 umbraculis,
1807 894 1947 929 egere-

126 943 258 989 „bant
278 950 398 976 manu
414 940 595 983 aliquam
613 941 832 983 portionem
849 946 980 978 terrae
989 943 1221 990 ambientis,
1237 946 1389 985 quanta
1399 942 1623 985 operationi
1636 951 1737 978 suae
1747 944 1944 988 obstaret;

123 1006 238 1045 „quo
256 997 384 1042 facto,
406 997 558 1032 radicis
575 998 785 1043 verticem,
805 1008 1013 1042 quousque
1029 999 1100 1035 ille
1116 1000 1297 1035 hirsutus
1317 999 1467 1045 fuerat,
1486 1009 1554 1041 per
1572 1002 1850 1034 transversum
1867 1001 1942 1033 ab-

125 1053 424 1102 „sc-indebant,
456 1054 516 1089 ita
536 1057 581 1089 ut
608 1057 775 1090 truncus
799 1056 955 1091 discum
980 1057 1186 1091 exhiberet
1204 1058 1390 1101 planum,
1422 1055 1465 1090 in
1481 1065 1558 1098 quo
1575 1056 1782 1090 exsudans
1800 1055 1944 1102 liquor,

123 1113 255 1158 „post
270 1110 434 1146 biduum
453 1110 740 1157 excipiendus,
770 1112 861 1147 sine
878 1112 1041 1148 defluvii
1060 1113 1238 1155 periculo
1254 1112 1479 1147 subsistere
1496 1115 1640 1154 posset.
1686 1113 1808 1156 Tum,
1826 1114 1946 1153 prout

123 1166 203 1215 „in
234 1175 387 1209 nupero
419 1170 529 1213 actu,
562 1168 790 1203 sauciatam
822 1169 998 1204 radicem
1023 1177 1048 1204 a
1071 1171 1159 1204 sole
1183 1178 1325 1204 rursus
1351 1168 1639 1213 defendebant,
1673 1176 1722 1202 ea
1743 1167 1944 1212 cautione,

124 1233 212 1271 „ne
235 1222 465 1258 fasciculus
488 1224 703 1266 impositus
726 1225 883 1261 discum
908 1226 1141 1271 attingeret,
1174 1228 1250 1260 hoc
1272 1225 1349 1259 fine
1372 1225 1577 1268 cogendus
1595 1224 1884 1266 quodammodo
1903 1223 1947 1259 in

125 1288 317 1327 „arcum,
336 1284 589 1315 emanantem
607 1290 772 1316 succum
790 1275 1237 1324 alioqui‘dtscussurus.
1267 1282 1401 1316 Penso
1418 1283 1615 1325 absoluto,
1634 1280 1698 1315 die
1708 1281 1945 1322 postero26.

124 1345 251 1385 „cum
276 1336 456 1371 diluculo
480 1340 723 1381 pergebatur
743 1338 935 1373 inlocum
952 1339 1196 1384 secundum,
1228 1341 1347 1379 atque
1363 1338 1629 1372 eodemmodo
1646 1336 1764 1372 radix
1782 1339 1946 1371 trunca-

123 1419 149 1440 „
161 1395 299 1437 batur,
332 1393 518 1435 omnique
542 1394 676 1429 studio
694 1403 836 1431 rursus
853 1395 1120 1437 operiebatur.
1178 1395 1255 1429 Die
1272 1395 1338 1429 27.
1355 1394 1397 1429 in
1413 1396 1545 1429 locum
1562 1393 1733 1437 primum
1750 1391 1944 1439 regressi,

122 1448 321 1497 „remotis
346 1451 617 1496 umbraculis,
647 1449 844 1492 liquorem
867 1450 910 1485 in
935 1450 1146 1492 superficie
1169 1449 1396 1493 depositum
1420 1453 1567 1492 spatha
1590 1451 1873 1495 extergebam,
1907 1451 1946 1484 et

121 1505 333 1552 „subinde
371 1506 622 1548 deponebant
649 1505 692 1541 in
721 1508 1044 1554 receptaculum,
1083 1507 1187 1550 quod
1218 1505 1357 1542 femori
1386 1505 1643 1551 inhaerebat,
1679 1508 1763 1540 tum
1793 1508 1945 1541 remota

120 1564 291 1610 „terrae
315 1562 595 1598 accumbentis
611 1562 814 1609 portione,
846 1567 1000 1605 quanta
1013 1563 1186 1599 sectioni
1202 1565 1384 1610 obesset,
1414 1566 1666 1598 arescentem
1683 1561 1785 1597 disci
1801 1570 1947 1604 super-

121 1618 287 1666 „ficiem
304 1621 590 1666 pei-secabant,
624 1621 920 1660 ablatosaltem
937 1620 1117 1656 orbiculo
1135 1619 1392 1665 tenuissimo,
1411 1618 1484 1654 vix
1499 1621 1676 1655 culmum
1693 1626 1945 1653 avenaceum

123 1683 319 1723 „crasso3
349 1675 453 1711 satis
470 1675 577 1711 enim
595 1680 676 1722 est,
703 1676 738 1712 si
758 1679 822 1711 vel
840 1677 1011 1724 extima,
1039 1685 1143 1719 quae
1157 1685 1278 1720 poros
1295 1677 1511 1711 claudebat
1527 1674 1764 1718 superficies
1781 1673 1947 1709 aufera-

121 1757 148 1779 „
162 1734 248 1777 tur,
276 1739 355 1773 qua
370 1731 530 1773 possint
547 1729 702 1767 o'cclusi
721 1734 865 1767 ductus
883 1743 1049 1768 succum
1067 1732 1285 1768 dimittere:
1317 1732 1640 1775 quandoquidem
1659 1741 1728 1774 pro
1745 1733 1946 1773 comperto

121 1789 326 1836 „habent,
359 1796 436 1829 quo
462 1788 618 1823 tenuior
637 1791 792 1823 tessera
809 1789 997 1824 abscissa
1012 1789 1087 1836 sit,
1120 1799 1164 1824 eo
1181 1798 1348 1824 succum
1363 1789 1523 1831 prodire
1540 1788 1735 1830 promtius
1753 1791 1789 1822 et
1807 1787 1945 1829 copio-

120 1843 262 1893 „sius.
319 1845 430 1879 Idem
453 1845 640 1886 persuasi
663 1848 758 1880 sunt
783 1845 831 1880 de
853 1846 966 1880 modo
984 1845 1202 1890 sectionis,
1234 1853 1354 1887 quam
1371 1844 1532 1879 omnino
1549 1843 1635 1879 fieri
1652 1844 1853 1878 tundendo
1870 1852 1945 1886 po-

119 1902 331 1949 „stulant‚
362 1909 443 1936 non
475 1901 637 1945 vulgari
668 1896 819 1947 tractu3
850 1910 941 1936 cum
970 1901 1042 1936 ille
1071 1901 1224 1936 fluxum
1253 1901 1385 1944 magis
1417 1903 1671 1947 promoveat,
1703 1900 1769 1935 hic
1792 1899 1944 1936 minus.

123 1951 220 2006 „Sit
235 1957 332 1993 fides
345 1966 472 1999 penes
489 1958 711 1993 credentes.
752 1958 981 1993 Notandum
997 1960 1157 2001 legulos
1175 1957 1347 1993 subinde
1364 1956 1559 1992 femorum
1576 1958 1752 1999 patellas
1769 1957 1944 2004 deplere,

122 2016 200 2061 ,5et
221 2013 264 2048 in
287 2016 545 2056 receptacula
567 2015 723 2056 majora
747 2024 785 2050 v.
809 2013 852 2048 in
877 2014 976 2049 folia
998 2013 1109 2049 humi
1132 2017 1261 2049 strata
1283 2016 1510 2056 lacrymam
1541 2014 1761 2059 deponere,
1793 2016 1836 2047 ut
1866 2011 1946 2048 soli

124 2069 350 2118 „exposita
367 2070 497 2113 magis
518 2070 774 2114 indurescat:
798 2079 873 2113 quo
892 2071 980 2114 ipso
997 2080 1091 2106 vero
1107 2070 1366 2114 peregrinum
1382 2079 1408 2106 a
1422 2070 1562 2107 nativo
1579 2070 1753 2105 candore
1771 2071 1945 2104 colorem

121 2125 306 2175 „induit,
339 2136 410 2168 pro
434 2127 611 2169 partium
634 2127 804 2162 mollitie
827 2131 863 2162 et
887 2127 971 2162 situ
995 2127 1176 2174 diverso,
1209 2127 1277 2169 qui
1301 2130 1498 2162 torrentes
1520 2126 1656 2162 radios
1674 2125 1946 2168 inaequaliter

120 2210 144 2230 „
156 2183 349 2227 admittit3
374 2183 476 2218 addo
493 2183 615 2218 etiam
633 2192 684 2218 ex
699 2184 882 2225 subjecto
901 2186 1162 2219 accumbente
1178 2187 1379 2219 recentem
1394 2191 1576 2218 massam
1594 2182 1790 2218 facillime
1808 2183 1943 2217 alieno

121 2241 290 2286 „colore
317 2238 456 2274 imbui.
514 2239 667 2274 Radice
691 2244 880 2282 cooperta
902 2242 1018 2275 labor
1039 2240 1176 2275 finitus
1201 2243 1275 2275 est.
1333 2239 1411 2275 Die
1434 2241 1502 2275 28.
1526 2240 1666 2275 eadem
1691 2238 1943 2274 collectionis

120 2304 280 2341 „opera
303 2305 394 2331 cum
418 2295 602 2331 omnibus
627 2296 835 2338 requisitis
861 2300 1027 2340 peracta
1050 2300 1112 2332 est
1136 2296 1179 2331 in
1202 2298 1291 2331 loco
1309 2297 1499 2332 secundo.
1557 2296 1634 2330 Die
1650 2297 1716 2330 29.
1734 2299 1945 2330 reventum

123 2356 220 2399 „est
243 2352 287 2387 in
308 2355 442 2387 locum
462 2352 653 2399 primum,
686 2356 724 2388 et
747 2354 928 2389 secunda
951 2353 1040 2388 vice
1063 2353 1183 2388 radix
1206 2356 1384 2400 emulsa,
1416 2355 1566 2388 remoto
1584 2355 1714 2387 terrae
1731 2353 1942 2387 obstaculo

119 2436 145 2456 „
160 2409 355 2455 rescissa,
373 2412 808 2451 rursumquecontecta
824 2413 898 2446 est.
928 2410 1004 2445 Die
1015 2411 1296 2446 30.secundus
1313 2410 1446 2452 liquor
1460 2410 1581 2445 etiam
1597 2409 1639 2445 in
1656 2411 1745 2444 loco
1763 2409 1942 2444 secundo

119 2467 376 2512 „collectus,
423 2473 611 2507 novaque
640 2466 768 2509 sectio
799 2476 889 2501 cum
925 2467 1023 2502 aliis
1054 2466 1302 2502 necessariis
1333 2469 1538 2502 celebrata
1569 2469 1643 2502 est.
1715 2464 1843 2511 Atqui
1875 2464 1943 2499 hic

118 2525 272 2569 „labor
294 2524 356 2557 est
381 2525 498 2557 actus
522 2522 714 2567 secundi,
746 2522 789 2557 in
813 2532 888 2566 quo
911 2523 1100 2566 singulae
1122 2522 1284 2558 radices
1301 2526 1361 2558 ter
1376 2522 1610 2566 sauciatae,
1641 2521 1706 2558 bis
1724 2530 1847 2556 succo
1864 2529 1939 2556 suo

118 2582 302 2626 „exutae
325 2582 433 2614 sunt.
492 2579 575 2621 Quo
601 2579 812 2624 praestito,
845 2588 1007 2615 annona
1029 2579 1161 2614 omn1s
1183 2579 1225 2614 in
1250 2581 1390 2615 corbes
1415 2585 1608 2622 congesta
1626 2581 1664 2613 et
1680 2577 1858 2613 humeris
1874 2577 1940 2613 in-

117 2637 364 2682 „cumbente
394 2634 549 2677 pertica
579 2636 791 2677 deportata
813 2639 893 2682 est;
925 2636 1102 2680 singulis
1126 2638 1296 2678 quatuor
1319 2645 1357 2672 v.
1382 2635 1560 2678 quinque
1582 2634 1787 2670 hominum
1810 2632 1943 2669 socie-—

119 2691 306 2738 „tatibus
338 2691 513 2734 spolium
545 2691 814 2727 referentibus
845 2694 981 2728 decem
1012 2702 1049 2728 v.
1083 2691 1292 2727 duodecim
1323 2701 1446 2727 mann
1475 2691 1818 2736 Disgunensium,
1850 2689 1876 2725 i.
1902 2699 1938 2725 e.

117 2748 350 2795 „librarum
381 2748 631 2791 belgicarum
662 2748 823 2784 circiter
847 2748 1154 2794 quinquaginta.
1213 2750 1325 2784 Haec
1348 2752 1483 2784 autem
1507 2748 1660 2790 primae
1685 2737 1940 2782 collectionis

116 2806 337 2851 „lacryma
359 2814 438 2840 non
461 2807 633 2839 habetur
656 2814 724 2846 pro
741 2805 831 2840 Asa
846 2805 1014 2851 optima,
1047 2806 1118 2840 sed
1136 2805 1341 2840 inferioris
1357 2809 1490 2840 notae.
1548 2805 1769 2846 Postquam
1786 2801 1938 2836 radici-

117 2863 229 2907 „bus
259 2870 371 2896 mora
401 2862 536 2896 decem
568 2852 722 2896 dierum
753 2861 1006 2905 (sufficiebat
1029 2861 1258 2912 octiduum)
1282 2870 1353 2903 pro
1377 2860 1604 2903 reparando
1630 2867 1753 2894 succo
1778 2858 1939 2893 indulta

119 2920 262 2965 „esset
277 2943 286 2962 ,
313 2918 364 2952 ad
388 2917 727 2960 reauspicandam
743 2927 916 2953 messem
934 2926 1024 2952 cum
1040 2919 1132 2952 luce
1149 2917 1230 2952 diei
1249 2918 1313 2951 10.
1330 2915 1445 2951 Junii
1462 2916 1732 2951 accedebatur
1747 2914 1789 2950 in
1806 2916 1939 2949 locum

119 2972 352 3020 „pi-imum,
390 2973 634 3014 remotisque
665 2973 916 3009 umbraculis
947 2976 985 3008 et
1016 2972 1314 3015 impedimentis
1345 2974 1498 3019 terrae,
1529 2980 1638 3007 nova
1670 2971 1940 3014 colligebatur

117 3031 357 3076 „lacryma,
397 3029 665 3071 abscissoque
694 3022 849 3064 summo
880 3029 1060 3064 orbiculo
1091 3031 1244 3064 vulnus
1281 3027 1546 3071 operiebatur.
1619 3027 1696 3064 Die
1735 3029 1798 3062 11.
1832 3026 1939 3063 idem

117 3085 387 3132 „agitabatur
415 3085 526 3120 circa
558 3085 718 3121 radIces
749 3085 793 3121 in
822 3087 909 3120 loco
941 3086 1132 3121 secundo.
1190 3086 1416 3120 Notandum
1440 3087 1547 3120 hunc
1571 3093 1759 3131 succum,
1791 3083 1860 3127 qui
1880 3091 1939 3136 ,ex

118 3151 264 3189 „mora
289 3141 466 3185 plurium
482 3142 635 3177 dierum
652 3141 852 3184 copiosior
867 3140 1100 3189 effluxerat,
1119 3144 1156 3176 et
1172 3142 1223 3176 ad
1241 3141 1415 3177 debitam
1432 3141 1686 3184 spissitatem
1703 3142 1938 3188 exaruerat,

118 3198 309 3245 „proprio
330 3199 507 3242 gaudere
532 3199 691 3233 nomine
718 3195 893 3246 Pespaes,
928 3208 1019 3234 cum
1042 3201 1147 3234 alter
1167 3207 1376 3234 commune
1397 3207 1541 3233 nomen
1559 3194 1669 3243 Sfir,
1701 3197 1728 3232 i.
1747 3206 1779 3232 e.
1797 3195 1937 3243 lactis,

118 3281 142 3301 „
155 3263 206 3289 ex
229 3256 403 3290 candore
426 3258 465 3290 et
483 3255 677 3291 tenuitate
694 3255 887 3301 perferat3
918 3258 960 3291 at
976 3255 1042 3291 hic
1059 3251 1209 3298 Pispas
1227 3263 1278 3290 ex
1294 3255 1494 3290 communi
1512 3254 1701 3297 opinione
1716 3255 1934 3296 praestan-

117 3310 232 3358 „tior
255 3311 402 3346 dicitur
417 3320 465 3346 ac
481 3314 606 3346 multo
624 3314 795 3347 babetur
810 3312 959 3358 carior,
993 3320 1112 3354 quam
1129 3312 1199 3347 ille
1216 3308 1299 3354 Sjir
1315 3312 1461 3347 dictus.
1521 3311 1660 3345 Utrum
1678 3313 1725 3346 ob
1745 3309 1934 3352 paucita-

117 3370 250 3413 „tem,
283 3377 336 3403 an
360 3368 590 3404 solidiorem
613 3369 940 3416 consistentiam,
972 3377 1053 3404 non
1077 3368 1260 3404 dixerim.
1320 3368 1436 3404 Certe
1459 3361 1619 3402 lacteus
1634 3366 1706 3401 ille
1724 3364 1933 3401 deterioris

115 3424 413 3470 „substantiae
435 3434 516 3460 non
540 3427 620 3472 est,
652 3424 837 3468 quamvis
859 3424 1079 3471 humidior,
1109 3434 1203 3462 nam
1227 3425 1310 3461 ae'ri
1328 3424 1481 3460 diutius
1497 3422 1708 3466 expositus
1726 3430 1851 3464 aeque
1867 3420 1932 3455 in·-

116 3505 140 3526 „
153 3479 351 3529 durescit,
384 3484 421 3516 et
445 3483 497 3518 ab
522 3481 590 3517 illo
608 3478 758 3526 Pispas
775 3484 886 3529 nullo
903 3483 1015 3518 modo
1033 3482 1173 3518 differt.
1233 3482 1357 3520 Credo
1373 3480 1498 3525 igitur
1513 3488 1565 3516 ex
1581 3487 1626 3515 eo
1643 3478 1824 3523 genitum
1841 3485 1931 3513 esse
