2147 3756
922 119 1046 168 255

79 296 347 343 (Ram-Tin,
379 295 609 340 Kutrelloo,
640 291 918 338 werrinnua)
949 291 1150 336 imprimis
1179 290 1223 328 in
1253 299 1351 336 agro
1375 291 1625 342 mysorensi,
1655 303 1729 331 nec
1761 304 1838 332 non
1864 295 1906 332 in

78 354 310 400 Abyssinia
327 350 423 395 (ubi
439 348 560 385 Nova·
576 351 748 395 dicitur]
767 352 922 398 cultae,
953 349 1110 394 primas
1128 348 1322 385 tribuunt.

220 420 412 458 Damiae
435 422 680 458 mexicanae
704 421 875 466 capituli
901 421 1044 472 decore
1068 420 1250 464 reliquas
1273 419 1465 467 vincunt,
1497 420 1776 457 suavissimae
1798 423 1909 458 Ado-

81 482 282 520 nistarum
307 479 493 516 deliciae.
550 479 768 514 Fibrarum
790 478 1033 514 radicalium
1057 482 1269 514 exostoses
1294 476 1577 512 tuberiformes
1600 478 1770 513 materie
1793 486 1910 522 amy-

77 543 197 577 lacea
228 540 277 573 ab
307 536 474 572 Inulina
505 535 760 578 aliquomodo
793 536 958 571 diversa
989 533 1240 579 (namma),
1272 536 1360 569 oleo
1391 536 1578 570 aethereo
1608 537 1647 569 et
1677 535 1911 570 substantia

80 593 482 633 amaro-aromatica
513 593 705 641 refertae,
737 592 889 628 virtute
912 592 1131 629 sudoritica
1153 596 1189 627 et
1214 591 1416 627 diuretica
1437 591 1631 635 gaudent.
1687 593 1722 626 E
1748 592 1913 627 corollis

81 656 191 690 color
207 653 328 687 ruber
343 650 518 686 elicitur.

221 718 576 768 Synchoctendron
593 715 860 766 ramvflorum
877 719 963 761 Boj.
990 717 1314 762 Compositarum
1337 718 1539 767 maxima,
1571 720 1689 754 arbor
1712 718 1913 762 qulnqua-

79 780 196 826 ginta
225 780 405 827 pedalis,
438 777 695 814 florescentia
730 785 808 813 sua
836 775 1301 820 Madagascariensibus
1339 778 1498 820 tempus
1527 777 1725 812 serendae
1755 777 1916 820 oryzae

80 837 248 874 indicat.

223 891 359 928 Etiam
392 888 635 936 Cyuarecee,
667 888 756 925 sive
786 891 831 925 ut
861 886 936 923 alii
966 888 1180 923 nominant
1214 885 1511 934 Carduaeeae,
1545 888 1744 932 qualitate
1775 898 1917 926 amara

85 951 309 995 excellunt,
326 947 476 982 virtute
492 946 749 992 stimulante,
768 945 967 988 quaedam
986 944 1109 981 etiam
1125 945 1406 988 diaphoretica
1422 949 1460 981 et
1477 945 1677 982 (liuretica
1691 947 1915 990 praeditae.

81 1009 220 1043 Herba
237 1004 377 1048 junior
401 1005 691 1039 nonnullarum
718 1002 874 1049 edulis,
910 1000 1012 1037 folia
1036 1005 1073 1037 et
1097 1001 1214 1037 fiores
1239 1003 1491 1044 quarundam
1508 1002 1706 1049 tinctorii‚
1739 1003 1858 1039 radix
1874 1002 1918 1039 in

83 1062 290 1106 aliquibus
307 1059 573 1109 gummisera‚
604 1059 764 1097 semina
779 1058 1047 1104 plurimarum
1063 1061 1223 1107 oleosa,
1254 1059 1496 1108 purgantia,
1529 1060 1722 1097 aromatis
1740 1059 1918 1097 aetherei

86 1119 248 1157 omnino
265 1117 464 1161 expertia.

226 1171 401 1219 Lappae
424 1183 457 1210 s.
482 1168 643 1218 Arc-tii,
676 1172 839 1218 generis
862 1172 1069 1209 latissime
1093 1182 1167 1216 per
1188 1171 1340 1208 veteris
1365 1173 1475 1208 orbis
1500 1175 1646 1218 plagas
1672 1176 1918 1216 temperatas

90 1232 243 1278 diffusi,
261 1231 421 1275 species
440 1240 492 1266 ex
507 1229 772 1277 officinalium
787 1239 952 1266 numero
970 1233 1077 1265 sunt.
1115 1225 1290 1274 Lappue
1306 1226 1486 1273 majoris
1505 1231 1688 1266 Gartner.
1708 1223 1919 1277 (ἄρκειον,

88 1290 209 1326 hodie
232 1278 648 1335 πλᾳτομαντυλίδα]
672 1287 792 1322 radix
822 1287 982 1331 [Radix
1004 1288 1221 1323 Bardanae
1252 1296 1285 1322 s.
1308 1287 1578 1333 persollatae,
1609 1287 1919 1331 Klettenwurz)

83 1346 223 1390 junior
237 1344 385 1388 sapida
402 1348 439 1380 et
456 1345 589 1380 edulis
601 1372 610 1390 ,
642 1345 785 1380 adulta
799 1343 841 1379 in
859 1343 1035 1379 officinis
1050 1347 1258 1389 servatur,
1291 1353 1435 1379 recens
1452 1345 1573 1387 odore
1588 1352 1817 1391 nauseosa,
1850 1353 1922 1381 sa-

85 1412 182 1447 pore
213 1401 324 1437 dulci
345 1401 666 1447 mucilaginoso,
699 1401 845 1436 deinde
868 1409 1029 1447 amaro,
1061 1400 1248 1448 subacri,
1278 1400 1464 1447 Inulina,
1495 1401 1665 1436 materie
1689 1410 1850 1447 amara,
1882 1405 1922 1436 et

86 1461 464 1505 muco-saccharo,
497 1458 681 1494 admixta
710 1457 852 1500 aliqua
882 1457 1078 1494 tanninae
1108 1462 1225 1501 parte
1254 1457 1415 1504 gravis,
1447 1457 1598 1493 virtute
1620 1458 1923 1501 Salsaparillae

87 1516 288 1561 proxima.
342 1511 518 1560 Lappae
537 1517 796 1548 tonzentosae
812 1516 926 1551 Lam.
945 1518 984 1550 et
999 1511 1175 1559 Lappae
1191 1513 1367 1549 minoris
1382 1515 1464 1550 Dc.
1478 1541 1488 1560 ,
1513 1523 1618 1557 quae
1640 1515 1924 1552 subtilioribus

88 1573 198 1609 notis
223 1581 248 1608 a
272 1572 412 1615 specie
434 1571 631 1607 officinali
656 1571 979 1616 distinguuntur,
1012 1572 1133 1607 radix
1147 1571 1374 1615 promiscue
1391 1571 1612 1615 colligitur».
1672 1572 1832 1608 Herbae
1849 1573 1923 1607 ad-

86 1631 250 1666 modum
267 1637 432 1665 amarae
454 1632 493 1664 et
507 1628 789 1664 vehementius
805 1628 1119 1673 adstringentis,
1151 1637 1226 1664 nec
1243 1638 1324 1663 non
1340 1628 1512 1663 seminis
1530 1627 1678 1673 oleosi,
1703 1628 1920 1673 purgantis

89 1695 192 1723 usus
209 1689 394 1721 exoletus
411 1688 485 1721 est.
530 1686 736 1720 Foliorum
753 1685 884 1721 Arctii
903 1681 1222 1729 (Orkodee'owa)
1241 1685 1433 1720 virtutem
1450 1684 1768 1728 diaphoreticam
1788 1686 1922 1722 Cana-

93 1744 240 1779 denses
258 1745 520 1778 autochtones
535 1745 683 1777 natura
699 1740 849 1777 docuit.
1113 1763 1115 1765 ·

232 1800 333 1834 Sunt
355 1798 556 1841 plurimae
580 1808 602 1834 e
625 1797 922 1834 contribulibus
944 1800 1114 1842 plantae
1135 1797 1335 1842 imprimis
1359 1797 1401 1834 in
1416 1800 1582 1843 Europa
1598 1797 1844 1846 australiore
1860 1798 1926 1835 ln-

97 1855 291 1901 digenae,
332 1863 435 1898 quae
464 1855 618 1890 virtute
646 1856 865 1890 Bardanae
894 1855 1055 1892 similes
1083 1866 1125 1893 v.
1156 1856 1509 1902 aequiparandae,
1549 1856 1646 1891 olim
1675 1856 1718 1892 in
1749 1855 1926 1893 officinis

95 1912 329 1957 propositae
345 1915 384 1947 et
401 1911 652 1954 frequentius
672 1911 716 1947 in
732 1912 935 1948 auxilium
950 1917 1144 1957 vocatae,
1175 1912 1294 1948 hodie
1311 1922 1336 1948 a
1351 1913 1521 1949 medicis
1538 1915 1661 1957 plane
1678 1917 1928 1956 spernuntur

92 1978 135 2006 v.
166 1970 301 2005 rarius
332 1968 586 2004 adhibentur.
655 1966 776 2003 Onici
801 1966 1009 2003 benedicti
1035 1970 1156 2005 Linn.
1181 1967 1403 2017 (Carbeni,
1433 1970 1856 2015 Bernardinerkraut)
1889 1974 1928 2006 et

95 2023 230 2072 Sv'lybz‘
248 2024 440 2060 mariani
460 2026 600 2061 Gartn.
630 2027 864 2068 plantarum
887 2035 1136 2072 annuarum,
1169 2035 1274 2070 quae
1299 2037 1370 2070 per
1391 2036 1549 2063 omnem
1573 2027 1777 2072 regionem
1799 2027 1927 2063 medi-

94 2086 323 2119 terraneam
346 2085 490 2126 sponte
513 2086 752 2128 nascentes,
784 2091 810 2118 a
831 2083 1073 2119 mortalibus
1087 2087 1335 2127 propagatae
1351 2083 1475 2119 etiam
1491 2084 1534 2118 in
1549 2084 1667 2119 India
1685 2087 1721 2118 et
1737 2084 1927 2120 America

96 2140 288 2176 efferatae
315 2139 435 2175 hodie
457 2139 622 2185 vivunt,
654 2142 821 2176 herbam
845 2143 884 2177 et
904 2139 1066 2177 fructus
1090 2139 1238 2185 (vulgo
1263 2137 1571 2184 Seeehlcb‘rner]
1594 2140 1798 2184 plurimae
1821 2142 1928 2184 apud

94 2196 221 2233 medii
257 2196 351 2232 aevi
379 2195 555 2232 medicos
583 2197 723 2232 laudis
752 2195 885 2232 fuisse
914 2200 1088 2234 constat.
1152 2199 1186 2233 E
1219 2197 1390 2241 reliquis
1421 2197 1623 2240 Cynareis
1653 2197 1929 2234 officinalibus

102 2249 353 2298 Onopordon
370 2249 626 2287 Acanthum
641 2253 763 2289 Linn.
788 2251 950 2296 [Radix
966 2257 1004 2290 et
1019 2256 1147 2290 herba
1162 2264 1304 2290 recens
1322 2254 1475 2290 Cardui
1491 2254 1705 2290 tomentosi
1719 2264 1759 2290 v.
1776 2255 1930 2298 Spinae

98 2312 219 2346 albae
240 2319 315 2346 seu
337 2309 586 2356 onopordi);
618 2308 801 2345 Cirsium
825 2319 1006 2345 arcense
1029 2313 1146 2354 Scop.
1171 2309 1334 2353 (Herba
1349 2310 1501 2348 cardui
1522 2310 1929 2356 haemorrhoidalis],

102 2364 349 2400 Centaurea
376 2364 653 2402 Centum-ium
682 2367 803 2403 Linn.
835 2367 997 2411 (Radix
1027 2368 1238 2404 Centaurii
1265 2365 1478 2415 majoris];
1520 2360 1765 2402 Centaurea
1789 2366 1930 2403 Jacea

100 2423 222 2459 Linn.
241 2421 403 2466 (Radix
426 2426 464 2459 et
478 2426 604 2460 herba
618 2426 768 2460 Jaceae
783 2424 926 2468 nigrae
941 2434 980 2461 v.
999 2424 1206 2461 Carth-ami
1222 2423 1486 2472 sylvestris];
1521 2422 1766 2459 Centaurea
1785 2422 1930 2459 Calci-

104 2482 234 2523 trapa
265 2479 389 2516 Linn.
419 2479 579 2523 (Herba
610 2484 648 2516 et
678 2481 797 2517 radix
821 2480 973 2525 cardui
996 2480 1178 2525 stellati]
1208 2484 1248 2517 et
1273 2479 1520 2516 Centaurea
1539 2479 1787 2516 solsticialis
1808 2482 1931 2518 Linn.

104 2535 266 2580 [Radix
287 2536 441 2579 Spinae
463 2535 723 2580 solstitialis)
747 2537 1022 2574 nominandae
1043 2542 1160 2584 sunt,
1191 2540 1358 2581 plantae
1380 2537 1529 2575 exoleti
1548 2538 1632 2574 fere
1647 2547 1763 2575 usus.
1824 2536 1931 2572 Cen-

106 2596 285 2627 taureae
300 2589 447 2626 Behen
462 2593 584 2628 Linn.
608 2596 650 2630 s:
662 2591 930 2628 Centaureae
945 2592 1275 2643 cerv‘nchefolv’ae
1289 2595 1419 2632 Sibth.
1442 2595 1563 2631 radix
1583 2595 1755 2632 nervino
1765 2595 1933 2632 -tonica

105 2649 266 2694 [Radix
280 2649 418 2685 Behen
435 2648 543 2693 albi)
560 2649 656 2686 olim
673 2659 695 2686 e
710 2650 857 2693 Syriae
873 2651 1078 2687 montibus
1094 2653 1280 2688 advecta.

245 2704 438 2742 carlinae
453 2709 658 2743 nostrates
674 2706 780 2743 inter
790 2707 1002 2751 cynareas
1017 2707 1199 2752 reliquas
1216 2707 1686 2751 qualitate'aliquomodo
1703 2710 1933 2756 anomalae.

108 2759 289 2797 Cat-lina
311 2760 480 2798 acaulae's
501 2762 621 2799 Linn.
645 2761 924 2809 (Eberwurz]
945 2764 989 2800 in
1011 2765 1142 2807 pratis
1163 2765 1388 2810 montanis,
1420 2767 1507 2801 solo
1529 2764 1730 2807 imprimis
1746 2767 1935 2802 calcareo

104 2819 311 2866 nascitur,
333 2822 372 2856 et
387 2822 549 2856 brevem
565 2822 641 2856 sub
659 2823 766 2856 terra
781 2823 1001 2857 concelans
1016 2821 1217 2869 stipitem,
1243 2822 1468 2865 capitulum
1482 2821 1648 2868 ingens,
1673 2821 1935 2858 radiantibus

104 2877 310 2912 involucri
327 2876 510 2920 squamis
528 2876 727 2913 scariosis
741 2877 915 2913 nitidum
930 2887 1055 2922 super
1067 2878 1199 2914 viride
1213 2878 1411 2923 graminis
1426 2880 1618 2914 aulaeum
1634 2878 1796 2924 pandit,
1827 2878 1935 2915 inter

107 2933 290 2976 reliquas
307 2935 538 2969 collucatae
552 2933 791 2970 solitudinis
805 2937 955 2971 herbas
972 2938 1053 2971 tam
1069 2935 1318 2982 singularis,
1349 2939 1394 2971 ut
1408 2937 1516 2971 hanc
1532 2943 1631 2978 prae
1647 2935 1823 2972 caeteris
1844 2945 1934 2972 ma-

108 2988 214 3034 gicis
230 2989 397 3033 petitam
415 2990 571 3027 artibus
586 2989 734 3027 mirum
749 3000 829 3026 non
845 2991 912 3027 sit.
972 2992 1168 3029 caudicis
1183 2992 1440 3029 subterranei
1459 2989 1655 3036 (Radz'cis
1676 2990 1878 3027 Carlz'nae
1893 3002 1935 3029 v.

113 3043 404 3091 Cardopatz'ae
426 3057 459 3083 s.
487 3044 827 3083 Claeomaeleoutz‘s
850 3046 940 3083 albi
959 3048 1117 3096 Ostia),
1147 3057 1439 3092 nonnunquam
1459 3051 1546 3085 solo
1571 3051 1609 3084 et
1632 3051 1746 3085 coelo
1769 3049 1937 3086 favente

110 3102 376 3149 emergentis,
407 3106 545 3139 cortex
575 3105 764 3140 ductibus
786 3104 1014 3142 resiniferis
1038 3109 1191 3154 scatet,
1223 3109 1312 3142 oleo
1335 3109 1522 3143 aethereo
1546 3114 1702 3151 amaro,
1736 3106 1935 3153 caustico,

110 3158 227 3202 gravi
244 3158 440 3206 refertus,
471 3159 515 3194 in
533 3160 687 3196 diversi
702 3162 864 3205 generis
878 3163 1050 3209 morbis,
1075 3173 1097 3199 e
1112 3171 1304 3199 vasorum
1321 3171 1394 3199 se·
1411 3165 1449 3199 et
1465 3163 1771 3199 excernentium
1788 3163 1938 3199 inertia

111 3215 212 3250 ortis
236 3214 332 3250 olim
355 3215 608 3259 frequentius
624 3218 852 3264 adhibitus,
882 3219 927 3255 in
942 3219 1087 3263 majori
1102 3219 1193 3256 dosi
1209 3219 1385 3256 drastice
1401 3223 1562 3264 purgat.
1622 3209 1825 3254 Gammae
1841 3217 1936 3255 vul-

107 3269 229 3317 garis
258 3271 378 3308 Linn.
410 3270 634 3315 (Carlinae
663 3275 883 3316 sylvestris
919 3285 959 3312 v.
989 3277 1273 3313 Heraeanthae
1302 3274 1446 3319 offic.)
1477 3275 1632 3318 speciei
1661 3277 1938 3314 caulescentis

113 3327 266 3364 similis
287 3328 443 3377 virtus,
475 3329 605 3365 minor
626 3329 737 3366 fama
753 3334 827 3367 est.
878 3332 1089 3378 Congener
1102 3333 1168 3369 his
1189 3331 1368 3367 Carlae‘na
1381 3331 1640 3379 gummif'era
1654 3334 1770 3369 Less.
1789 3331 1938 3376 (Atra-

110 3384 233 3427 ctylis
249 3385 491 3429 gummifera
504 3385 646 3434 Linn.,
679 3379 784 3433 ἰξία,
811 3379 945 3437 ἰξὶνη)
962 3389 1005 3425 in
1028 3389 1192 3434 regione
1213 3389 1509 3426 mediterranea
1523 3389 1728 3436 nascitur,
1764 3390 1939 3434 gummi-

112 3440 254 3477 resina
275 3442 511 3488 abundan8‚
542 3450 648 3486 quae
669 3454 692 3479 e
715 3446 820 3480 collo
842 3445 997 3482 radicis
1019 3449 1060 3482 et
1080 3446 1187 3482 inter
1201 3445 1404 3482 involucri
1418 3453 1613 3488 squamas
1626 3445 1769 3493 efflua,
1798 3448 1940 3490 lacry-

112 3504 202 3534 mas
219 3497 330 3535 sistit
345 3497 540 3536 Masticbi
555 3499 727 3549 similes,
758 3502 1004 3551 substantia,
1033 3501 1303 3547 utaliquibus
1319 3504 1470 3549 placet,
1499 3501 1698 3548 peculiari
1715 3501 1938 3549 (Viscina)
