2147 3756
970 161 1081 210 581
1116 237 1177 243 m

238 334 549 433 lSubando
574 332 700 377 nl.
754 332 1254 389 coelospermae.
1318 331 1462 368 Semen
1493 342 1520 370 a
1553 327 1653 370 basi
1683 331 1739 371 ad
1771 331 1943 385 apicem

126 397 230 435 invo
259 403 475 435 uto-curi
490 398 629 433 utuin-

898 496 1235 532 Gentium·

128 570 323 607 TRIBUS
345 571 473 607 XVII.
517 570 896 607 CORIANDREAE.
1177 578 1299 615 4547·
1331 578 1553 615 Assomaea
1574 573 1789 614 Hel-ekenb-

235 640 358 673 4545.
391 638 713 681 cymbocarpum
729 634 821 673 DC.
1386 627 1543 660 Astoma
1559 625 1636 660 DC·

235 696 357 731 4546.
388 694 528 730 Bifora
546 691 612 727 Ha
657 704 711 730 m.
740 726 745 728 ,
1176 678 1299 712 4548·
1331 678 1502 714 Atrema
1519 675 1609 711 DC.

445 742 588 776 Bifnris
608 744 771 785 Syn-eng.
1176 734 1300 769 4549.
1332 734 1596 770 coriandrum
1616 730 1737 768 Lv'nn.

448 786 588 818 Carion
606 784 715 819 Linlc.
1177 785 1303 842 454ῗο
1333 790 1571 835 ApiaSn-um
1587 787 1710 829 svan-

443 827 630 861 Anidrum
644 824 758 862 Necle.

264 912 587 958 Affinitas·
652 918 966 966 Umbelliferae,
996 916 1139 953 habitu
1170 920 1209 954 et
1233 917 1390 954 fructus
1413 916 1573 954 fabrica
1597 918 1949 967 distinctissimae,

127 976 229 1014 sons
247 976 479 1012 Araliaceis
506 975 660 1010 arctius
684 975 828 1011 affines
853 978 968 1022 sunt,
999 974 1064 1010 his
1088 974 1363 1010 mediantibus
1387 975 1507 1010 etiam
1531 978 1582 1011 ad
1600 977 1779 1014 corneas
1795 981 1832 1013 et
1849 978 1950 1014 Am-

126 1034 309 1078 pelideas
326 1033 580 1082 accedentes.
640 1032 846 1068 Remotior
861 1035 921 1068 est
940 1041 1031 1067 cum
1047 1030 1359 1075 saxifragaceis
1377 1033 1582 1075 analogia.

269 1097 700 1153 Geographia.
759 1102 1049 1139 Umbelliferae
1073 1101 1116 1137 in
1132 1102 1367 1147 regionibus
1385 1102 1618 1145 temperatis
1634 1105 1669 1138 et
1688 1103 1952 1148 frigidiuscu·

127 1161 182 1197 lis
198 1160 508 1203 hemisphaerae
524 1161 704 1196 borealis
720 1160 897 1196 maximo
913 1169 1080 1196 numero
1097 1159 1298 1206 habitant,
1330 1159 1436 1194 inter
1451 1159 1564 1202 ipsos
1582 1159 1757 1195 circulos
1776 1162 1952 1204 tropicos

127 1226 265 1265 rarae,
288 1216 463 1252 *nonnisi
480 1217 521 1252 in
537 1217 740 1252 montibus
757 1217 999 1253 celsioribus
1023 1216 1189 1263 obviae,
1221 1218 1288 1251 vel
1308 1216 1428 1258 juxta
1451 1216 1576 1252 maris
1599 1216 1735 1251 littora
1760 1218 1951 1254 habitan-

127 1279 202 1310 tes.
274 1276 357 1316 Nec
386 1283 560 1318 magnus
591 1274 821 1317 specierum
852 1278 964 1309 trans
1002 1273 1287 1316 capricornum
1324 1282 1531 1308 numerus.
1606 1269 1953 1319 Hydrae-otyzme

128 1335 276 1373 tamen,
301 1330 407 1365 inter
423 1326 607 1366 650L.B.
626 1335 664 1365 et
680 1326 870 1366 55⁰1..A.
888 1331 1091 1376 inclusae,
1117 1330 1222 1365 inter
1238 1329 1413 1372 tropicos
1432 1328 1759 1372 frequentissime
1776 1330 1953 1374 gignun-

129 1392 206 1422 tur.
264 1389 380 1422 Nova
402 1387 624 1422 Hollandia
648 1397 858 1435 generum,
890 1387 1083 1422 America
1106 1386 1306 1429 imprimis
1332 1386 1718 1428 interaequatorem
1750 1390 1788 1422 et
1818 1388 1954 1431 capri·-

129 1453 294 1480 cornum
312 1443 539 1486 specierum
555 1444 678 1486 hujus
695 1443 824 1479 tribus
842 1447 903 1479 est
922 1442 1201 1489 feracissima,
1234 1447 1273 1478 et
1288 1443 1381 1477 inde
1398 1446 1511 1478 trans
1535 1442 1734 1478 circulum
1758 1444 1954 1486 tropicum

128 1510 258 1544 usque
281 1501 333 1535 ad
357 1504 561 1535 extremas
584 1500 681 1535 novi
705 1500 951 1536 continentis
973 1499 1136 1535 insulas
1160 1499 1226 1535 sui
1250 1499 1412 1544 generis
1434 1501 1619 1546 plantae,
1649 1499 1795 1535 minori
1819 1504 1954 1540 tamen

130 1558 269 1602 copia,
303 1560 531 1603 emergunt,
563 1558 725 1593 boream
754 1566 901 1593 versus
932 1556 975 1591 in
1004 1556 1197 1593 America
1228 1557 1288 1591 cis
1320 1551 1394 1590 450
1415 1557 1462 1591 L.
1486 1557 1531 1590 Β.
1556 1557 1735 1591 nondum
1757 1562 1952 1599 repertae.

130 1616 371 1656 Europaeae
388 1621 565 1660 paucae,
598 1622 750 1656 eaeque
775 1614 899 1649 simul
921 1616 1005 1649 late
1028 1623 1099 1657 per
1122 1617 1318 1649 terrarum
1341 1615 1476 1648 orbem
1493 1612 1748 1659 divulgatae,
1781 1623 1833 1649 ex
1849 1614 1955 1651 Asia

131 1670 287 1706 boreali
305 1672 425 1712 plane
442 1672 598 1706 exules.
658 1671 866 1714 Capenses
884 1678 1061 1717 paucae,
1094 1671 1166 1706 sed
1182 1669 1322 1705 habitu
1340 1669 1499 1713 proprio
1515 1668 1720 1714 insignes,
1752 1669 1796 1705 in
1812 1671 1955 1706 Indiae

69 1764 73 1765 ⁷
132 1727 362 1763 continente
393 1730 430 1762 et
459 1726 611 1761 insulis
636 1735 774 1773 rarae,
805 1729 1031 1762 nonnullae
1055 1727 1294 1773 oceanicae,
1326 1726 1369 1762 in
1390 1725 1537 1760 Africa
1559 1726 1715 1769 tropica
1737 1730 1776 1761 et
1799 1726 1956 1763 boreali

132 1784 309 1819 nondum
324 1783 456 1819 visae.
515 1780 729 1817 Mulineae
743 1782 978 1819 Americam
996 1784 1220 1819 australem
1237 1782 1553 1825 extratropicam
1571 1781 1821 1829 inhabitant,
1854 1792 1956 1826 pau-

133 1839 344 1883 cissimae,
377 1847 530 1881 eaeque
554 1840 722 1886 dubiae,
753 1839 860 1875 inter
883 1839 1059 1883 tropicos
1081 1838 1238 1874 vivunt.
1296 1840 1479 1884 Drusae,
1511 1838 1674 1883 generis
1699 1840 1957 1877 canariensis

133 1899 212 1932 huc
235 1895 374 1942 relati,
406 1895 586 1931 affinitas
608 1896 825 1932 subdubia.
886 1893 1210 1931 saniculearum
1234 1895 1415 1932 maxima
1438 1895 1557 1939 copia
1580 1895 1624 1931 in
1640 1896 1832 1932 America
1852 1897 1959 1933 inter

135 1947 209 1987 35⁰
227 1951 271 1987 1).
287 1953 334 1987 B.
351 1955 390 1988 et
406 1947 480 1987 40⁰
494 1954 541 1988 L.
560 1954 610 1988 A.
628 1953 845 1999 reperitur,
877 1953 1076 1996 imprimis
1094 1953 1135 1988 in
1154 1952 1388 1997 regionibus
1405 1962 1550 1989 cancro
1567 1953 1765 1995 subjectis
1782 1957 1820 1988 et
1844 1957 1959 1991 trans

133 2008 417 2053 capricornum
440 2008 552 2056 sitis3
584 2009 728 2044 deinde
753 2009 1006 2052 frequentius
1031 2010 1073 2044 in
1098 2009 1262 2054 regione
1290 2010 1588 2045 mediterranea
1616 2010 1820 2057 habitant,
1851 2011 1960 2047 unde

132 2074 258 2110 parce
281 2065 324 2100 in
342 2065 571 2102 caucasum
594 2069 632 2100 et
653 2066 854 2101 Orientem
879 2070 1120 2110 evagantur.
1177 2067 1343 2102 Paucae
1365 2068 1569 2109 Europam
1593 2066 1786 2114 mediam,
1817 2066 1960 2111 impri-

136 2123 215 2159 mis
239 2125 458 2165 alpestrem
488 2125 526 2157 et
549 2123 703 2158 Novam
727 2123 990 2157 Hollandiam
1019 2123 1223 2168 incolunt,
1254 2122 1532 2165 paucissimae
1557 2132 1609 2157 ex
1630 2123 1759 2158 Asiae
1781 2124 1960 2166 tropicae

135 2179 304 2224 insulis,
338 2190 359 2215 e
381 2178 555 2222 Nepalia
584 2183 622 2214 et
645 2179 786 2222 Capite
814 2181 945 2215 bonae
967 2179 1057 2222 spei
1077 2181 1234 2214 relatae
1255 2178 1430 2215 fuerunt.
1487 2173 1738 2213 Armtzineae
1761 2180 1960 2223 copiosis-

135 2236 238 2273 sime
253 2235 296 2271 fn
311 2235 490 2278 regionis
505 2236 826 2271 mediterraneae
843 2244 914 2271 ora
929 2240 1101 2277 utraque
1117 2235 1356 2281 gignuntur,
1382 2235 1477 2270 inde
1494 2235 1537 2270 in
1553 2237 1756 2278 Europam
1773 2237 1960 2285 mediam,

137 2291 286 2328 rossici
316 2292 477 2335 imperii
506 2292 680 2328 ditiones
711 2294 937 2339 australes,
976 2292 1198 2338 Orientem,
1237 2292 1385 2328 Asiam
1414 2292 1608 2338 mediam,
1649 2292 1862 2339 Sibiriam,
1893 2290 1961 2330 In‘-

136 2349 247 2385 diam
263 2351 465 2385 borealem
480 2352 519 2384 et.
533 2348 758 2385 insularem
773 2349 1063 2403 diffunduntur.
1109 2348 1233 2385 Aliae
1247 2349 1481 2384 Americam
1497 2351 1700 2384 borealem
1717 2349 1961 2398 inhabitant,

136 2407 244 2442 unde
261 2414 419 2448 paucae
435 2405 620 2449 regiones
637 2405 815 2448 tropicas
833 2404 1128 2451 ingrediuntur,
1144 2405 1422 2448 paucissimae
1438 2409 1552 2441 trans
1569 2405 1847 2448 capricornum
1864 2415 1963 2443 evar-

140 2466 300 2506 gantur.
357 2461 527 2498 Africae
556 2462 870 2505 promontorium
903 2464 1086 2498 australe
1108 2461 1416 2497 Amminearum
1446 2464 1509 2497 sat
1533 2461 1650 2497 ferax
1672 2471 1765 2498 esse
1787 2463 1962 2510 videtur,

140 2520 365 2554 nonnullae
382 2519 504 2555 etiam
528 2529 549 2554 e
565 2520 682 2554 Nova
696 2518 921 2554 Hollandia
943 2520 1107 2554 adlatae
1130 2517 1307 2554 fuerunt.
1368 2515 1605 2552 Sesele‘neae
1625 2519 1766 2554 eadem
1790 2519 1873 2555 fere
1896 2529 1963 2556 ra-

142 2576 249 2610 tione
278 2583 328 2611 ac
349 2575 589 2611 Ammineae
618 2585 690 2619 per
718 2578 854 2611 orbem
884 2579 1082 2611 terrarum
1105 2575 1348 2611 distributae
1370 2578 1485 2621 sunt,
1517 2574 1560 2610 in
1581 2576 1746 2617 Europa
1768 2577 1903 2613 media
1925 2581 1965 2613 et

139 2632 295 2668 boreali
325 2631 511 2667 nonnihil
533 2631 598 2667 his
621 2631 930 2674 frequentiores.
988 2628 1408 2677 Pachypleurearum
1430 2631 1560 2667 tribus
1584 2632 1736 2674 stirpes
1759 2633 1964 2676 paucissi-

141 2697 230 2725 mas
255 2687 386 2724 Asiae
416 2688 596 2732 mediae,
628 2688 808 2732 regionis
838 2688 1156 2724 mediterraneae
1183 2687 1450 2724 occidentalis
1481 2692 1517 2723 et
1543 2688 1699 2731 Capitis
1723 2690 1852 2725 bonae
1875 2689 1964 2732 spei

141 2745 313 2789 colligit.
379 2738 708 2791 Angelae’cearum
739 2744 867 2780 tribus
895 2753 1004 2780 mere
1032 2745 1230 2790 borealiS,
1276 2744 1492 2787 speciebus
1522 2745 1690 2790 pauciS,
1730 2744 1773 2780 in
1801 2747 1966 2789 Europa

142 2802 278 2838 media
306 2804 344 2837 et
372 2801 530 2838 boreali
561 2801 715 2848 obviis,
759 2800 971 2837 nonnullis
1000 2800 1461 2847 boreali—americanis,
1507 2800 1697 2836 asiaticis
1729 2801 1896 2837 arcticis
1926 2806 1966 2838 et

143 2859 387 2902 quibusdam
410 2858 703 2901 nepalensibus
726 2862 936 2894 constans.
993 2854 1367 2891 Peucedanearum
1389 2856 1572 2892 maxima
1591 2865 1689 2901 pars
1712 2857 1818 2893 inter
1840 2859 1889 2893 35
1912 2877 1959 2883 —

146 2911 220 2951 50⁰
242 2917 288 2951 L.
312 2916 357 2950 B.
383 2918 422 2951 et
446 2916 496 2950 30
514 2932 571 2939 —
588 2910 660 2950 12⁰
683 2917 730 2951 L.
756 2916 807 2951 A.
832 2915 1016 2960 inclusa3
1042 2914 1090 2950 -in
1109 2916 1277 2958 Europa
1299 2913 1566 2960 occidentali,
1596 2913 1749 2949 insulis
1774 2914 1965 2952 canariis

145 2976 182 3007 et
200 2971 394 3008 America
406 2972 563 3008 boreali
578 2981 720 3018 rarae,
750 2971 793 3006 in
807 2971 926 3006 India
943 2971 1099 3006 boreali
1123 2974 1160 3007 et
1178 2971 1322 3014 Capite
1345 2974 1475 3007 bonae
1498 2970 1588 3013 spei
1611 2972 1749 3014 paullo
1773 2970 1965 3014 frequen-

146 3029 282 3065 tiones.
349 3025 653 3063 silerinearum
683 3030 814 3065 tribus
846 3027 1126 3074 pauperrima,
1171 3030 1377 3072 Europam
1406 3027 1602 3072 mediam,
1647 3026 1852 3070 regionem
1880 3038 1966 3064 me-

146 3085 436 3131 diterraneam,
468 3085 672 3122 orientem
687 3089 726 3121 et
741 3085 889 3121 Asiam
904 3087 1104 3120 borealem
1122 3084 1276 3122 incolit.
1323 3082 1546 3118 Cmm‘neae
1562 3085 1718 3119 duobus
1734 3085 1966 3132 generibus,

146 3143 273 3177 altero
289 3142 600 3188 mediterraneo,
631 3144 759 3178 altero
776 3141 1199 3178 boreali-americano
1214 3143 1494 3179 absolvuntur,
1558 3137 1814 3187 Thapsieoee,
1846 3150 1967 3184 prae-

147 3202 207 3234 ter
223 3199 421 3240 quasdam
436 3197 907 3245 boreali-amaricantis,
930 3197 975 3234 in
988 3199 1153 3241 Europa
1167 3198 1301 3234 media
1317 3201 1355 3234 et
1371 3197 1545 3234 australi
1559 3200 1796 3233 nascuntur.
1842 3195 1967 3233 Dan-

150 3253 295 3288 cineae
324 3254 367 3289 in
387 3255 553 3296 Europa
581 3254 775 3302 australi,
805 3255 850 3290 in
871 3255 978 3291 Asia
1007 3258 1047 3291 et
1066 3254 1213 3291 Africa
1232 3255 1529 3291 mediterranea
1550 3253 1695 3289 obviae
1717 3258 1832 3301 sunt,
1865 3256 1966 3291 non-‘-

150 3313 291 3346 nullae
307 3311 539 3346 Americam
553 3313 757 3347 borealem
780 3314 819 3346 et
840 3313 1062 3348 australem
1085 3311 1400 3354 extratropicam
1422 3311 1625 3356 incolunt,
1656 3310 1699 3345 in
1716 3312 1967 3347 Nova-Hol-

148 3366 291 3403 landia
307 3366 556 3402 rarissimae.
588 3364 930 3410 Elaeoselimm,
954 3372 1115 3412 praeter
1129 3376 1253 3404 unam
1269 3367 1448 3410 speciem
1464 3367 1738 3413 mexicanam,
1763 3368 1966 3412 regionem

151 3424 489 3459 mediterraneam
525 3423 770 3459 inhabitant.
838 3422 1123 3458 Caua-alinerra
1157 3423 1391 3460 Daucineis'
1421 3423 1655 3459 cohabitant
1689 3424 1870 3471 quidem,
1916 3435 1968 3461 ex

151 3478 296 3515 Africa.
334 3482 468 3515 tamen
504 3483 662 3515 exules.
736 3477 1016 3514 Scandicmae
1044 3482 1234 3524 Europae
1263 3480 1420 3516 mediae
1451 3485 1489 3516 et
1519 3479 1738 3526 australis,
1781 3490 1857 3517 nec
1887 3491 1968 3518 non

152 3535 330 3580 regionis
360 3534 799 3574 taurico-caucasicae
828 3536 1008 3587 incolae,
1052 3539 1277 3575 nonnullae
1306 3537 1567 3585 mexicanae‚
1614 3537 1812 3578 quaedam
1849 3538 1968 3574 andi-
