2147 3756
947 291 980 324 G
999 297 1022 323 E
1043 297 1071 323 Ν
1092 297 1116 323 E
1138 296 1167 322 R
1184 297 1232 324 A.

299 370 423 406 3833.
455 370 663 413 Hydrolea
680 365 804 409 Lina.
1227 371 1351 408 3835.
1381 373 1510 409 Nama
1525 370 1649 413 Lz'me.

509 418 634 477 §teris
653 419 787 453 Burm.
1126 467 1129 470 Δ
1536 438 1560 463 ης

506 467 879 550 {Zigt¹igliaigflllireb
1229 498 1351 535 3830.
1382 500 1665 537 Romanzoffia
1684 497 1828 538 eham.

505 565 714 608 {Hydrolia
734 566 924 599 Tltomcrs.
1543 564 1567 589 *

296 623 420 659 3834.
450 624 677 668 wiganuia
696 620 859 658 Kemtlc.
1230 625 1353 661 3837.
1385 624 1520 662 Codon
1537 623 1696 672 Royen.

321 714 644 759 Affinitas.
702 723 805 758 Ordo
821 721 1142 758 Polemoniaceis
1166 724 1203 758 et
1219 723 1535 766 Hydrophylleis
1553 724 1709 771 affinis,
1741 724 1921 768 proxime
1946 727 1999 762 ad

184 777 433 813 Solanaceas
462 779 639 825 accedit,
672 786 697 813 a
729 778 874 820 quibus
897 782 1003 822 stylo
1028 779 1178 821 duplici
1202 783 1240 814 et
1265 783 1481 823 embryone
1501 786 1609 816 recto
1633 781 1831 824 imprimis
1853 782 1999 818 distin-

183 834 332 878 guitur.
391 834 572 877 Longius
595 843 620 869 a
644 834 1005 883 convolvulaceis,
1036 837 1234 872 semiiium
1257 846 1444 883 numero,
1475 836 1696 873 albuminis
1713 842 1751 873 et
1767 838 1999 880 embryonis

181 890 318 925 indole
334 889 468 925 distat.
513 887 820 939 Romcmzoffia
835 895 942 935 stylo
961 892 1138 935 simplici
1155 895 1362 939 anomala,
1387 897 1426 928 et
1445 891 1605 937 Codon,
1623 903 1750 937 genus
1767 893 1861 930 flore
1879 895 1997 931 deca-

181 955 289 982 mero
306 956 396 981 cum
413 945 590 989 germine
607 947 757 982 dimero
775 957 799 984 a
815 949 982 992 reliquis
999 949 1222 996 diversum,
1255 950 1374 985 dubie
1391 950 1521 986 ordini
1537 951 1837 986 adscribuntur.

326 1011 752 1067 Geographia.
810 1018 1011 1063 Legitima
1042 1020 1410 1062 Hydroleacearum
1440 1029 1590 1065 genera
1619 1020 1662 1056 in
1692 1020 1886 1057 America
1918 1023 1999 1056 tro-

181 1071 277 1117 pica
311 1075 567 1117 potissimum
595 1075 799 1122 habitant,
843 1075 886 1110 in
916 1076 1234 1119 Madagascaria
1264 1081 1302 1111 et
1331 1076 1436 1112 Asia
1466 1077 1621 1120 tropica
1651 1078 1863 1112 admodum
1893 1086 1998 1113 rara.

182 1131 484 1167 Romanzoffiae
507 1130 551 1167 in
565 1130 758 1170 Amerina
779 1131 934 1169 arctica
955 1136 1137 1177 repertae
1158 1132 1334 1168 fuerunt.
1392 1133 1528 1170 Codon
1549 1133 1592 1168 in
1610 1134 1750 1181 Capite
1767 1137 1895 1169 bonae
1911 1133 2001 1177 spei

184 1187 383 1223 nascitur.

287 1316 298 1351 t
324 1251 685 1304 &ualitates
709 1259 750 1298 et
771 1264 939 1300 usus·
996 1259 1291 1304 Hydrolearum
1306 1261 1433 1296 herba
1448 1266 1588 1295 amara
1604 1261 1678 1297 est.
1730 1259 1841 1296 Nihil
1857 1259 1904 1296 de
1922 1268 2001 1297 usu

183 1323 282 1352 cons
303 1317 356 1352 at.

593 1451 761 1496 ordo
788 1450 1122 1498 CXLVIII.
1180 1450 1596 1497 Solanaceae.

325 1552 521 1601 Herbae
565 1569 770 1611 annuae,
815 1569 1051 1617 perennes
1094 1569 1139 1601 v.
1179 1553 1587 1610 suffrutescentes,
1631 1551 1910 1617 szff¹zctz‘ces
1954 1561 2003 1602 et

187 1623 411 1682 arbores,
472 1640 616 1671 succo
670 1640 846 1688 aqueo,
907 1625 1040 1671 caule
1092 1625 1323 1686 ramisque
1377 1624 1605 1670 teretibus
1657 1624 2007 1686 v.·angulatis·.-

183 1696 329 1742 Folia
358 1696 563 1753 alterna,
604 1696 790 1743 sessilia
819 1712 862 1743 v.
894 1695 1140 1758 petiolata‚
1180 1694 1432 1757 simplicia,
1481 1710 1624 1756 saepe
1662 1694 2002 1759 sinuato-‹len—

185 1773 308 1824 tata‚
358 1765 514 1813 lobata
543 1782 586 1814 v.
619 1767 954 1830 pinnatisecta,
1001 1782 1123 1813 nunc
1155 1765 1485 1828 integerrima,
1534 1781 1696 1812 ramea
1735 1774 1782 1812 et
1820 1765 2002 1812 floralia

183 1836 457 1900 plerumque
497 1837 766 1898 geminatim
797 1836 1103 1899 juxtaposita.
1177 1837 1399 1898 Sce‘pulae
1437 1836 1591 1882 nullae
1631 1853 1676 1883 v.
1711 1834 1942 1883 interdum
1975 1849 2002 1884 G

188 1922 398 1970 gemmae
432 1908 642 1954 axillaris
674 1908 800 1954 foliis
831 1907 1064 1970 primariis
1096 1907 1300 1968 spuriae.
1373 1908 1544 1953 Flores
1581 1907 1810 1969 perfecti,
1858 1923 2003 1969 regu-

186 1978 314 2025 lares
349 1995 392 2025 v.
425 1979 503 2025 vix
531 1978 846 2041 irregulares,
893 1993 1035 2042 saepe
1067 1978 1219 2024 alares
1252 1993 1296 2024 v.
1327 1977 1710 2034 extraaxillares,
1757 1975 2003 2040 pedicellis

187 2048 493 2097 ebracteatis.
581 2050 738 2112 θαῖμα)
775 2048 917 2106 liber,
965 2047 1317 2112 gamophyllus,
1368 2048 1600 2111 quinque-
1630 2048 1783 2094 rarius
1817 2046 2006 2112 quadri-

187 2118 393 2168 sexfidus
432 2135 474 2167 v.
513 2122 736 2183 partitus,
782 2120 1042 2184 persistens
1079 2128 1158 2166 aut
1196 2118 1433 2182 rarissime
1479 2135 1616 2181 supra
1660 2119 1809 2166 basim
1853 2118 2005 2182 persi-

187 2199 387 2238 stentem
427 2191 752 2238 circumscisse
792 2189 1043 2246 deciduus,
1090 2190 1364 2252 plerumque
1404 2205 1506 2236 cum
1538 2190 1691 2235 fructu
1723 2189 1823 2252 plus
1855 2189 2004 2238 minus

190 2277 432 2308 crescens.
514 2263 711 2308 Corolla
741 2261 1044 2324 receptaculo
1077 2260 1277 2317 inserta,
1311 2259 1629 2322 gamopetala‚
1662 2268 1842 2316 rotata„
1876 2275 2005 2306 cam-

187 2332 429 2397 panulata,
475 2331 916 2379 infundibuliformis
955 2347 1002 2378 v.
1037 2330 1559 2394 hypocraterimorpha‚
1608 2329 1747 2377 limbo
1780 2330 2008 2393 quinque·

188 2403 342 2450 rarius
369 2401 782 2465 quadri-sexfido,
816 2402 1006 2448 dentato
1031 2418 1074 2448 v.
1100 2401 1296 2464 partito,
1331 2400 1514 2447 laciniis
1538 2416 1625 2463 per
1647 2401 2007 2448 aestivationem

187 2474 396 2537 plicatis,
429 2490 470 2520 v.
504 2472 826 2536 induplicatim
856 2472 1074 2528 volvatis,
1115 2473 1264 2518 rarius
1296 2471 1573 2533 simpliciter
1603 2471 1815 2518 valvatis.
1890 2472 2004 2518 Sta-

188 2547 318 2591 mina
358 2544 566 2591 corollae
604 2543 715 2590 tubo
754 2545 954 2603 inserta,
1004 2540 1212 2604 ejusdem
1253 2542 1434 2588 laciniis
1473 2557 1663 2588 numero
1705 2541 1918 2605 aequalia
1957 2550 2006 2588 et

190 2615 392 2672 alterna,
427 2615 607 2661 inclusa
637 2631 679 2661 v.
714 2613 1222 2675 exserta3filamentels
1251 2612 1544 2659 liliformibus
1576 2630 1616 2660 v.
1643 2629 1668 2659 e
1699 2613 1801 2658 basi
1833 2613 2004 2660 latiore

190 2685 438 2742 subulatis,
485 2684 716 2732 interdum
746 2685 1116 2748 inaequilongis,
1162 2683 1449 2749 simplicibus
1479 2700 1526 2731 v.
1562 2683 1717 2739 antice
1751 2693 1829 2742 aut
1857 2684 2007 2735 utrin-

191 2772 281 2820 que
322 2755 463 2803 ‹leute
510 2757 681 2816 auctis,
730 2757 948 2804 cantheris
992 2755 1229 2811 introi-sis,
1276 2753 1634 2811 bilocularibus,
1684 2755 1858 2802 erectis
1905 2753 2005 2800 sive

192 2826 587 2885 incumbentibus,
633 2826 864 2875 interdum
905 2825 1263 2874 conniventibus
1294 2841 1336 2871 v.
1370 2826 1504 2888 apice
1536 2826 1659 2871 inter
1689 2840 1740 2870 se
1773 2824 2003 2881 connatis,

192 2898 358 2945 loculis
409 2899 657 2960 appositis,
720 2896 1126 2960 longitudinaliter
1183 2894 1532 2942 dehiscentibus
1584 2911 1629 2942 v.
1687 2910 1805 2957 poro
1859 2895 2006 2957 apicis

192 2970 384 3032 apertis.
463 2971 664 3015 Germen
697 2967 973 3030 (liphyllum,
1009 2966 1326 3028 carpophyllis
1359 2963 1569 3011 dextrum
1604 2973 1651 3010 et
1680 2965 1916 3011 sinistrum
1947 2964 2004 3011 ab

192 3040 270 3087 axi
315 3039 443 3086 floris
496 3038 614 3085 latus
667 3037 1033 3101 occupantibus,
1097 3033 1354 3082 eorundem
1404 3035 1689 3097 marginibus
1742 3035 2005 3083 introssexis

195 3109 575 3173 dissepimentum
620 3109 803 3173 planum
850 3106 1182 3171 praebentibus
1228 3105 1510 3164 biloculare,
1565 3123 1612 3153 v.
1662 3104 2006 3169 dissepimentis

194 3178 488 3228 secundariis
526 3196 552 3226 a
590 3180 811 3244 primario
842 3176 1208 3242 procedentibus
1238 3176 1522 3240 incomplete
1554 3194 1596 3224 v.
1630 3177 1862 3240 complete
1895 3192 2008 3240 qxua-

195 3250 746 3315 dri-quinqueloculare‚
792 3250 942 3296 rarius
981 3247 1389 3311 carpophyllorum
1421 3264 1612 3295 numero
1643 3263 1730 3310 per
1761 3255 2006 3294 excessum

195 3331 333 3368 aucto
365 3321 903 3386 tri-quinqueloculare.
985 3319 1387 3382 Tropkospermz'a
1418 3317 1755 3381 dissepimento
1788 3318 2006 3379 utrinque

196 3391 290 3438 lato
318 3391 457 3440 dorso
481 3392 651 3440 adnata
679 3409 722 3441 v.
748 3392 873 3440 linea
903 3389 1076 3438 dorsali
1107 3390 1304 3446 inserta,
1344 3390 1390 3437 in
1424 3390 1588 3437 loculis
1618 3389 1850 3444 solitaria,
1883 3402 2005 3434 nunc

198 3463 411 3526 utrinque
451 3465 658 3527 gemina,
703 3463 876 3529 parieti
911 3461 1199 3526 plusminus
1237 3459 1422 3509 admota
1462 3469 1512 3508 et
1548 3467 1684 3523 septo
1725 3455 2004 3507 secundario
