2147 3756
962 108 1085 161 589

224 285 349 321 5849.
379 283 622 330 Kirganelia
638 283 757 322 Juss.
1172 285 1297 322 5873.
1328 287 1607 332 Adenocrepis
1624 288 1764 328 Blum.

435 334 689 377 Ardinghelia
709 336 914 369 Commers.
1172 344 1298 378 5874.
1328 344 1532 387 Drypetes
1556 344 1679 381 l‘ahl.

225 385 350 419 5850·
381 384 568 421 Emblica
588 383 744 423 Giirln·
1172 400 1297 435 5875.
1329 402 1578 437 Sarcococca
1597 400 1733 438 [ΛΜΗ.

225 442 350 477 5851.
385 441 509 478 Cicra
525 439 647 476 Lv'rm·
1170 457 1294 509 5876.
1323 457 1603 499 Hyaenanclie
1622 457 1767 497 Lamb.
1790 491 1793 497 .

440 490 664 524 cheramela
682 489 855 536 Rumph.
1385 503 1711 542 Toxicodendron
1733 510 1877 546 Tleunb.

390 541 418 548 '⁴
434 539 685 582 §Tricaryum
703 540 820 575 Lour.
1490 565 1514 590 >k

220 590 345 626 5852.
375 591 624 634 Leptonema
641 588 740 626 Acir.
759 590 879 628 Juss.

222 648 345 682 5853.
377 647 632 684 Anisonema
649 646 750 684 Adr.
767 646 887 683 Juss.

222 704 347 739 5854.
380 705 719 747 Glochidonopsis
738 701 838 739 Adr.
857 703 976 741 JusS.

224 761 347 795 5855.
380 761 621 796 Glochidion
638 758 785 797 Forst.

1170 626 1293 663 5877.
1325 626 1595 671 Hedycarpns
1614 626 1742 667 Jack.

1171 685 1296 720 5878.
1326 685 1539 720 Pierardia
1562 683 1697 719 [corb.

1382 733 1590 767 Pici-andin
1608 733 1737 778 Bluyn.

435 807 614 843 Bradlei‘a
630 808 777 842 Rani-2.
1284 819 1321 860 G
1336 833 1359 861 e
1373 835 1397 860 n
1412 833 1470 862 ⁰1·
1481 834 1506 861 a
1538 822 1565 862 d
1579 823 1717 863 Ubia-

222 860 347 895 5856.
379 860 550 902 Gynoon
567 857 669 895 Adr.
686 858 804 894 Juss.

220 916 344 950 5857.
377 917 600 957 Scepasma
616 913 753 951 Blnm.
1171 910 1294 946 5879.
1325 913 1518 946 Meborea
1539 907 1654 947 Aubl.

218 973 342 1007 5858.
374 971 625 1014 Epistylium
641 969 824 1005 Smartz.
1185 969 1192 975 '
1382 959 1658 1002 Tephranthus
1676 960 1791 996 Nech-

1171 1010 1220 1043 58
1229 1010 1294 1044 80.
1326 1010 1431 1045 Pera
1451 1008 1597 1046 stlatis.

219 1023 346 1079 5853?
377 1028 637 1071 Stylomscus
655 1025 789 1064 Benn’
1382 1058 1577 1091 Peridtum
1599 1058 1747 1095 Schoct.

537 1092 561 1118 *
1380 1100 1519 1143 Spixia
1535 1101 1700 1137 Lemzdr.

217 1155 342 1192 5359,
371 1156 624 1192 Poramhera
640 1152 774 1203 Rudg‚
1169 1152 1295 1187 5881.
1326 1152 1622 1195 Aegotoxicum
1642 1152 1752 1188 Rm'z
1770 1160 1804 1191 et
1824 1153 1927 1194 Pac.

1381 1201 1638 1234 Aextnxicum
1659 1202 1761 1238 Ruiz
1781 1204 1922 1240 etPav.

108 1238 303 1275 TRIBUS
331 1238 393 1274 ῙΊ·
435 1238 661 1273 ΒῙῙΧΕΑΕ·
1167 1251 1291 1286 5882.
1325 1251 1617 1293 Margaritaria
1636 1249 1806 1304 Limus.

217 1306 341 1341 5860.
371 1305 558 1349 Flt'iggea
582 1301 727 1341 Willd.
1166 1308 1290 1343 5883.
1322 1309 1531 1351 Suregada
1551 1306 1689 1346 Roxb.

216 1363 341 1397 5861.
373 1361 566 1397 Richeria
589 1358 716 1396 Vahl.
1165 1365 1290 1400 5884.
1322 1365 1536 1400 Hexadica
1553 1361 1682 1401 Lour.

215 1420 341 1454 5862.
371 1419 560 1466 Amanoa
577 1414 697 1452 Αιιόῐ.
1165 1421 1289 1458 5885.
1322 1421 1548 1457 Homonoia
1563 1419 1694 1460 Lonr.

215 1477 340 1511 5863.
370 1476 618 1518 Lithoxylon
635 1471 759 1509 Endl.
1164 1479 1288 1514 5886.
1321 1479 1521 1515 Cladodes
1539 1476 1670 1517 Lour.

213 1534 337 1568 5864.
370 1532 621 1574 Securinega
640 1530 863 1568 Commers.
1164 1535 1288 1571 5887.
1319 1536 1504 1571 Echinus
1527 1532 1654 1571 Lonr.

216 1591 340 1625 5865.
373 1590 546 1625 Geblera
564 1586 707 1626 Fe'scle.
725 1593 764 1625 et
780 1588 890 1635 Mey.
1376 1584 1593 1618 tUlassium
1610 1585 1783 1632 Rumph.

214 1647 340 1682 5866.
371 1647 499 1682 Savia
523 1643 665 1680 Iram.
1165 1636 1289 1670 5888.
1319 1636 1569 1672 Irascadium
1589 1633 1693 1687 Raf.

213 1704 338 1738 5867.
369 1701 747 1747 Αοῑθῃῦἰὶᾶ-Βῐιιηι.
1165 1688 1289 1743 588ῗ.
1319 1692 1468 1734 Rhytis
1485 1689 1616 1727 Lour-

213 1762 338 1796 5868.
369 1760 535 1796 Tricera
553 1757 738 1795 Swartz.
1165 1746 1289 1800 588}-
1321 1751 1559 1785 Baccaurea
1576 1747 1705 1787 Lour.

428 1807 797 1844 Crantzia'Swartz.
1164 1803 1290 1856 588}
1319 1807 1551 1849 Lumanaja
1570 1805 1719 1845 Blanc.
1780 1818 1782 1822 ’

212 1860 338 1896 5869.
367 1860 512 1895 Buxus
535 1858 738 1908 Tonrnef.
1163 1859 1288 1914 588}
1319 1863 1506 1899 Lunasia
1522 1861 1675 1899 Blanc.

216 1917 338 1952 5870.
369 1917 666 1960 Pachysandra
682 1913 845 1951 Mle-lma
1197 1938 1244 1945 —
1320 1920 1597 1956 Desfontenea
1615 1918 1677 1958 Fl.
1697 1919 1760 1958 Fl.
1799 1961 1803 1964 ,

215 1975 340 2009 5871.
372 1975 620 2010 Tireeacoris
638 1971 739 2008 Adr.
757 1973 877 2010 Juss.
1196 1994 1244 2001 -
1321 1977 1489 2013 Mainea
1512 1975 1575 2012 Fl.
1594 1975 1659 2013 Fl.

216 2032 341 2067 5872.
373 2032 595 2068 Microelus
619 2028 765 2078 ”sight
784 2035 821 2067 et
838 2027 941 2068 Arn.
1191 2049 1250 2058 .....
1321 2033 1604 2079 Caelebogyne
1621 2033 1664 2071 J.
1684 2033 1834 2072 Smitlz.
1858 2079 1861 2081 ,

239 2109 566 2155 AffinitaS·
625 2116 729 2152 Ordo
760 2125 916 2153 summe
945 2112 1174 2164 naturalis,
1204 2116 1489 2167 multiformis,
1521 2128 1762 2165 organorum
1786 2132 1939 2160 sexun-

101 2171 203 2210 lium
234 2173 276 2209 in
306 2174 495 2210 diversas
524 2182 650 2216 saepe
679 2173 829 2216 stirpes
863 2174 1167 2221 segregatione,
1206 2176 1246 2209 et
1274 2173 1640 2220 integumentorum
1669 2178 1869 2216 floralium
1895 2182 1938 2218 in

99 2231 290 2274 pluribus
313 2230 473 2266 defectu
496 2239 535 2266 v.
553 2230 840 2276 simplicitate,
873 2232 925 2266 ad
948 2230 1112 2266 ordines
1135 2233 1521 2274 monochlamydeos
1546 2236 1741 2271 accedere
1764 2237 1937 2284 videtur,

101 2290 173 2325 sed
197 2290 245 2323 ob
271 2286 534 2323 manifestam
558 2296 650 2323 cum
671 2287 971 2331 Frangulaceis
996 2291 1034 2323 et
1057 2287 1408 2334 Terebinthineis,
1440 2290 1715 2328 mediantibus
1737 2292 1938 2337 imprimis

99 2345 344 2389 Juglandeis
360 2344 726 2390 Burseraceisque,
758 2344 1129 2392 necessitudinem,
1162 2348 1200 2380 et
1217 2346 1265 2381 ob
1285 2347 1464 2381 corollae
1481 2356 1604 2383 verae
1620 2348 1663 2384 in
1686 2359 1768 2386 non
1790 2352 1937 2394 paucis

54 2394 58 2397 ⁴
100 2402 398 2446 praesentiam,
429 2401 473 2436 in
494 2403 573 2436 hac
598 2400 734 2444 potius
762 2401 928 2445 regione
957 2403 1158 2437 locandus
1189 2404 1264 2437 est.
1323 2401 1500 2438 Fructus
1524 2402 1704 2449 fabrica,
1736 2406 1937 2450 imprimis

102 2458 300 2502 carpidiis
329 2458 439 2494 circa
468 2460 699 2493 columnam
729 2460 949 2493 centralem
978 2457 1264 2505 verticillatis,
1295 2467 1371 2493 nec
1401 2468 1481 2494 non
1506 2460 1752 2499 staminibus
1775 2465 1938 2508 saepis-

100 2514 205 2551 sime
235 2514 397 2550 coalitis
428 2516 481 2550 ad
503 2516 767 2560 MalvaceaS,
798 2514 909 2550 floris
939 2514 1256 2559 configuratione
1287 2513 1410 2550 etiam
1433 2517 1485 2551 ad
1509 2517 1834 2561 Menispermeas
1858 2521 1937 2557 ali-

102 2572 297 2614 quomodo
320 2571 492 2608 accedit.
548 2573 632 2609 Nec
652 2573 828 2609 obscura
857 2575 918 2608 est
947 2580 1040 2608 cum
1069 2571 1315 2615 quibusdam
1335 2571 1686 2625 Sapindacearum
1716 2577 1938 2621 generibus

104 2628 312 2673 analogia.

245 2691 676 2750 Geographia.
731 2699 1043 2738 Distributionis
1074 2700 1372 2746 geographicae
1395 2703 1800 2746 Euphorbiacearum
1819 2705 1935 2749 leges

102 2754 320 2793 difficulter
335 2761 593 2804 statuuntur,
623 2757 841 2801 speciebus
857 2760 1037 2794 nondum
1053 2768 1125 2802 per
1141 2768 1219 2794 sua
1235 2767 1387 2802 genera
1402 2759 1478 2795 rite
1494 2759 1665 2803 digestis
1677 2787 1687 2806 ,
1713 2765 1751 2796 et
1767 2762 1936 2805 tropicis

101 2813 358 2858 gerontogeis
381 2814 505 2850 nimis
528 2814 673 2857 paucis
687 2814 878 2859 cognitis.
934 2815 1244 2857 Descriptarum
1268 2818 1348 2850 tres
1371 2818 1700 2859 octavaepartes
1723 2816 1829 2853 inter
1854 2822 1936 2865 tro-

100 2871 216 2914 picos
240 2870 459 2907 Americae
480 2871 688 2917 habitant,
720 2870 985 2915 rapidissime
1007 2871 1237 2914 specierum
1258 2880 1404 2907 versus
1428 2874 1543 2916 polos
1560 2873 1827 2910 decremento.
1885 2876 1935 2912 In

101 2926 268 2971 regione
289 2928 586 2964 mediterranea
608 2932 648 2963 et
669 2928 714 2963 in
737 2928 848 2964 Asia
867 2928 1003 2964 media
1024 2930 1150 2963 multo
1174 2927 1428 2971 frequentius
1453 2938 1574 2972 quam
1597 2929 1640 2965 in
1655 2930 1849 2966 America
1870 2931 1933 2967 cis

101 2993 294 3021 cancrum
310 2985 393 3021 sita
407 2985 678 3028 reperiuntur.
713 2986 761 3021 In
776 2984 1015 3020 universum
1032 2985 1155 3020 etiam
1170 2984 1213 3020 in
1228 2984 1358 3020 veteri
1374 2987 1469 3021 orbe
1484 2987 1624 3028 plures
1639 2985 1683 3022 in
1699 2987 1933 3030 temperatis

100 3045 140 3077 et
171 3040 441 3078 calidioribus
464 3041 752 3085 extratropicis
774 3041 1087 3084 hemisphaerae
1108 3042 1289 3077 borealis
1313 3044 1577 3087 observatae,
1609 3051 1730 3085 quam
1754 3052 1776 3079 e
1798 3043 1933 3087 regio-

100 3097 223 3134 nibus
245 3097 523 3142 intertropicis
545 3101 702 3135 relatae
724 3097 909 3145 fuerunt,
939 3097 983 3134 id
999 3099 1102 3141 quod
1117 3098 1264 3142 partim
1279 3098 1503 3141 perfectius
1520 3101 1759 3142 exploratae
1774 3100 1932 3145 regioni
1957 3118 1959 3120 ·

100 3153 440 3201 mediterraneae,
472 3155 887 3191 taurino-caucasiae
902 3157 941 3190 et
956 3154 1134 3202 Orienti,
1166 3154 1286 3190 terris
1299 3155 1625 3198 Euphorbiarum
1642 3155 1930 3203 feracissimis,

101 3214 140 3245 et
163 3209 334 3246 Africae
363 3210 544 3254 tropicae
573 3211 698 3247 florae
719 3211 844 3248 nimis
868 3212 1002 3248 adhuc
1023 3214 1242 3255 obscurae,
1273 3210 1598 3254 Euphorbiaceis
1621 3215 1757 3248 autem
1780 3212 1931 3250 indicis

101 3267 279 3302 nondum
305 3266 479 3311 digestis
501 3267 764 3304 tribuendum
778 3267 911 3310 videri
932 3270 1082 3315 potest,
1112 3267 1197 3303 nisi
1220 3276 1364 3303 revera
1386 3276 1411 3303 a
1434 3268 1623 3311 stirpium
1638 3268 1810 3306 istarum
1825 3269 1932 3306 inter

103 3322 278 3366 tropicos
306 3323 460 3359 veteris
489 3322 600 3359 orbis
629 3324 769 3366 aliquo
800 3325 1052 3361 decremento
1080 3322 1287 3359 numerico
1320 3325 1506 3367 pendeat.
1571 3325 1707 3367 Major
1733 3329 1796 3361 est
1825 3325 1932 3363 inter

102 3378 388 3422 capricornum
418 3382 458 3415 et
480 3382 760 3427 aequatorem,
791 3389 913 3424 quam
933 3381 1039 3417 inter
1062 3382 1170 3416 hunc
1193 3383 1231 3415 et
1254 3388 1447 3416 cancrum
1470 3380 1699 3423 specierum
1718 3389 1929 3429 numerus,

102 3435 247 3478 majori
277 3435 479 3478 imprimis
506 3435 552 3471 in
574 3436 774 3472 Moluccis
803 3436 956 3473 insulis
985 3435 1386 3481 Euphorbiacearum
1416 3436 1715 3484 populositate..
1771 3439 1856 3474 Nec
1885 3439 1930 3476 in

105 3490 251 3529 Africa
274 3491 568 3537 aequinoctiali
588 3495 629 3529 et
641 3492 912 3531 Australasia
934 3492 1214 3538 infrequentes
1235 3495 1351 3541 sunt,
1382 3493 1547 3530 etiamsi
1568 3496 1708 3532 nautio
1730 3504 1850 3540 quam
1868 3496 1929 3532 cis
