2147 3756
1040 141 1157 194 550

328 306 651 353 Affinitaso
699 315 813 352 ,01110
838 314 1145 362 Blgnoniaceis,
1177 316 1531 359 scrophularineis
1554 322 1592 355 et
1609 319 2008 367 orobancheisgarcte

192 370 347 418 affiniS,
372 372 437 407 his
456 371 862 414 trophospermiorum
878 372 960 406 situ
977 371 1167 414 parietali
1182 372 1364 414 proxime
1381 373 1534 409 accedit
1546 401 1556 420 ,
1581 375 1750 411 seminis
1768 380 1806 411 et
1822 379 2007 419 embryo-

188 427 254 462 nis
278 426 451 474 fabrica,
484 436 557 462 nec
582 436 661 462 non
684 428 825 462 habitu
849 429 1007 462 abunde
1032 427 1270 474 distInctus,
1302 430 1616 471 1Jr0⁴·albuminis
1632 432 1866 473 praesentia
1879 441 1917 467 v.
1936 433 2006 467 de-

187 475 352 519 fectu'in
371 484 472 519 duos
489 483 728 519 subordines
746 482 1010 528 dispescitur,
1032 483 1153 518 etiam
1171 485 1335 520 sedibus
1352 486 1455 520 satis
1471 491 1718 530 segregatos.
1769 484 2006 528 Gesnereae

188 540 413 580 seminibus
444 540 712 576 albuminosis
743 540 937 585 donatae,
971 539 1129 581 calycis
1159 550 1248 575 cum
1279 537 1457 584 germine
1486 541 1528 577 in
1550 543 1762 578 nonnullis
1785 544 2003 586 generibus

144 604 155 609 ··
187 597 430 632 cohaesione
453 605 478 631 a
501 596 815 632 Personatarum
840 598 934 638 typo
959 596 1135 638 amplius
1163 598 1366 645 recedunt.
1421 599 1470 633 In
1491 598 1556 633 his
1579 600 1896 641 trophospermia
1913 609 2002 635 ses·-

185 652 306 699 silia,
337 652 515 689 stamina
537 655 578 686 ut
606 650 820 693 plurimum
839 654 1009 694 quatuor
1022 652 1223 699 perfecta,
1254 653 1445 689 lateralia
1459 654 1665 701 breviora,
1699 664 1903 697 nunquam
1920 660 2003 690 ste-

185 709 299 754 rilia,
331 710 468 745 antica
498 708 737 749 quandoque
766 710 1005 744 ananthera.
1067 706 1363 754 Gyrtmzdreae
1390 710 1570 754 germine
1600 711 1758 754 semper
1780 712 1905 746 libero
1929 712 2000 745 do-

184 769 326 811 natae,
360 768 520 807 propter
541 763 764 798 albuminis
788 763 987 799 defectum
1004 773 1029 800 a
1044 766 1253 801 nonnullis
1269 766 1312 801 in
1328 766 1532 809 proprium
1551 767 1729 802 ordinem
1745 771 1999 812 segregatae,

183 820 513 863 trophospermiis
538 828 558 853 e
581 819 737 855 lamina
760 821 953 862 porrectis
978 825 1016 856 et
1037 822 1280 864 saepissime
1297 823 1478 870 margine
1494 823 1536 858 in
1554 817 1845 865 di'ssepimenta
1859 823 2002 868 spuria

184 877 400 921 revolutis,
431 876 730 917 aliquantulum
759 885 784 911 a
807 878 1098 913 Gesnerearum
1125 883 1216 920 typo
1242 880 1293 913 ad
1316 881 1513 914 nonnulla
1536 879 1907 924 Bignoniacearum
1930 890 2001 924 ge-

181 942 282 968 nera
309 935 497 976 vergunt.
564 933 740 967 Fructus
772 933 1002 974 capsularis
1034 934 1205 970 istarum
1235 935 1411 977 siliquae
1440 936 1609 980 figuram
1639 936 1782 983 refert,
1821 936 2001 974 stamina

180 989 373 1046 lateralia
388 988 654 1036 saepissime,
685 988 819 1025 rarius
837 989 995 1038 antica,
1026 990 1260 1033 imperfecta
1276 988 1382 1028 sunt.

321 1080 748 1136 Geographia·
810 1079 1048 1122 Ges-aereae
1071 1097 1209 1124 omnes
1232 1088 1274 1124 in
1295 1091 1406 1125 Novo
1425 1088 1664 1126 continente
1685 1089 1891 1136 habitant,
1922 1091 1999 1126 sub

179 1143 269 1188 ipso
300 1148 518 1186 aequatore
542 1143 821 1186 copiosissime
845 1148 1097 1191 crescenteS,
1128 1148 1350 1181 nonnullae
1371 1146 1413 1188 in
1435 1147 1612 1182 vetustis
1633 1149 1818 1181 arborum
1842 1147 1998 1181 truncis

177 1200 444 1245 parasiticae,
478 1199 519 1234 in
537 1200 782 1242 subtropicis
800 1198 1013 1235 admodum
1031 1210 1160 1236 rarae.
1223 1198 1518 1246 Gyrtcmdreae
1535 1202 1576 1236 in
1593 1202 1701 1237 Asia
1716 1202 1889 1248 tropica,
1921 1201 1998 1236 im-

176 1257 320 1301 primis
349 1256 547 1303 insulari,
578 1256 621 1290 in
645 1256 890 1299 Ilixnalayae
915 1257 1027 1300 jugis
1051 1258 1100 1292 ad
1128 1260 1313 1292 austrum
1339 1258 1588 1303 declivibus,
1619 1258 1661 1293 in
1686 1258 1842 1300 Capitis
1867 1261 1997 1293 bonae

132 1335 139 1337 e
177 1313 267 1357 spei
288 1313 566 1357 interioribus,
599 1322 768 1347 necnon
786 1313 826 1359 in
844 1314 1161 1357 Madagascaria
1177 1317 1441 1360 generantur,
1472 1314 1646 1353 inNova
1662 1315 1883 1364 Hollandia
1898 1316 1996 1349 sub-

178 1368 332 1411 tropica
361 1372 398 1404 et
419 1370 534 1404 Nova
555 1369 781 1404 Zeelandia
812 1369 1059 1405 rarissimae.
1118 1371 1211 1405 Una
1234 1367 1398 1417 Klugz'cc
1419 1380 1441 1406 e
1464 1370 1619 1406 Mexici
1640 1370 1843 1407 montibus
1865 1372 1996 1406 relata

177 1425 278 1473 fuit,
312 1433 432 1469 aegre
446 1434 471 1460 a
487 1425 744 1461 Glossanthis
761 1424 910 1462 indicis
927 1428 1171 1471 separanda.
1206 1446 1209 1448 -
1556 1442 1559 1446 Α

317 1515 678 1569 Qualitates
703 1525 742 1558 et
763 1529 934 1563 usus·
991 1523 1076 1560 Vix
1098 1524 1316 1567 quidquam
1340 1524 1388 1560 de
1404 1522 1558 1560 ordinis
1577 1527 1643 1561 sat
1657 1524 1768 1560 vasti
1785 1523 1996 1567 qualitati-

174 1584 252 1618 bus
289 1580 477 1623 comperi.
549 1581 710 1615 Baccas
742 1582 1038 1616 Gesnerearum
1075 1582 1342 1629 quarundam
1363 1580 1612 1625 'mucilagine
1651 1581 1761 1616 dulci
1790 1584 1994 1616 scatentes

175 1638 346 1684 comedi,
372 1639 536 1672 herbam
553 1635 806 1679 fructumque
824 1637 1063 1672 imbuendae
1079 1637 1283 1673 coloribus
1300 1639 1422 1672 lanae
1438 1637 1650 1684 inservire,
1670 1637 1995 1681 peregrinatores

171 1696 346 1730 monent.
388 1691 638 1732 Columneae
655 1687 896 1727 shandentz‘s
912 1691 1196 1739 Linn½0m1g0
1212 1692 1340 1729 Liane
1357 1702 1382 1729 a
1396 1692 1551 1738 Syron)
1569 1693 1709 1729 discus
1724 1694 1993 1737 glandulosus

172 1759 339 1787 succum
355 1751 543 1784 melleum
561 1749 724 1792 copiose
741 1749 928 1785 secernit.
987 1746 1256 1783 Sarmientae
1271 1748 1456 1795 repentis
1472 1749 1578 1785 Ruiz
1595 1753 1633 1785 et
1650 1742 1750 1784 Pav.
1768 1742 1878 1784 foliis
1897 1748 1995 1784 Chi-

171 1807 256 1843 leni
274 1806 378 1841 cutis
396 1808 526 1840 callos
541 1809 577 1840 et
595 1808 736 1841 clavos
754 1807 898 1848 pedum
915 1806 1094 1841 emollire
1110 1809 1254 1842 solent.
1305 1803 1478 1840 Pieriae
1494 1804 1628 1852 Lour.,
1646 1808 1812 1848 plantae
1828 1804 1990 1840 cochin-

172 1862 403 1907 chinensis,
436 1861 553 1896 dubie
576 1864 654 1896 huc
678 1865 852 1908 relatae,
883 1861 983 1897 folia
1007 1863 1280 1898 amarissima.
1339 1859 1750 1907 Dz'ofiymocarporum
1773 1862 1994 1897 nonnullo·

172 1928 260 1955 rum
296 1921 460 1954 herbam
497 1919 758 1953 aromaticam
795 1918 1017 1961 perhibent.
1083 1919 1227 1954 Plures
1257 1918 1482 1960 utriusque>
1497 1918 1752 1964 sudordinis,
1791 1916 1993 1959 imprimis

173 1979 307 2011 tamen
323 1973 566 2021 americani,
591 1975 753 2018 species
767 1974 811 2011 in
827 1974 1023 2012 caldariis
1039 1977 1247 2024 coluntur,
1271 1975 1380 2011 floris
1398 1976 1540 2011 decore
1557 1972 1992 2011 commendatissimae.

308 2092 810 2140 *Crescentieaffl
868 2095 937 2135 Ad
965 2095 1359 2137 Gesneracearum
1393 2096 1565 2136 calcem
1594 2093 1883 2136 collocamus
1913 2104 1991 2146 ge-

168 2165 280 2194 nera
317 2153 540 2206 quaedam
581 2165 670 2193 mon
710 2155 823 2192 satis
863 2154 1074 2206 cognita,
1118 2154 1242 2193 inter
1280 2154 1487 2206 tropicos
1518 2153 1677 2203 Asiae,
1723 2149 1905 2191 Africae
1944 2153 1992 2189 et

167 2211 407 2251 Americae
447 2209 688 2262 indigena,
734 2220 850 2261 quae
874 2209 1011 2248 foliis
1043 2210 1323 2262 saepissime
1341 2209 1634 2261 compositis,
1679 2221 1719 2247 v.
1750 2208 1796 2246 in
1829 2205 1988 2246 eadem

169 2267 314 2318 stirpe
346 2265 657 2318 simplicibus,
687 2263 802 2306 flore
826 2264 1108 2318 Bignoniae,
1139 2264 1296 2306 fructu
1331 2265 1570 2314 coriaceo,
1602 2263 1787 2317 lignoso
1819 2277 1860 2303 v,
1888 2274 1988 2302 car-

169 2335 310 2372 noso,
340 2321 683 2370 iudehiscente,
716 2320 995 2375 plerumque
1027 2321 1330 2369 unssoculari,
1371 2321 1704 2373 seminibusque
1737 2318 1986 2372 angulatis,

168 2378 328 2431 embry
332 2390 508 2431 oueque
544 2377 916 2428 exalbuminoso,
949 2390 1147 2427 carnoso
1182 2377 1375 2442 donata,
1407 2376 1639 2416 affinitate
1671 2376 1792 2415 inter
1797 2348 1987 2428 ξ’13115110-

170 2437 355 2475 niaceas
393 2442 439 2475 et
470 2434 788 2476 Gesneraceas
819 2434 1055 2488 ambigua,
1099 2434 1279 2489 proprii
1310 2434 1486 2476 ordinis
1512 2434 1591 2488 jus
1632 2442 1886 2488 exposcere
1925 2429 1986 2471 11-

169 2492 373 2534 deutur

487 2644 490 2646 Ι
935 2595 968 2630 G
985 2602 1010 2630 E
1030 2602 1061 2630 N
1080 2603 1105 2630 E
1123 2603 1152 2632 R
1169 2603 1215 2631 A.

279 2681 401 2718 4171.
432 2676 662 2715 Periblema
676 2674 769 2713 DC.
914 2677 917 2679 ’
940 2677 944 2679 “
1210 2673 1338 2729 417-ῗ.
1365 2676 1603 2714 crescentia
1620 2672 1744 2711 Lz‘nn.

487 2728 673 2760 Boutonia
688 2724 767 2761 DC.
1275 2747 1278 2751 ·
1369 2766 1372 2769 Δ
1424 2730 1562 2773 Cujete
1583 2731 1706 2766 Pium.

276 2775 397 2830 4171
427 2779 716 2820 Phy·llarthion
734 2774 825 2810 DC.
1213 2792 1337 2849 4172
1367 2797 1533 2840 Kigelia
1548 2793 1640 2828 DC

415 2839 418 2841 ·
487 2825 803 2885 Arthrfflssiyllum
818 2822 906 2875 ΒΟ]
1012 2841 1018 2847 ’
1055 2841 1069 2877 ἰ
1424 2846 1657 2884 Tange-cium
1673 2844 1762 2892 Boj

274 2873 396 2927 417]-
428 2878 551 2912 Colea
567 2874 663 2920 Boj.

275 2935 387 2983 417-
371 2931 399 2969 ¹.
430 2935 711 2967 Parmentiera
726 2928 819 2965 DC.

275 2991 398 3027 4172.
429 2988 675 3025 Tanaecium
695 2985 875 3020 swartz.

483 3034 648 3087 ‘liar-oba
661 3035 838 3078 DIcqrcgr.

1213 2917 1337 2953 4173.
1368 2914 1632 2958 'rripinnaria
1649 2910 1766 2946 Pers.

1423 2969 1614 3014 Tripinua
1628 2966 1745 3003 Lour.

303 3149 701 3197 observatio.
762 3152 1032 3189 cresc-emme
1052 3149 1199 3198 anete
1214 3152 1334 3190 Linn.
1347 3181 1357 3201 ,
1389 3152 1545 3190 arboris
1562 3152 1606 3189 in
1621 3149 1811 3188 America
1826 3147 1981 3192 tropica

163 3215 404 3262 indigenae,
430 3214 586 3250 fructus
603 3212 713 3249 cauli
729 3211 968 3257 innascens,
1001 3210 1396 3257 cucurbitaeformis,
1428 3212 1554 3253 pulpa
1571 3216 1765 3255 carnosa,
1796 3206 1980 3242 acidulo-

166 3273 277 3308 dulci
293 3274 442 3318 scatet,
471 3270 635 3314 nigritis
659 3269 702 3304 in
723 3264 891 3304 cibariis
913 3268 1234 3313 commendatus,
1266 3267 1389 3303 etiam
1409 3266 1514 3302 inter
1538 3265 1794 3303 diversarum
1816 3261 1979 3306 passio-

165 3338 262 3364 num
278 3327 474 3373 remedia,
505 3326 547 3361 in
563 3325 711 3361 morbis
727 3323 1069 3369 inflammatoriis,
1100 3323 1283 3371 biliosis,
1314 3323 1356 3358 in
1372 3321 1526 3367 phthisi
1542 3325 1580 3358 et
1583 3322 1792 3370 hydrope,
1815 3321 1977 3354 externe

165 3385 219 3419 ad
241 3384 449 3420 sanandas
476 3381 741 3418 contusiones
758 3379 978 3416 adhibitus.
1035 3381 1068 3414 E
1093 3379 1319 3423 pericarpio
1338 3379 1498 3429 lignoso
1515 3367 1621 3416 ollas
1637 3375 1798 3429 faciunt
1808 3377 1847 3414 et
1861 3371 1979 3411 varia

165 3439 363 3475 utensilia
378 3442 537 3482 parant.
583 3439 753 3491 Pulpae
772 3433 979 3495 Tcmaecii
991 3433 1078 3471 Jar
1081 3445 1172 3470 owa
1188 3431 1366 3472 swartZ.
1383 3435 1533 3474 similis
1554 3443 1679 3482 usus,
1707 3424 1979 3476 pericarpium

167 3494 316 3541 fragile
331 3495 475 3532 inutile
491 3497 565 3533 est.
