2147 3756
1074 93 1193 144 (³54

226 261 440 299 vnanesv'ae
470 261 691 307 (Guayavo
716 264 764 300 de
786 264 1008 309 Anselmo)
1039 269 1076 301 et
1101 262 1317 311 Eugem’ae
1346 267 1484 309 plures
1509 265 1788 314 americanae,
1819 264 2038 302 Jossim‘ae

224 320 516 367 mauritianae,
548 324 585 356 et
602 318 832 355 Jambosae
849 322 1047 357 asiaticae
1063 321 1261 365 imprimis
1279 322 1549 358 nominandae
1565 328 1671 360 sunt.

362 390 608 433 capsulares
632 390 830 434 imprimis
855 391 1043 427 foliorum
1066 394 1153 427 oleo
1177 395 1364 428 aethereo
1380 395 1540 440 valent,
1573 393 1695 429 etiam
1711 392 1875 429 floribus
1892 393 2037 430 mirum

218 446 261 484 in
283 447 443 482 modurn
469 447 626 483 decoris
649 447 1082 484 commendatissimae.
1112 444 1113 447 ’
1143 445 1434 494 Leptospermz·
1455 448 1645 494 scopare?
1665 450 1806 485 Smith.
1830 459 1900 492 pro
1924 451 2037 486 Thea

217 512 336 539 usum
353 505 623 549 navarchum,
648 513 718 546 per
733 506 870 538 Novae
884 504 1135 540 Zeelandiae
1150 505 1288 540 littora
1305 509 1503 541 errantem
1516 532 1525 550 ,
1550 506 1721 548 penuria
1738 506 1883 541 docuit..
1929 506 2036 542 Con-

216 567 408 603 generum
434 563 472 595 et
495 560 675 595 affinium
699 561 896 602 quaedam
920 568 946 596 a
970 561 1127 597 colonis
1150 560 1194 597 in
1215 564 1331 598 Nova
1347 562 1568 598 Hollandia
1591 562 1828 606 degentibus
1849 562 1968 598 hodie
1991 562 2036 598 in

216 616 393 653 similem
412 625 528 652 usum
550 618 776 652 trahuntur.

357 687 489 728 Major
508 683 769 720 Melaleucae
788 684 1134 733 Cajecpnlz'Roxb.
1154 685 1204 730 (i.
1225 698 1259 724 e.
1277 690 1396 724 albae
1413 688 1594 732 arboris]
1614 688 1723 732 fama
1740 692 1800 725 est
1813 716 1822 736 ,
1837 691 2036 725 arbuscu-

214 744 282 779 lae
311 742 353 778 in
379 743 579 778 Moluccis
610 742 846 788 indigenae,
878 749 1040 788 propter
1062 745 1249 788 egregias
1274 746 1352 780 olei
1377 743 1480 788 (olei
1505 746 1720 791 Cajeput),
1754 746 1856 788 quod
1880 756 1900 780 e
1923 744 2035 782 foliis

214 799 478 843 capsulisque
508 802 694 848 paratur,
726 801 966 850 qualitates,
1000 801 1147 845 quibus
1172 802 1423 845 camphorae
1448 805 1485 838 et
1501 801 1823 849 ,Terebinthinae
1847 802 2035 839 virtutem

215 857 455 892 aemulatur.

356 910 609 948 Res'iniferae
625 913 912 950 Australasiae
929 915 1100 952 ‚arbores
1117 924 1169 950 ex
1183 914 1405 958 Eucalypti
1422 924 1570 959 genere
1585 918 1699 960 sunt,
1732 915 1833 958 quod
1851 913 2036 949 innume-

215 967 273 1003 ris
296 967 511 1011 speciebus
536 970 737 1015 superbit,
772 980 875 1013 quae
898 973 1075 1007 nondum
1100 981 1125 1007 a
1148 963 1348 1007 botanicis
1366 972 1572 1018 definitae,
1607 971 1884 1007 amiserrimis
1902 974 2035 1006 tamen

212 1024 572 1070 homuncionibus,
590 1025 658 1068 qui
675 1026 805 1062 nativi
821 1028 1085 1064 vastissimae
1100 1029 1263 1064 insulae
1281 1028 1430 1063 domini
1447 1031 1559 1073 sunt,
1579 1028 1752 1071 propriis
1769 1027 2036 1071 designantur

212 1081 457 1117 nominibus.
517 1082 726 1118 Plurimae
756 1086 843 1119 oleo
873 1087 1057 1122 aethereo
1088 1093 1237 1128 graves
1262 1085 1447 1127 Cajeputi
1470 1084 1737 1128 fragrantiam
1762 1086 2033 1130 aemulantur,

212 1139 436 1173 nonnullae
464 1138 729 1176 manniferae.
789 1136 1057 1186 Eeccctlyptus
1089 1139 1323 1189 resv‘m'fera
1354 1141 1518 1187 Sinith.,
1559 1143 1678 1176 arbor
1707 1143 1847 1185 vasta,
1892 1139 2033 1176 fronde

212 1196 381 1237 pulchre
406 1203 566 1230 ramosa
591 1196 754 1243 decora,
787 1206 910 1233 succo
934 1199 1181 1244 rubicundo,
1214 1197 1568 1232 vehementissime
1592 1196 1869 1239 adstringente
1886 1199 2030 1243 scatet,

213 1251 281 1293 qui
304 1259 356 1285 ex
378 1251 526 1286 inflicto
549 1254 718 1288 vulnere
743 1262 936 1301 manans,
966 1254 1180 1289 induratus
1207 1250 1376 1287 Gmnmz'
1402 1251 1514 1287 Kz'no
1540 1250 1753 1287 mastralis
1777 1252 1938 1288 nomine
1961 1262 2034 1287 ve-

209 1306 320 1342 nalis
337 1311 409 1343 est.
467 1307 641 1352 Lignum
659 1310 922 1351 plurimorum
939 1311 1113 1354 egregiis
1131 1310 1398 1353 qualitatibus
1413 1314 1650 1358 praestans,
1681 1308 1904 1345 immensae
1922 1310 2034 1344 colo-

210 1362 276 1400 nis
294 1363 484 1398 utilitatis
502 1368 573 1400 est.
636 1365 782 1400 Cortex
799 1367 969 1402 tannina
986 1370 1128 1402 scatet.

352 1423 656 1461 Myrtacearum
680 1424 933 1463 quarundam
958 1426 1096 1457 cortex
1118 1423 1238 1457 etiam
1263 1425 1442 1457 aromate
1464 1425 1682 1465 praestans
1699 1424 1778 1466 est,
1810 1429 1903 1456 nam
1925 1413 2032 1455 Cais-

212 1475 303 1512 82'ae
333 1473 709 1523 caryophyllatae,
743 1487 859 1521 quern
889 1478 1077 1514 officinae
1107 1481 1272 1520 serviant
1301 1478 1489 1513 corticem
1513 1477 1661 1521 (vulgo
1690 1475 2031 1525 Nelkenzimmt),

211 1543 233 1569 e
258 1532 409 1575 duplici
431 1535 576 1571 saltem
599 1536 785 1569 arborum
807 1539 1085 1578 mytacearum
1108 1535 1243 1578 specie
1260 1535 1386 1577 repeti
1406 1536 1632 1581 perhibent;
1665 1527 1782 1577 quern
1798 1534 2035 1570 Americani

208 1591 348 1633 legunt
371 1589 413 1624 in
430 1588 599 1635 Myrcia
616 1589 807 1627 acrz’DC.
833 1591 991 1635 (myrto
1018 1592 1338 1634 Caryophyllata
1364 1589 1523 1637 Jacq.],
1555 1591 1598 1626 in
1615 1591 1789 1627 Antillis
1812 1595 2030 1638 crescente,

207 1649 348 1682 natum
365 1650 575 1693 asserunt,
607 1647 822 1683 asiaticam
837 1658 1008 1684 mercem
1027 1658 1047 1682 e
1065 1644 1244 1694 Syzygz'o
1263 1644 1589 1694 earyophyllato
1609 1649 1769 1694 Gartn.,
1797 1647 2034 1690 ceylonensi

210 1705 373 1749 arbore,
406 1703 612 1751 derivant,
644 1704 726 1739 nisi
750 1707 943 1740 alteruter
962 1715 983 1740 e
1000 1706 1208 1740 Laurinea
1231 1705 1356 1748 stirpe
1380 1708 1551 1747 petatur.
1609 1700 2032 1739 Metrosmeriverae

208 1761 382 1801 Rumph.
407 1757 582 1806 (Nani),
614 1761 772 1796 arboris
794 1764 1080 1808 moluccanae,
1114 1764 1252 1797 cortex
1274 1761 1447 1804 primum
1470 1760 1623 1808 dulcis,
1657 1761 1749 1796 dein
1772 1770 1862 1795 curn
1880 1759 2031 1796 amari-

209 1817 349 1852 tudine
379 1816 658 1863 adstringens,
690 1826 863 1861 magnae
894 1819 1095 1854 adversus
1128 1819 1363 1853 diarrhoeas
1394 1822 1429 1852 et
1454 1820 1771 1853 blennorrhoeas
1794 1817 1931 1852 laudis
1956 1820 2029 1852 est.

207 1872 382 1916 Lignum
399 1872 660 1908 durissimum
677 1874 838 1918 egregie
856 1875 986 1911 durat.
1027 1871 1246 1909 Foetz'de'cte
1264 1872 1556 1908 maurilianae
1574 1874 1721 1911 Corum.
1741 1873 1860 1917 (Bois
1878 1871 2030 1917 puant)

208 1929 365 1973 lignum
384 1929 504 1964 odore
519 1929 684 1965 infame.

349 1987 382 2022 Ε
412 1983 634 2020 (fastuosis
664 1986 911 2023 americanis
944 1991 1171 2032 complures
1204 1990 1251 2024 ob
1283 1987 1574 2023 cadaverinum
1605 1986 1710 2032 ligni
1739 1987 1930 2023 foetorem
1955 1995 2030 2022 no-

209 2044 356 2078 tantur.
420 2039 658 2077 Gustavme
683 2046 894 2089 augustae
917 2044 1037 2081 Linn.
1072 2043 1318 2092 (Meribrim,
1353 2044 1484 2088 Baco)
1517 2043 1617 2080 folia
1639 2053 1709 2087 pro
1734 2045 2030 2086 cataplasmate

207 2098 451 2135 inserviunt.
514 2096 751 2134 Gustare-iae
767 2091 982 2146 speciosae
997 2102 1079 2137 DC.
1098 2100 1309 2148 (ChupOJ,
1333 2100 1375 2136 in
1393 2110 1513 2144 regno
1530 2099 1924 2135 Novo—Grarratensi
1941 2108 2028 2134 cre-

208 2154 383 2202 scentis,
416 2155 572 2191 fructus
588 2156 707 2192 avide
724 2166 749 2192 a
765 2157 900 2200 pueris
917 2161 1131 2206 vorantur,
1164 2157 1232 2200 qui
1253 2168 1274 2193 e
1293 2157 1364 2192 tali
1380 2157 1468 2191 cibo
1487 2157 1556 2191 toti
1572 2156 1818 2203 flavescunt,
1850 2157 1921 2192 sed
1938 2158 2028 2198 post

208 2220 333 2248 unum
350 2213 575 2248 alterumve
593 2213 718 2260 diem,
751 2213 842 2249 sine
860 2216 941 2249 ullo
958 2215 1151 2260 remedio,
1184 2217 1356 2249 colorem
1374 2216 1600 2248 naturalem
1620 2215 1869 2255 recuperant.
1908 2210 2028 2245 Bar-

207 2268 521 2314 ring-comarum
545 2269 811 2305 asiaticarum
828 2269 927 2305 folia
939 2271 1104 2312 juniora
1120 2271 1162 2305 in
1179 2270 1370 2306 acetariis
1388 2271 1670 2317 comeduntur,
1704 2270 1845 2304 adulta
1859 2267 2030 2303 medici-

206 2327 322 2371 nam',
354 2325 397 2360 in
426 2325 566 2361 scabie
595 2325 756 2373 utilem,
788 2329 995 2369 praebent.
1061 2325 1399 2372 Barrz‘ngtom'ae
1422 2334 1669 2360 racemosae
1692 2327 1825 2360 Blum.
1850 2325 2028 2361 radicem

206 2381 452 2425 febrifugam
469 2380 692 2424 perhibent.
744 2380 1083 2428 Barre'ngtom'ae
1100 2382 1314 2429 speciosae
1330 2383 1450 2418 Linn.
1469 2382 1497 2418 f.
1515 2382 1739 2418 seminibus
1756 2382 1798 2416 in
1815 2383 2030 2417 carbonem

207 2439 384 2474 redactis
421 2439 622 2474 adversus
660 2438 831 2474 colicam
869 2443 907 2474 et
947 2440 1201 2483 diarrhoeam
1231 2443 1411 2475 utuntur.
1477 2438 1627 2474 lisdem
1656 2438 1792 2482 pisces
1825 2437 2029 2474 inebriare

205 2496 350 2530 solent.
414 2492 606 2541 Careyae
629 2493 837 2529 arboreae
858 2497 988 2532 Roxb.
1020 2495 1178 2532 fructus
1207 2495 1443 2539 pyriforinis
1467 2498 1591 2531 estur.
1648 2494 1814 2530 Semina
1835 2497 2029 2538 suspecta

204 2552 416 2587 habentur.

347 2603 625 2653 Lecythz‘dum
655 2607 813 2644 semina
843 2610 1002 2655 oleosa,
1035 2609 1345 2653 amygdalarum
1368 2607 1546 2645 dulcium
1570 2606 1865 2651 praestantiam
1887 2615 2028 2643 aemu-

204 2665 363 2710 lantur,
394 2673 620 2708 paucarum
648 2665 877 2707 specierum
909 2675 1049 2701 amara
1073 2670 1180 2701 sunt.
1239 2665 1480 2707 Pericarpia
1503 2674 1573 2707 pro
1595 2665 1688 2700 ollis
1717 2668 1755 2699 et
1779 2663 1936 2706 poculis
1960 2663 2027 2699 in-

206 2721 404 2758 serviunt.
464 2717 665 2766 Leeytlu's
689 2719 844 2755 ollaria
865 2722 983 2758 Linn.
1011 2714 1278 2766 [Sapucaya]
1302 2721 1406 2756 inter
1421 2721 1623 2756 maximas
1640 2719 1845 2756 Brasiliae
1862 2722 2027 2756 arbores

206 2781 455 2813 numeratur.
513 2777 635 2812 Liber
651 2778 822 2815 textilis.
884 2777 1171 2824 Cozcrorcpz'rae
1187 2779 1344 2814 fructus
1361 2780 1486 2820 pulpa
1502 2776 1831 2823 acidulo—dulci,
1863 2775 2024 2823 vinosa,

207 2833 345 2877 gustui
375 2837 510 2880 grata,
542 2832 805 2877 refrigerante
829 2839 868 2870 et
891 2835 1130 2871 antibiliosa
1152 2838 1294 2871 scatet.
1355 2834 1620 2870 'Deterrimum
1644 2832 1914 2875 putrescentis
1938 2831 2026 2868 foe-

207 2893 332 2925 torem
348 2890 572 2933 perhibent.
617 2887 914 2926 ΒενιΙιοῖειὶαε
929 2890 1126 2926 excelsae
1143 2893 1287 2927 Humb.
1305 2894 1341 2926 et
1358 2892 1499 2933 Bonpl.
1518 2888 1690 2933 [Juvia]
1708 2888 1866 2925 semina
1882 2897 2026 2933 amyg-

207 2939 346 2982 dalina
368 2945 518 2990 (vulgo
543 2946 771 2983 castaneae
794 2957 833 2984 v.
858 2949 1092 2984 Avellanae
1114 2946 1409 2992 brasilienses]
1441 2947 1562 2983 etiam
1590 2945 1633 2981 in
1656 2947 1861 2990 Europam
1891 2949 2026 2982 trans-

205 3006 427 3050 vehuntur,
457 3004 693 3046 plerumque
708 3013 780 3047 per
794 3004 871 3041 iter
886 3005 1069 3042 rancida.
2024 2995 2027 3000 ’

346 3107 774 3156 *sti-anateae.
841 3112 1125 3162 Arbusculae,
1169 3110 1313 3151 ramis
1341 3110 1730 3164 sliinescentibus.
1788 3110 1915 3149 Folia
1946 3121 2022 3163 op-

209 3167 384 3221 posita,
411 3169 699 3208 vaticinata
715 3183 755 3210 v.
771 3181 950 3222 sparsa,
981 3181 1117 3222 saepe
1135 3169 1182 3208 in
1200 3168 1356 3208 axillis
1375 3167 1677 3219 fasciculam,
1706 3167 2024 3221 integerrima,

209 3225 516 3280 impunctata,
552 3225 731 3280 glabra.
796 3226 988 3277 stipulae
1019 3226 1190 3266 nullae.
1256 3227 1404 3264 Flores
1436 3225 1727 3275 terminales,
1763 3223 2024 3277 aggregati,

213 3281 303 3322 toti
336 3281 559 3322 coccinei.
632 3286 773 3333 Calyx
804 3286 1065 3333 coloratus,
1103 3281 1696 3332 coriaceo-subcarnosus,
1734 3280 1847 3320 tubo
1881 3279 2022 3320 turbi-

210 3341 341 3387 nato,
373 3336 552 3378 inferne
571 3350 675 3379 cum
690 3340 897 3393 germine
914 3347 1137 3391 connato,
1168 3351 1310 3391 supra
1325 3350 1510 3391 germen
1528 3337 1771 3390 ampliato,
1802 3336 2023 3390 quinque-

212 3394 519 3447 septemfido,
542 3394 660 3436 lobis
693 3397 998 3437 aestivatione
1031 3395 1242 3437 valvatis.
1305 3397 1501 3433 Coronae
1531 3394 1686 3446 petala
1717 3393 1916 3448 quinque
1948 3390 2023 3431 vel

212 3453 414 3503 septem,
459 3450 633 3504 calycis
664 3451 791 3494 sauci
821 3454 1020 3504 inserta,
1069 3452 1275 3506 ejusdem
1311 3451 1496 3492 laciniis
1535 3449 1733 3501 alterna,
1785 3448 2022 3504 ellipticoa
