2147 3756
193 292 424 358 phyllum,
478 290 653 339 foliolis
699 290 979 349 imbricatis,
1033 291 1125 338 ima
1170 290 1271 338 basi
1317 290 1698 340 cohaerentibus.
1790 294 2013 341 Stamina

197 365 393 421 coalita,
458 378 654 426 synema
706 362 1067 424 subglobosum,
1136 361 1591 425 hypocrateriforme
1645 379 1690 411 v.
1740 363 2011 412 columnare

193 434 489 498 pileolatum,
541 433 644 480 basi
694 433 930 496 pei-igonii
983 432 1093 478 tubo
1144 431 1364 494 ,adflatum
1409 448 1456 480 v.
1506 432 1563 479 ab
1617 449 1675 480 eo
1729 433 2012 481 distinctum.

191 506 449 553 Antherae
499 504 750 568 plurimae,
803 502 1054 549 distinctae
1098 518 1142 550 v.
1188 501 1531 560 subconnatae,
1583 503 1704 550 infra
1756 505 2013 568 synematis

192 577 416 622 verticem
458 575 674 630 sessiles,
719 572 1040 620 horizontales
1079 581 1159 619 aut
1195 571 1412 620 deorsum
1453 582 1745 636 spectantes,
1793 576 2015 638 uni-plu-

194 647 466 702 riseriatae,
512 644 939 700 uni-biloculares,
987 643 1153 690 loculis
1199 660 1319 706 poro
1366 644 1512 707 apicis
1552 642 1926 702 dehiscentibus,
1972 662 2015 692 v.

196 717 502 764 concentrice
530 714 918 772 multiloculares‚
952 714 1117 762 loculis
1151 715 1321 761 ostiolo
1353 714 1587 761 terminali
1621 717 1851 762 communi
1882 731 2019 778 aper-

194 788 270 833 tis.
350 788 550 834 Germen
584 801 685 831 cum
719 785 955 847 perigonii
986 785 1097 831 tubo
1131 793 1179 831 et
1209 794 1450 849 synemate
1495 795 1765 843 conflatum,
1805 786 2019 833 uniiocu-

192 857 315 913 lare,
366 855 751 919 trophospermiis
797 856 1100 924 parietaiibus
1145 857 1376 918 plurimis,
1431 857 1688 919 gemmulas
1734 858 2018 915 innumeras,

193 927 420 991 pendulas
452 926 743 989 gerentibus.
817 927 952 988 Stylz·
976 926 1187 990 plurimi,
1220 927 1403 984 conici,
1436 927 1562 974 inter
1592 944 1641 974 se
1674 928 1795 974 intra
1827 942 2020 990 synema

197 999 408 1053 connati,
456 997 668 1060 apicibus
702 997 927 1053 exsertis,
976 996 1210 1043 distinctis
1244 996 1453 1059 ejusdcm
1483 998 1714 1045 verticem
1747 998 2018 1044 coronanti-

193 1067 299 1116 bus.
359 1068 514 1114 Bacca
545 1067 764 1130 globosa,
799 1068 1053 1124 corticata,
1089 1066 1357 1125 durissima,
1390 1068 1512 1114 intus
1543 1068 1758 1131 pulposa.
1823 1069 2020 1115 Semina

194 1140 418 1202 plurima,
480 1139 526 1184 in
581 1138 719 1201 pulpa
766 1137 1045 1195 nidulantia‚
1105 1138 1419 1202 apophysata,
1482 1139 1806 1201 integumento
1861 1153 2018 1195 osseo,

193 1210 430 1268 areolam,
482 1208 651 1256 nucleo
691 1207 868 1268 solido,
922 1224 948 1256 e
987 1209 1082 1256 tela
1121 1208 1347 1256 cellulosa
1385 1208 1690 1275 embryonem
1727 1217 1909 1258 rectum
1948 1208 2020 1256 in-

198 1280 449 1339 cludente,
493 1281 717 1328 conflato.

969 1412 1250 1447 GENERA.

308 1497 404 1533 725.
434 1494 598 1532 Frostia
615 1492 786 1530 Berter.
1245 1495 1341 1530 726.
1372 1494 1645 1538 Brugmansia
1662 1493 1803 1530 Blum.

518 1542 734 1585 Pilostyles
756 1540 938 1575 Guillem.
1449 1542 1631 1587 Zippelia
1648 1543 1853 1579 Reichenb.

331 1598 390 1622 ·—-‘
431 1590 697 1638 Apodanthes
713 1591 826 1628 Part.
1253 1594 1347 1630 727.
1377 1594 1578 1630 Rafflesia
1595 1592 1646 1630 R.
1665 1592 1740 1629 ΒΓ.

333 1686 657 1732 Affinitas.
714 1690 1016 1728 Rafflesiaceae
1047 1695 1094 1728 ob
1117 1692 1236 1729 flores
1260 1691 1304 1728 in
1327 1693 1536 1728 nonnuliis
1558 1692 1772 1738 giganteos
1798 1695 1837 1729 et
1856 1687 2024 1737 ‘porten-

193 1754 322 1786 tosam
341 1750 488 1786 faciem
503 1749 696 1785 maximis
712 1754 884 1784 naturae
900 1749 1112 1784 miraculis
1129 1750 1429 1794 accensendae,
1461 1749 1548 1785 vita
1565 1750 1789 1792 parasitica
1814 1754 1853 1785 et
1875 1749 2021 1785 intima

194 1811 513 1844 structura-cum
538 1806 746 1841 ordinibus
770 1805 1106 1848 praecedentibus
1131 1805 1399 1850 conveniunt,
1433 1814 1457 1841 a
1475 1806 1682 1853 Cytineis,
1715 1807 1861 1849 quibus
1885 1805 2024 1848 proxi-

193 1873 305 1908 mae,
338 1866 594 1899 antherarum
620 1862 777 1898 fabrica
800 1861 999 1905 imprimis
1024 1862 1224 1898 diversae.
1283 1863 1381 1897 Tam
1412 1862 1639 1907 singularis
1670 1865 1734 1898 est
1765 1865 2025 1898 antherarum

192 1921 238 1957 in
267 1920 466 1956 Rafflesia
496 1919 748 1955 concentriee
772 1918 1134 1954 multilocularium
1158 1918 1443 1966 conformatio,
1476 1923 1519 1954 ut.
1540 1919 1720 1963 ingentis
1743 1919 1861 1954 molis
1886 1918 2024 1955 florem

193 1977 479 2021 compositum,
512 1976 697 2019 Scybalii
713 1975 892 2018 capitulo
910 1976 1225 2018 comparandum
1238 2003 1248 2022 ,
1274 1975 1542 2019 singulasque
1559 1978 1752 2011 antheras
1770 1985 1840 2018 pro
1859 1975 2024 2011 totidem

194 2034 358 2070 floribus
378 2033 675 2077 polyantheris,
708 2032 915 2076 perigenio
934 2031 1086 2068 orbatis
1103 2034 1252 2068 habere
1275 2031 1436 2078 liceret,
1468 2032 1551 2068 nisi
1569 2032 1844 2075 Brugmansia
1868 2035 1906 2067 et
1921 2033 2024 2067 Fro-

194 2091 277 2128 stia
300 2091 468 2126 eandem
491 2099 583 2125 eum
606 2089 751 2132 cytino
774 2092 962 2124 naturam
987 2090 1319 2124 demonstrarent.
1379 2088 1544 2124 Ordinis
1569 2092 1771 2124 caeterum
1795 2089 1916 2124 etiam
1932 2097 2026 2124 cum

193 2146 562 2184 Aristolochiaceis
593 2147 792 2189 quaedam
822 2145 1021 2193 affinitas,
1065 2145 1270 2181 distinctio
1296 2155 1317 2180 e
1339 2145 1529 2180 foliorum
1554 2145 1731 2191 defectu,
1764 2144 1958 2189 germinis
1977 2147 2025 2180 et

194 2203 364 2240 seminis
389 2206 595 2239 structura
616 2212 810 2245 perquam
826 2202 977 2238 facilis.
1040 2198 1215 2236 Frostm
1231 2202 1384 2249 patria,
1416 2202 1512 2238 sede
1528 2211 1651 2244 super
1677 2211 1833 2246 ramos,
1865 2204 2026 2236 statura

193 2263 233 2297 et
264 2263 469 2296 structura
497 2258 602 2294 inter
630 2259 810 2301 reliquas
840 2261 1050 2307 anomala,
1083 2259 1131 2294 de
1161 2258 1379 2307 affinitate,
1409 2259 1633 2295 latentibus
1663 2258 1828 2295 etiamsi
1856 2257 2024 2294 floribus

195 2316 468 2364 pistilliferis,
500 2315 677 2351 dubitari
692 2314 844 2358 nequit.

338 2378 766 2436 Geographia.
839 2382 1154 2432 Bragmansme
1191 2388 1230 2421 et
1266 2380 1514 2434 Rafflesz‘ae
1549 2383 1593 2420 in
1634 2384 1767 2427 sylvis
1796 2384 2026 2420 insularum

195 2446 322 2490 Java,
354 2445 564 2490 sumatra,
595 2445 750 2478 Borneo
774 2445 811 2478 et
832 2442 1056 2478 Mindanao
1081 2443 1290 2479 Cissorum
1313 2441 1521 2478 radicibus
1545 2450 1672 2484 supra
1693 2444 1857 2477 humum
1879 2450 2026 2484 repen-

194 2503 303 2537 tibus
321 2500 488 2536 innatae
503 2499 772 2544 reperiuntur.
810 2496 1013 2535 Frost2·ae
1029 2497 1200 2534 ramulis
1216 2498 1581 2543 Leguminosarum
1595 2498 1813 2534 Americae
1829 2495 2025 2534 australis

196 2559 422 2594 inhaerent.

366 2618 727 2673 &ualitates
760 2628 799 2661 et
826 2630 995 2676 usus.
1054 2623 1258 2668 Qualitate
1282 2623 1462 2667 styptica
1484 2633 1575 2660 cum
1591 2623 1776 2668 cytineis
1793 2626 1832 2660 et
1842 2624 2025 2659 *Balano-

197 2684 360 2729 phoreis
391 2683 639 2719 conveniunt
668 2682 982 2720 Rasflesiaceae.
1042 2677 1285 2730 Rafflesv'ae
1311 2678 1468 2715 Patma
1498 2683 1630 2717 Blum.
1661 2689 1842 2725 gemmas
1872 2679 2025 2716 Javani

197 2740 367 2778 maximi
385 2740 562 2786 faciunt,
594 2748 647 2774 ex
661 2740 799 2786 modo,
824 2749 901 2782 quo
919 2738 1037 2782 aquis
1055 2738 1269 2774 immersae
1293 2747 1387 2774 sese
1404 2738 1627 2785 explicant,
1654 2740 1812 2781 partum
1828 2737 2025 2772 uxoribus

199 2800 295 2841 plus
319 2797 453 2833 minus
478 2796 637 2832 felicem
662 2796 840 2832 divinari
864 2796 1101 2843 opinantur,
1134 2795 1298 2830 easdem
1322 2795 1592 2840 aromatibus,
1624 2793 1824 2838 imprimis
1847 2793 2025 2829 nucibus

180 2853 442 2897 »Myristicae
461 2856 706 2895 temperatas
724 2853 1036 2889 saluberrimum
1054 2850 1277 2887 debilitatis
1294 2860 1315 2885 e
1332 2854 1450 2894 partu
1467 2850 1657 2886 residuae
1680 2854 1719 2886 et
1742 2852 2024 2885 haemorrhoe-

198 2919 313 2947 arum
330 2910 434 2945 uteri
451 2909 693 2945 medicinam
708 2909 961 2953 praedicant.
1006 2910 1067 2944 De
1085 2917 1161 2944 usu
1184 2902 1424 2954 Rafjssesz'ae
1441 2902 1621 2940 Arnoldi
1633 2908 1681 2942 R.
1698 2907 1764 2942 ΒΓ.
1784 2901 1966 2949 (Krubttt
1982 2914 2023 2942 v.

198 2961 562 3002 Ambfin-Ambtm
578 2964 776 3008 Sumatr.)
795 2964 899 3000 nihil
923 2967 1095 2999 constat.
1155 2960 1486 3008 Bragmansv’oem
1508 2962 1668 2998 viribus
1692 2963 1912 3004 valdopere
1934 2964 2024 3005 sty-

198 3022 322 3066 pticis
352 3024 522 3067 pollere,
553 3024 801 3063 multamque
829 3019 1038 3057 materiem
1066 3018 1336 3055 extractivam
1365 3018 1678 3063 nigro-fuscam
1705 3021 1743 3054 et
1769 3020 2023 3061 amylaceam

199 3079 422 3127 continere,
454 3078 777 3116 oculatissimum
794 3077 841 3114 de
855 3075 1139 3114 Rafflesiaceis
1154 3075 1392 3119 scriptorem
1405 3076 1568 3124 Blume‚
1598 3077 1742 3113 testem
1755 3077 1966 3112 habemus,

530 3241 827 3312 sectio
855 3241 1021 3310 IV.
1107 3241 1698 3323 Amphibrya.

349 3373 560 3433 Catulis
591 3395 620 3435 e
650 3378 907 3433 contextu
938 3373 1203 3433 celluloso
1233 3378 1288 3432 et
1314 3360 1596 3431 fasciculis
1625 3391 1876 3430 vasorum
1896 3369 2024 3428 lon-

202 3457 620 3537 gitudinalibuS,
651 3459 854 3538 sparsis
877 3458 1236 3538 compositust,
1266 3457 1470 3518 cortice
1501 3462 1556 3516 et
1585 3456 1778 3515 canale
1807 3454 2024 3514 medul-
