2147 3756
1053 102 1173 153 230

202 275 346 321 primis
362 272 556 312 montosis
574 272 746 311 fructum
760 272 907 318 optlme
922 275 1136 322 per,ficere
1166 276 1336 318 ejusque
1352 273 1553 313 culturam
1567 273 1674 312 inter
1696 273 1871 320 tropicos
1895 274 2020 342 totius
2079 300 2084 301 ν

203 333 313 370 orbis
329 333 446 368 hodie
462 331 645 367 exerceri
662 334 835 367 constat.

343 403 478 444 Atque
499 404 601 436 haec
623 400 782 444 quidem
809 401 857 435 de
878 399 1338 443 Rubiaceiscoffeaceis
1363 398 1472 436 dicta
1487 399 1712 448 sufficiant,
1739 403 1824 445 jam
1841 401 1890 438 de
1905 402 2021 445 poly-

204 467 455 502 spermarum
473 454 815 500 [Cinclmnaceas
837 459 912 491 has
936 456 1218 500 nominamus]
1244 456 1442 498 qualitate
1464 460 1526 492 est
1550 457 1856 499 dispiciendum.
1912 458 2023 493 Inter

201 517 278 551 has
309 514 473 550 corticis
502 516 687 549 arborum
718 512 1062 559 americanarum,
1103 509 1343 547 Gincltonae
1371 522 1499 556 genus
1529 514 1880 560 constituentium,
1916 513 2022 549 inter

203 570 429 607 medicinas
452 578 614 606 amaras
637 570 871 603 roborantes
894 568 1090 611 primaria
1111 570 1205 604 laus
1228 572 1302 604 est.
1361 571 1516 604 Multae
1531 569 1692 612 generis
1709 569 1910 605 naturalis
1926 579 2022 612 spe-

203 628 288 663 cies
305 626 348 662 in
358 626 569 662 Americae
585 624 762 660 andinae
777 624 940 668 regione
955 625 1037 661 situ
1052 627 1158 660 elato
1175 628 1410 671 temperata,
1435 625 1540 660 inter
1552 620 1679 660 20⁰1..
1692 627 1741 661 A.
1761 629 1799 661 et
1817 627 1833 659 ‘l
1846 621 1943 661 1⁰12.
1956 627 2019 673 B.,

203 685 429 726 sylvestres
457 684 704 726 nascuntur,
737 680 886 716 cortice
907 681 1108 727 munitae,
1141 682 1373 718 substantia
1388 681 1615 717 alcaloidea
1631 680 1806 729 duplici,
1840 678 2021 714 Clez'm'na

204 743 245 775 et
264 736 524 771 Cinchom‘na
541 740 579 772 et
595 734 716 771 acido
734 733 895 771 chz‘m‘co
913 737 1134 780 peculiaris
1151 738 1301 773 indolis
1319 737 1436 773 foeto.
1498 734 1758 771 Cina-nonina
1774 747 1873 780 pure
1889 747 1939 773 ex
1954 736 2020 773 liis

202 794 423 831 corticibus
447 792 715 828 chemicorum
739 796 825 830 arte
841 793 981 829 elicita
997 803 1096 829 acus
1113 794 1259 829 format
1274 793 1557 841 prismaticas,
1590 794 1816 840 decolores,
1848 793 2023 837 pelluci-

205 852 301 896 das,
331 851 613 897 splendentes,
645 858 753 892 aqua
769 850 891 886 etiam
908 850 1067 886 fervida
1083 850 1292 886 difficilius
1310 852 1550 897 solvendas,
1575 850 1635 886 ita
1649 853 1692 886 ut
1708 849 1873 887 nonnisi
1890 848 2023 886 serius

202 907 388 950 linguam
410 915 557 949 sapore
581 914 718 941 amaro
740 906 906 943 afficiat.
968 904 1150 941 Clez‘m‘na
1175 909 1397 949 crystallos
1421 906 1593 943 formare
1614 910 1796 952 recusat,
1828 909 2024 943 substan-

203 963 303 1000 tiam
327 963 477 999 sistens
499 962 656 1005 impure
672 964 828 1009 albam,
860 963 1139 1008 spongiosam,
1172 963 1296 999 facile
1312 972 1419 1006 aqua
1434 964 1694 1010 solvendam,
1726 971 1868 1006 sapore
1884 971 2023 998 amaro

203 1018 445 1063 praeditam.
501 1018 631 1055 Varia
653 1021 788 1054 tamen
810 1019 852 1054 in
869 1019 1125 1056 diversarum
1140 1020 1368 1062 specierum
1385 1020 1534 1056 cortice
1548 1020 1719 1056 miscela
1735 1023 1814 1065 est,
1845 1018 1904 1055 ita
1921 1017 2023 1054 utin

202 1075 411 1120 plerisque
442 1074 601 1117 quidem
630 1079 802 1118 utraque
831 1076 1065 1112 substantia
1093 1076 1339 1122 reperiatur,
1370 1077 1414 1112 in
1443 1078 1653 1112 nonnullis
1676 1075 1948 1123 Cinchonina,
1979 1074 2024 1110 in

142 1177 150 1183 ,
203 1132 302 1168 aliis
327 1131 503 1167 Chinina
524 1134 783 1178 praevaleat,
814 1131 857 1167 in
874 1132 1113 1174 quibusdam
1129 1135 1230 1168 haec
1245 1143 1284 1168 v.
1301 1133 1377 1168 illa
1393 1132 1545 1168 frustra
1560 1135 1789 1175 quaeratur.
1847 1131 2025 1167 Diversa

203 1188 299 1224 inde
321 1187 468 1224 mercis
492 1187 693 1235 dignatio,
726 1189 844 1232 cujus
867 1189 1134 1232 multiplicem
1156 1189 1419 1235 varietatem,
1451 1198 1526 1224 nec
1551 1192 1633 1224 tuto
1656 1189 1708 1224 ad
1724 1190 1858 1223 certas
1873 1190 2024 1223 matres

202 1244 474 1290 referendam,
506 1253 719 1281 recensere
739 1254 820 1280 non
841 1247 964 1287 hujus
987 1245 1069 1281 loci
1091 1248 1172 1292 est,
1206 1246 1273 1281 ubi
1297 1255 1348 1282 ex
1371 1245 1595 1281 innumeris
1619 1253 1792 1290 paucas,
1824 1241 2027 1286 frequenti

203 1301 452 1336 medicorum
476 1310 556 1336 usu
580 1301 719 1347 tritas,
752 1310 1087 1337 commemorasse
1113 1301 1274 1338 sufficit.
1337 1299 1553 1335 Cina-laona
1573 1298 1856 1335 Condamz‘nea
1878 1301 2025 1335 Humb.

202 1356 247 1393 in
272 1356 509 1392 Columbiae
539 1357 798 1393 australioris
820 1361 858 1392 et
878 1358 1084 1401 ,Peruviae
1100 1358 1288 1393 Andibus
1312 1358 1354 1393 in
1377 1358 1539 1402 regione
1561 1358 1669 1393 5000
1686 1348 2026 1399 -7000‘pedum

203 1412 422 1448 altitudine
451 1421 577 1455 supra
606 1421 801 1448 oceanum
830 1418 1072 1456 assurgente
1095 1423 1116 1449 e
1140 1414 1293 1449 schisto
1315 1414 1492 1449 micaceo
1515 1423 1595 1449 non
1617 1413 1803 1457 vulgaris
1825 1411 2025 1460 nascitur,

203 1468 387 1516 corticis,
420 1477 536 1510 quem
561 1469 864 1512 pharmacologi
892 1466 1069 1502 emnam
1094 1466 1263 1503 Loxam
1287 1479 1431 1503 veram
1461 1470 1671 1505 nominare
1701 1471 1852 1514 solent,
1883 1471 2025 1504 mater.

207 1521 369 1558 Chz'nae
381 1523 543 1573 fuscae
567 1533 600 1560 s.
624 1521 777 1558 Loxae
799 1522 1046 1559 ordinariae
1069 1525 1258 1561 corticem
1276 1523 1493 1560 Cz‘nckona
1509 1523 1798 1560 scrobiculata
1813 1526 1958 1560 Humb.
1981 1523 2026 1561 in

204 1580 529 1623 depressioribus
546 1580 749 1616 Peruviae
765 1580 970 1617 montibus
987 1583 1132 1624 sylvas
1148 1585 1293 1618 vastas
1310 1582 1582 1628 constituens,
1601 1584 1639 1617 et
1657 1578 1793 1615 Cln‘na
1804 1588 2026 1627 purpurea

201 1636 311 1674 Ruiz
337 1640 375 1672 et
395 1638 498 1672 Pav.
525 1640 731 1679 praebent.
787 1639 834 1673 In
857 1637 950 1673 istis
974 1637 1135 1680 quidem
1158 1637 1392 1674 Cinchonae
1414 1641 1454 1674 et
1476 1638 1673 1674 Chininae
1695 1632 1779 1673 fere
1801 1637 2026 1680 aequipon-

203 1693 334 1739 dium;
368 1691 532 1727 Cortex
558 1690 718 1727 Chz’nae
741 1692 885 1739 regiae
908 1703 950 1729 v.
975 1692 1116 1728 luteae
1139 1693 1287 1738 (vulgo
1310 1694 1442 1731 China
1463 1696 1511 1730 de
1535 1695 1753 1739 Calisaya,
1785 1703 1857 1731 seu
1874 1693 2026 1729 rectius

208 1747 453 1796 Colle’salla,
486 1750 591 1791 quod
611 1749 856 1786 medicinam
880 1750 922 1785 in
944 1750 1047 1786 locis
1071 1751 1327 1792 rupestribus
1351 1755 1489 1787 natam
1512 1750 1761 1797 significat),
1795 1750 1863 1794 qui
1886 1760 1907 1785 e
1927 1747 2026 1783 Cin-

203 1803 344 1842 creona
380 1804 610 1852 lanc-isole’a
646 1808 768 1853 Mut.,
806 1807 1016 1843 elatiorem
1045 1807 1089 1842 in
1119 1807 1354 1842 Columbiae
1384 1807 1573 1843 Andibus
1604 1808 1819 1843 stationem
1849 1805 2026 1849 sparsim

204 1866 385 1909 tenente,
407 1863 576 1909 petitur,
602 1862 776 1898 Chinina
794 1863 929 1910 dives,
945 1863 1222 1898 Cinchoninae
1239 1863 1321 1899 fere
1337 1873 1483 1906 expers
1501 1863 1690 1899 creditur.
1739 1860 1875 1896 Clcina
1891 1861 2027 1896 rubra

203 1923 245 1957 et
264 1916 401 1953 Clima
411 1915 562 1965 flava,
592 1921 694 1956 haec
720 1929 741 1954 e
757 1919 965 1957 Cinchona
987 1922 1233 1962 pubescente
1248 1911 1369 1955 Vahl'.
1381 1947 1390 1966 ,
1422 1920 1500 1956 illa
1522 1930 1543 1956 e
1561 1920 1770 1955 Cinchona
1785 1918 2027 1962 magnisona

203 1975 312 2013 Ruiz
336 1979 373 2011 et
397 1977 498 2013 Pav.
530 1976 732 2020 derivata,
771 1979 982 2027 utramque
1011 1975 1283 2011 substantiam
1314 1979 1478 2011 v.eliunt
1547 1972 1786 2009 Cmclmnae
1813 1972 2027 2021 glanduli-

193 2032 330 2082 ferae
353 2032 472 2069 Ruiz.
498 2035 536 2066 et
552 2033 653 2068 Pav.
685 2035 822 2067 cortex
846 2030 1009 2074 (cortex
1032 2032 1186 2068 Chinae
1212 2033 1260 2067 de
1284 2030 1505 2075 Huanuco]
1537 2032 1812 2068 Cinchoninae
1835 2039 2026 2076 magnam

204 2088 384 2135 copiam,
417 2087 616 2126 Chininae
638 2087 741 2124 nihil
761 2091 895 2124 habet.
955 2088 1141 2124 Pretiosa
1164 2088 1326 2124 corticis
1352 2088 1567 2131 peruviani
1589 2088 1793 2124 medicina
1808 2097 1885 2130 quo
1902 2090 2022 2131 pacto

206 2145 377 2182 medicis
401 2144 621 2179 innotuerit
644 2144 785 2186 paucis
817 2145 1219 2181 commemorandum.
1277 2144 1422 2180 Missis
1453 2145 1773 2180 narratiunculis
1804 2146 1852 2180 de
1882 2143 2027 2180 bestiis

204 2201 311 2238 febri
328 2200 614 2236 intermittente
628 2201 910 2236 laborantibus
927 2204 965 2236 et
982 2209 1007 2236 a
1022 2203 1170 2236 natura
1185 2201 1236 2235 ad
1253 2201 1439 2236 corticem
1457 2202 1672 2236 rodendum
1690 2200 1900 2246 impulsis,
1917 2199 2028 2235 veri·

203 2257 383 2296 similior
405 2265 455 2293 ea
477 2256 585 2292 fama
609 2260 688 2302 est;
720 2255 952 2291 Cinchonae
975 2259 1140 2292 arbores
1164 2265 1190 2292 a
1206 2259 1388 2299 procella
1403 2260 1608 2299 prostatas
1632 2257 1674 2292 in
1691 2260 1836 2301 stagno
1853 2257 2027 2298 quodam

203 2313 411 2361 jacuisse,
444 2314 562 2355 cujus
594 2321 741 2356 aquam
771 2321 916 2356 sapore
939 2312 1196 2348 amarissimo
1219 2313 1533 2349 contaminatam
1555 2322 1645 2348 cum
1666 2315 1781 2348 homo
1807 2312 1908 2348 febri
1934 2321 2025 2347 cor-

206 2373 346 2413 reptus
367 2369 529 2407 fortuito
546 2369 735 2416 bibisset,
768 2374 806 2404 et
822 2370 895 2404 tali
912 2372 1029 2413 pacto
1044 2369 1086 2404 in
1103 2369 1303 2413 integrum
1321 2370 1554 2416 restitutus,
1585 2368 1818 2412 insperatae
1834 2366 2027 2404 sanitatis

205 2426 250 2464 in
288 2435 439 2463 causas
470 2426 709 2471 inquireret,
748 2425 974 2462 medicinae
1005 2424 1233 2470 febrifugae
1261 2425 1532 2462 inveniendae
1563 2425 1820 2461 occasionem
1850 2425 2025 2460 dedisse.

203 2483 349 2520 Indum
383 2492 404 2518 e
433 2482 647 2526 provincia
670 2484 784 2518 Loxa
814 2491 920 2518 anno
946 2482 1066 2518 1636.
1091 2481 1341 2525 praefectum
1365 2483 1593 2526 Hispanum
1616 2482 1718 2518 febri
1741 2481 2027 2517 intermittente

207 2540 460 2574 laborantem
490 2540 565 2573 hoc
589 2539 738 2574 cortice
762 2547 958 2585 sanasse,
990 2547 1096 2574 anno
1121 2540 1243 2575 1638.
1267 2548 1434 2574 uxorem
1457 2538 1695 2581 Hieronymi
1718 2538 1954 2574 Fernandez
1978 2537 2025 2571 de

208 2595 389 2631 cabrera
398 2594 641 2630 Comitisdel
656 2594 874 2641 Cliincllon,
901 2595 1009 2638 regis
1025 2595 1136 2630 vices
1153 2595 1259 2637 apud
1270 2597 1478 2631 Peruanos
1495 2594 1668 2640 agentis,
1693 2594 1870 2630 tertiana
1884 2593 2026 2629 Limae

207 2654 452 2696 correptam,
470 2653 547 2687 hac
565 2651 766 2686 medicina
781 2651 1042 2686 convaluisse
1060 2653 1231 2687 constat.
1276 2651 1496 2687 comitissa
1511 2650 1682 2687 sanitati
1698 2650 1887 2686 restituta
1903 2647 2026 2684 corti-

207 2716 293 2742 cem
311 2716 380 2749 per
396 2706 648 2750 provinciam
666 2706 872 2743 distribuit
887 2710 925 2742 et
942 2716 1031 2742 cum
1048 2715 1085 2743 a.
1104 2708 1226 2743 1640.
1244 2717 1388 2750 prorex
1404 2717 1456 2743 cx
1470 2706 1661 2744 America
1676 2707 1826 2751 abiret,
1853 2704 2024 2740 Jesuitis

205 2771 397 2807 magnam
420 2763 646 2798 medicinae
669 2762 825 2805 copiam
850 2763 1070 2809 concessit,
1104 2771 1129 2799 a
1153 2763 1301 2805 quibus
1324 2763 1542 2799 remedium
1568 2760 1732 2807 (pulvis
1759 2759 2024 2806 Concitz'ssae,

211 2817 376 2853 Cortex
393 2817 627 2854 Jesuitz'cus
651 2822 688 2855 et
700 2817 841 2864 pulvis
858 2817 1037 2853 Patr-um
1054 2819 1149 2855 inde
1164 2818 1339 2863 dictum)
1356 2819 1511 2855 sensim
1526 2822 1588 2855 est
1604 2819 1867 2861 divulgatum.
1926 2817 2027 2852 Car·-

209 2875 362 2912 dinalis
388 2876 453 2911 del
475 2877 609 2922 Lugo,
642 2884 694 2911 ex
716 2876 886 2911 istorum
908 2875 1112 2911 hominum
1134 2876 1349 2922 societate,
1380 2877 1532 2910 Romae
1554 2874 1709 2917 primus
1732 2875 1774 2908 in
1797 2872 2025 2909 nosocomio

208 2931 373 2976 publico
401 2932 628 2977 proposuit,
660 2935 700 2967 et
722 2931 946 2966 Galliarum
968 2931 1168 2973 Delpliino
1199 2930 1444 2966 febricitanti
1473 2930 1704 2974 propinavit
1737 2928 1867 2973 (unde
1884 2927 2026 2975 pulvis

213 2984 503 3031 6'm·d2·nal2·s),·
526 2986 787 3022 Innocentius
802 2987 852 3021 X.
868 2987 913 3022 P.
931 2988 985 3021 Μ.
1002 2986 1044 3021 in
1060 2990 1245 3021 naturam
1262 2987 1350 3028 ejus
1367 2986 1543 3022 chemice
1561 2985 1711 3028 inquiri
1721 2984 1860 3028 jussit.
1892 2984 2025 3022 Medi-

209 3053 345 3079 corum
376 3044 424 3079 de
445 3042 622 3080 utilitate
645 3046 683 3077 et
704 3044 848 3078 damno
873 3041 1037 3077 corticis
1061 3042 1240 3078 Peruani
1262 3045 1419 3077 veteres
1447 3041 1766 3085 controversiae,
1799 3041 2026 3084 specierum

208 3099 380 3135 historia
402 3107 428 3134 a
449 3098 652 3135 botanicis
675 3100 726 3134 ad
748 3097 983 3133 umbilicum
1006 3099 1201 3140 perducta
1221 3099 1397 3134 nondum
1413 3101 1493 3146 est3
1523 3097 1693 3135 chemici
1709 3106 1962 3140 summopere
1978 3097 2026 3133 de

208 3155 390 3199 penitius
407 3155 687 3198 cognoscenda
702 3154 817 3190 illius
832 3157 979 3190 natura
994 3163 1193 3190 meruere.

350 3226 453 3261 Sunt
476 3225 582 3261 aliae
598 3233 620 3260 e
635 3223 858 3267 propinqua
873 3224 1172 3261 Cinchonarum
1187 3224 1489 3260 necessitudine
1505 3226 1690 3269 arbores,
1723 3222 1871 3259 cortice
1887 3230 2025 3258 amaro

208 3282 432 3329 salutares,
463 3280 614 3316 virtute
641 3280 916 3316 verisimiliter
940 3279 1062 3315 etiam
1092 3288 1144 3315 ex
1173 3280 1446 3316 alkaloidibus
1469 3281 1688 3326 pendente,
1719 3278 1915 3322 peruanis
1937 3277 2025 3314 illis

209 3335 399 3373 minores.
449 3339 558 3372 Inter
572 3339 647 3372 has
665 3333 871 3380 Remzjme
887 3337 1000 3381 sunt,
1031 3335 1074 3370 in
1093 3335 1270 3372 Brasilia
1285 3336 1546 3382 monticolae,
1573 3331 2025 3395 Remvjae’ccserrugineoe

211 3392 294 3427 DC
321 3392 479 3435 (Quinc
503 3394 551 3428 de
576 3395 695 3428 Serra
718 3400 757 3428 v.
782 3392 913 3436 Quina
938 3392 986 3426 de
1008 3389 1217 3436 Remijo),
1255 3389 1435 3437 Remajjm
1465 3389 1644 3426 Velloziz
1661 3391 1743 3428 Do.
1778 3394 1816 3426 et
1844 3380 2025 3434 Βεηηζῖία

213 3444 380 3482 Helm-ii
398 3449 502 3497 1)0.,
537 3446 812 3484 Cosmibuena
833 3445 1046 3484 ochracea
1066 3448 1186 3485 Endl.
1210 3447 1368 3494 (Quina
1389 3450 1436 3486 de
1457 3447 1532 3485 Rio
1553 3446 1761 3495 Janeiro)‚
1793 3442 1866 3482 Ea·
1869 3447 2022 3481 ostem-
