2147 3756
905 111 1015 162 (3521

193 284 555 337 Qualssates
588 290 627 326 et
648 294 817 332 usus.
882 290 1162 327 Geraniaceae
1191 286 1391 331 imprimis
1422 289 1667 327 substantiis
1697 290 1877 328 adstrin-

51 348 262 394 gentibus,
290 349 461 383 tannina
477 354 511 383 et
529 348 643 383 acido
661 350 873 384 Gallarum
892 349 1023 384 foetae
1039 349 1154 392 sunt,
1180 345 1323 380 deiude
1341 345 1519 381 resinam
1537 351 1573 381 et
1590 350 1721 382 oleum
1738 350 1878 383 aethe-

50 415 185 449 reum,
216 407 342 440 multo
374 404 416 439 in
450 406 692 446 ‹pliliusdam
722 414 837 440 muco
869 408 1132 447 temperatum
1156 405 1327 447 vehunt,
1359 405 1582 437 nonnullae
1604 405 1723 438 acida
1746 405 1878 441 libera

49 465 208 505 gerunt.
267 460 478 503 Principia
501 461 800 501 adstringentia
823 461 864 496 in
889 460 1096 496 radicibus
1115 462 1153 495 et
1169 459 1359 494 caulibus
1377 460 1602 501 hypogaeis
1620 459 1876 500 potissimum

49 518 251 563 resident,
283 519 432 552 herbae
449 518 579 552 virtus
598 517 753 552 modice
770 518 1011 562 stimulans,
1043 519 1109 552 vel
1127 517 1391 558 praevalente
1407 524 1523 550 muco
1540 515 1754 550 involvens
1773 521 1847 553 est.

189 575 222 609 E
256 575 505 609 nostratibus
535 575 777 616 quibusdam
809 575 913 609 inter
942 574 1123 608 remedia
1146 571 1467 616 adstringentia,
1501 575 1539 606 et
1562 571 1708 606 leuiter
1731 572 1875 608 stimu-

49 630 182 666 lantia
198 639 420 665 concessus
439 640 462 665 a
479 631 684 665 veteribus
702 634 737 665 et
760 633 874 673 plebe
893 640 1012 673 usuS,
1040 631 1188 664 dudum
1206 629 1312 670 apud
1333 628 1509 663 medicos
1526 627 1693 662 exoluit.
1735 626 1876 662 Gera-

52 686 117 721 ητί·
149 684 400 721 Recensum·
427 687 544 722 Linn.
578 687 736 729 (Herba
766 687 936 728 Ruperti
967 685 1096 730 Offic,
1129 684 1493 728 Rothlaufskraut)
1525 685 1631 719 inter
1660 684 1878 727 indigenas

48 752 296 787 congeneres
330 744 611 788 pulcherrimi,
644 743 786 786 gravis
818 745 932 786 odor,
965 751 1089 784 sapor
1119 751 1209 776 cum
1240 742 1481 777 austeritate
1511 743 1671 786 salsus3
1700 740 1805 776 idem
1830 743 1880 777 de

52 797 240 833 Get-anio
272 800 498 845 sanguineo
530 801 650 834 Linn.
682 800 840 841 (Herba
865 798 1166 841 sanguinariae
1189 797 1326 842 Osfic.)
1358 798 1510 833 dictum
1540 802 1638 833 esto.
1701 794 1882 833 Geram'i

42 855 264 902 pratensis
295 857 415 892 Linu.
457 856 655 899 (Geranii
686 855 979 890 batrachioidis
1014 853 1159 897 offic.)
1198 857 1323 889 herba
1360 854 1880 906 balsameo-adstringens,

49 913 216 955 majoris
234 913 337 948 inter
356 913 533 947 remedia
550 911 786 946 vulneraria
805 911 937 945 famae
954 914 1029 945 est.
1092 907 1275 944 German·
1290 909 1477 945 taber-osi
1490 911 1610 947 LInn.
1624 938 1633 956 ,
1658 910 1700 945 in
1715 912 1880 954 Europa

49 969 286 1005 australiori
303 969 502 1014 indigenti,
530 968 737 1002 tuberibus
754 967 1026 1002 dulciusculis
1044 966 1268 1002 efficaciam
1283 970 1537 1003 roborantem
1554 967 1746 1003 tribuunt.
1795 966 1881 1002 Ge·-

47 1023 168 1059 rum’e'
191 1023 401 1058 nauculam·
421 1025 561 1068 Linn.,
594 1024 636 1058 in
658 1024 850 1058 America
883 1023 1039 1059 boreali
1062 1023 1266 1069 indigeni,
1298 1024 1475 1059 radicem
1502 1020 1804 1067 (Alam-root)
1836 1025 1880 1061 in

49 1081 276 1117 diarrhoeis
299 1085 336 1117 et
362 1081 608 1123 dysenteriis
633 1080 772 1124 magni
798 1080 951 1115 faciunt
975 1080 1121 1115 medici
1147 1081 1462 1116 transatlantici.
1521 1081 1673 1116 Eadem
1698 1081 1879 1118 radicum

25 1130 30 1132 ’
53 1135 236 1172 Get-anie·
251 1137 469 1172 mexe'cam'
484 1139 528 1172 H.
549 1139 593 1173 B.
612 1139 659 1173 Κ.
684 1142 721 1173 et
741 1134 922 1170 Get-maie·
940 1134 1235 1170 flaraandezz‘z·
1249 1140 1358 1173 Sess.
1386 1138 1492 1179 apud
1511 1138 1751 1173 mexicanos
1769 1138 1880 1174 fama

49 1199 124 1231 est.
187 1192 369 1229 Gerccne‘z’
397 1193 551 1229 striati
578 1194 698 1230 Linn.
730 1197 765 1229 et
801 1191 982 1228 Gerania·
1009 1191 1159 1227 nodosi
1178 1194 1298 1229 Linn.
1324 1194 1442 1229 radix
1468 1194 1510 1229 in
1533 1194 1681 1229 Italiae
1705 1194 1878 1231 officinis

49 1261 175 1295 saepe
190 1252 482 1287 Tormentillae
504 1253 594 1286 loco
621 1254 693 1286 est.
754 1247 910 1284 Eraclia·
929 1250 1181 1295 specierum,
1215 1258 1317 1292 quae
1342 1250 1503 1292 quidem
1526 1249 1725 1292 imprimis
1749 1252 1791 1286 in
1814 1262 1879 1288 re-

50 1309 169 1353 gione
192 1309 489 1344 mediterranea
513 1307 751 1351 indigenae,
784 1317 891 1342 nunc
917 1317 988 1349 per
1011 1316 1168 1342 omnem
1187 1310 1381 1342 terrarum
1398 1309 1531 1342 orbem
1550 1309 1598 1342 ab
1616 1308 1777 1342 homine
1794 1308 1879 1344 dis-

49 1366 276 1404 seminatae
291 1352 406 1411 sunt,
439 1364 571 1399 virtus
589 1364 829 1408 stimulans,
854 1364 1335 1406 diaphoretica·creditur.
1396 1359 1599 1397 Erodz'um
1615 1361 1878 1400 moscleatum

49 1422 137 1460 Ait.
156 1420 316 1464 [Herba
334 1424 572 1456 Moschatae
596 1430 627 1456 s.
645 1421 760 1456 Acus
778 1419 1012 1463 muscatae)
1030 1420 1134 1456 inter
1149 1423 1224 1456 has
1240 1419 1369 1464 primo
1387 1423 1475 1455 loco
1493 1423 1573 1467 est,
1606 1423 1717 1456 coelo
1734 1431 1878 1459 sereno

49 1483 87 1516 et
113 1482 349 1521 tempestate
373 1478 510 1512 calida
526 1478 684 1513 Moschi
709 1479 828 1513 odore
848 1476 1233 1522 fragrantissimum.
1294 1473 1668 1511 Erode’icz'eatarz'z‘
1684 1479 1822 1515 Smith.
1840 1482 1880 1515 et

49 1532 206 1570 Erode'e‘
217 1533 364 1581 graina·
376 1534 521 1569 ufilld.
546 1534 677 1569 minor
692 1534 802 1570 sama
819 1538 894 1571 est.
950 1536 1123 1570 Istorum
1139 1533 1292 1570 aristae
1307 1534 1606 1570 mensurandae
1623 1535 1730 1571 ae'ris
1745 1535 1880 1572 humi-

48 1592 167 1630 ditati
183 1601 209 1628 a
225 1591 408 1635 physicis
424 1591 606 1626 adhiberi
623 1594 768 1627 solent.
1110 1594 1113 1597 '

191 1650 326 1691 Major
354 1648 396 1683 in
428 1645 699 1694 Palm-gomis
730 1647 978 1691 capensibus
1009 1647 1204 1684 aromatis
1233 1647 1500 1691 praestantia.
1559 1647 1593 1683 E
1623 1645 1877 1695 Pelargom'o

47 1713 170 1741 roseo
193 1706 341 1741 With-1.
373 1708 412 1740 et
434 1716 455 1741 e
481 1702 733 1750 Pelargone‘o
758 1705 952 1750 capitato
976 1705 1060 1741 Ait.
1092 1704 1366 1741 destillatione
1397 1707 1528 1740 oleum
1552 1707 1784 1742 aethereum
1808 1709 1880 1743 ob-

48 1762 218 1810 tinetur,
251 1762 355 1805 quod
386 1763 654 1798 adulterando
677 1764 880 1798 Rosarum
911 1765 998 1798 oleo
1030 1761 1219 1798 inservit.
1279 1759 1528 1807 Pelargone'e'
1557 1760 1764 1796 cucullati
1793 1763 1878 1800 Ait.

48 1821 145 1855 odor
174 1822 414 1866 vehemenS,
455 1828 580 1862 sapor
610 1820 879 1866 aromaticus,
918 1821 1204 1854 submucosus.
1264 1817 1491 1854 Utilitatem
1524 1818 1565 1853 in
1595 1818 1877 1856 intestinorum

48 1876 290 1912 torminibus
323 1878 623 1918 comprobatam
655 1876 878 1918 perhibent.
938 1873 1191 1921 Pelargom‘i
1212 1872 1569 1920 antv'dysenlerz‘eoe'
1589 1875 1703 1911 Kost.
1737 1879 1879 1912 tubera

49 1941 76 1970 a
97 1932 454 1976 Namaquensibus
485 1933 685 1967 adversus
717 1933 803 1967 alvi
832 1932 984 1967 fluxum
1016 1934 1281 1975 usurpantur.
1340 1928 1591 1977 Pelargomi·
1620 1930 1760 1967 tristis
1791 1933 1877 1971 Ait.

48 1990 304 2032 aliarumque
321 1990 550 2032 specierum
568 1992 710 2024 tubera
728 1989 818 2024 cibo
836 1998 928 2024 esse
945 1992 1129 2031 possunt.
1190 1986 1489 2034 Pelargom‘zcm
1508 1992 1722 2022 acetosum
1740 1989 1822 2026 Ait.
1841 1993 1878 2026 et
1918 1992 1923 1993 ⁷

50 2043 348 2092 Pelargom'um
364 2044 573 2090 pellatam
591 2046 674 2081 Ait.
693 2045 882 2081 foliorum
900 2055 1046 2088 sapore
1064 2047 1177 2090 grate
1194 2045 1357 2080 acidulo
1375 2046 1717 2081 commendantur.
1756 2043 1878 2081 Mon-

49 2103 196 2140 som‘ae
212 2101 410 2149 spinosae
424 2102 508 2138 Dc.
525 2102 679 2151 caulis,
704 2102 844 2139 resina
859 2105 1071 2140 balsamea
1086 2101 1242 2151 foetus,
1273 2101 1378 2138 facis
1392 2104 1481 2137 loco
1499 2110 1701 2140 accensus
1717 2103 1845 2139 ardet.

192 2210 835 2267 *Rhynchotheceae.
907 2212 1110 2251 Frute'ees
1138 2210 1333 2265 peruani
1365 2209 1694 2263 ramosissimi,
1737 2212 1877 2253 ramis

52 2271 304 2323 oppositis,
338 2271 625 2323 tetragonis,
654 2270 853 2310 ramulis
883 2270 1014 2322 apice
1046 2268 1431 2321 spinescentibus.
1490 2269 1618 2307 Folia
1650 2266 1876 2323 opposita,

47 2326 300 2380 petiolata,
335 2326 640 2380 exstipulata,
685 2326 874 2379 integra
899 2340 941 2366 v.
972 2325 1160 2369 trifida.-
1222 2327 1374 2364 Flores
1404 2326 1452 2365 in
1483 2325 1614 2379 apice
1646 2337 1877 2367 ramorum

49 2382 594 2436 fasciculam-congesti.
657 2380 1165 2436 Caly.z·pentaphyllus,
1199 2382 1448 2434 regularis,
1478 2382 1745 2434 persistens.
1802 2386 1900 2422 C0-'

49 2442 163 2479 rolla
189 2440 329 2481 nulla.
390 2441 588 2478 Stamina
613 2439 790 2488 decem,
822 2438 1121 2491 receptaculo
1145 2441 1341 2489 inserta3
1362 2439 1597 2488 filamenta
1622 2439 1878 2493 capillaria,

50 2497 221 2549 libera,
256 2496 418 2549 calyce
436 2496 595 2549 paullo
616 2495 857 2549 longiora,
887 2495 1208 2547 persistentia,
1241 2496 1451 2533 antherae
1473 2496 1730 2549 introrsae,
1761 2496 1877 2537 bilo-

53 2553 260 2605 culares,
299 2553 645 2603 incumbentes,
682 2552 1092 2605 longitudinaliter
1127 2551 1439 2602 dehiscentes,
1472 2551 1709 2593 deciduae.
1772 2555 1876 2592 Ger-

51 2623 143 2649 men
160 2609 380 2659 liberum,
410 2609 597 2659 sessile,
629 2607 1236 2663 sulcato-quinquelobum,
1270 2608 1704 2662 quinqueloculare.
1756 2611 1875 2648 Gem-

51 2669 192 2706 mulae
229 2667 277 2705 in
316 2669 478 2720 quovis
518 2665 676 2706 loculo
718 2665 857 2715 duae,
902 2665 1076 2719 angulo
1121 2665 1315 2705 centraii
1350 2677 1495 2719 prope
1527 2667 1702 2719 apicem
1734 2667 1876 2707 colla-

49 2723 264 2765 teraliter
291 2735 538 2777 appensae.
600 2724 745 2773 Stylus
776 2722 1101 2772 brevissimus3
1143 2726 1351 2773 stigmata
1382 2724 1604 2775 quinque,
1642 2722 1877 2777 elongata„

52 2780 380 2829 teretiuscula,
413 2791 633 2829 carnosa,
665 2778 886 2836 patentia.
949 2781 1138 2828 Capsula
1165 2783 1467 2831 pentacocca‚
1502 2779 1628 2831 stylo
1652 2787 1877 2831 rostrata,

51 2838 204 2878 coccis
236 2836 292 2876 ab
323 2836 397 2876 axi
437 2836 634 2877 centrali
675 2835 1061 2890 quinquesulcato
1095 2834 1278 2875 demum
1311 2834 1609 2886 solubilibus,
1641 2836 1877 2877 coriaceu-

51 2894 441 2944 membranaceis,
470 2892 866 2942 unitocularibus,
897 2893 1257 2946 monospermis,
1283 2891 1459 2946 angulo
1480 2891 1878 2946 ventraiiapertis,

55 2952 200 2990 semen
233 2949 743 3005 oblongo-trigonum,
780 2949 998 3003 utrinque
1028 2953 1338 3000 attenuatum,
1375 2949 1698 2999 integumento
1730 2951 1877 3001 tenui,

52 3007 239 3048 adnato.
297 3008 482 3058 Embryo
499 3008 544 3047 in
564 3007 637 3049 axi
657 3006 908 3047 albuminis
929 3006 1112 3047 carnosi
1129 3011 1309 3057 rectus,
1340 3005 1523 3058 viridis,
1556 3005 1763 3058 ejusdem
1782 3006 1878 3047 fere

53 3063 373 3118 longitudine,
417 3067 733 3117 cotyledonibus
763 3063 1049 3117 linearibus,
1095 3062 1268 3118 planiS‚
1312 3064 1514 3103 radicula
1549 3063 1878 3114 teretiuscula,

53 3120 211 3175 brevi,
240 3133 427 3175 supera.

692 3197 917 3243 uenus
969 3202 1242 3233 σΝῐοσΜ.

623 3282 746 3318 6049.
775 3273 1097 3325 Rhyncnotheea
1113 3277 1225 3314 καῖε,
1241 3276 1393 3316 etPav.

197 3358 601 3421 observatio.
672 3380 1017 3423 Rhynchotnecae
1046 3388 1176 3424 genus
1200 3387 1444 3425 peruanum,
1475 3376 1626 3421 petalis
1654 3377 1806 3425 nullis,
1845 3382 1885 3415 et

58 3438 290 3482 embryonis
313 3440 423 3474 intra
447 3441 639 3474 albumen
663 3445 879 3473 carnosum
899 3436 999 3474 recti
1015 3435 1321 3479 cotyledonibus
1338 3435 1475 3478 planis
1493 3444 1518 3470 a
1535 3435 1801 3474 Geraniaceis
1819 3435 1895 3472 iti--

58 3503 242 3547 versum,
273 3496 528 3540 aliquomodo
544 3495 718 3533 istarum
733 3502 825 3531 cum
840 3493 1051 3543 oxalideis
1067 3492 1306 3530 affinitatem
1321 3492 1536 3530 mediatur.
