2147 3756
1052 135 1168 183 510

206 314 256 348 ab
275 308 576 353 Hippocraticis
599 305 823 344 adhibitam
847 310 1027 352 constat,
1065 302 1217 350 Thyrrei
1237 300 1502 339 Mastichina
1524 303 1643 341 Linn.
1667 302 1850 348 (Herbae
1873 304 2021 342 Masti-

206 368 351 403 chinae
367 376 399 401 s.
417 366 523 402 Mari
538 375 563 401 v
568 365 749 409 ulgarisJ
767 364 958 406 frequens
975 364 1078 405 apud
1098 361 1222 397 maris
1238 360 1522 397 mediterranei
1540 364 1704 397 accolas
1724 371 1838 397 usus.
1876 360 2022 397 Melis-

208 432 281 458 sae
300 419 534 471 officzmnalw
551 422 670 457 Linn
692 421 826 455 virtus
848 419 995 454 leniter
1010 419 1240 454 stimulans
1298 414 1474 452 Melzssa
1494 415 1768 452 calaminum
1782 419 1900 454 Linn.
1919 416 2025 460 (ca-

207 479 408 516 lamintha
431 478 749 515 s.cala1nintha
771 478 961 511 montana
993 474 1103 510 Offic.
1107 473 1129 518 J
1161 477 1198 508 et
1221 470 1396 508 Melissa
1414 471 1576 519 Aepeca
1599 474 1718 511 Linn.
1743 473 2024 517 (calamintha

207 536 380 579 agrestis
412 545 444 571 5.
469 533 629 577 Pulegii
654 531 797 575 odore)
831 534 1086 566 Mentharum
1117 530 1311 566 fervorem
1343 533 1612 566 aemulantur.
1671 529 1848 565 Meles-sa
1872 529 2026 575 Αοίηοε

207 593 350 627 Benth.
369 589 737 633 [ThymusAcinos
754 588 886 632 Linn.,
905 587 1183 629 clinopodium
1201 589 1403 629 sylvestre
1418 588 1660 630 v.Ocymum
1678 586 2024 630 sylvestreOffic.)

208 649 327 683 odore
344 647 447 682 inter
464 649 660 688 'l'hymum
677 647 713 679 et
731 644 944 688 Pulegium
962 643 1144 686 ambigit.
1182 640 1358 677 Melissa
1375 640 1522 688 alpina
1539 644 1679 678 Benth.
1699 641 1902 685 (Ths'inus
1919 643 2026 687 alpi-

207 715 286 740 nus
303 704 443 749 Linn.,
476 701 755 743 clinopodium
772 704 1002 735 montanum
1020 698 1154 742 offic.)
1173 700 1404 743 pastoribus
1428 699 1619 747 alpicolis
1637 699 1815 743 Serpylli
1838 701 1923 734 loco
1950 704 2025 735 est.

212 758 497 805 Cle'nupodsnm
516 755 690 803 vulgare
707 757 826 792 Linn.
850 756 996 792 modici
1019 756 1153 791 odoris
1178 756 1312 799 gratia
1330 755 1514 802 excellit,
1545 756 1648 791 iuter
1664 757 1801 791 Theae
1818 755 2028 791 chinensis

208 817 467 853 succedanea
482 815 815 849 commendatum.
855 810 1224 857 Dracoceplmlwn
1243 810 1486 847 Moldam‘ca
1508 812 1627 848 Linn.
1647 810 1843 854 (Melissa
1862 811 2030 846 turcico

207 871 341 915 offic.)
366 871 536 907 Melissa
560 870 752 905 officinali
773 869 994 916 fervidius,
1025 870 1096 905 sed
1125 870 1259 916 minor!
1279 869 1413 905 odoris
1437 869 1583 912 gratia.
1646 866 1917 902 Cedronellae
1945 867 2028 902 tri-

204 926 377 975 phyllae
387 929 546 963 lvlonch.
565 925 787 969 [Melissae
805 927 1068 962 canariensis
1085 926 1236 973 Offic.J,
1257 926 1748 969 plantaeDracocephalis
1765 925 1915 975 affinis,
1932 926 2028 960 odor

207 985 369 1031 gravis,
401 986 642 1025 camphorae
659 986 693 1018 et
713 983 1009 1028 terebinthinae
1023 983 1168 1025 spiritu
1191 983 1407 1018 vellicans.
1470 979 1605 1016 Ocimi
1629 982 1810 1028 species,
1842 981 2027 1026 vulgaris

207 1041 375 1077 notitiae
400 1043 587 1085 plantae,
619 1042 667 1074 ob
685 1040 818 1075 odoris
835 1039 1007 1083 gratiam
1026 1039 1179 1082 passim
1195 1039 1238 1075 in
1254 1039 1380 1074 hortis
1397 1038 1628 1074 domesticis
1646 1042 1683 1074 et
1700 1041 1896 1074 cellarum
1914 1037 2028 1073 fene-

207 1098 304 1135 stris
329 1100 484 1143 cultae,
517 1095 815 1138 antiquissimis
833 1095 1075 1138 temporibus
1094 1098 1143 1131 ab
1160 1095 1294 1141 Indis,
1326 1095 1472 1138 quibus
1489 1095 1686 1130 Melissae
1701 1097 1790 1130 loco
1808 1097 1924 1139 sunt,
1956 1104 2028 1137 pe-

208 1155 318 1190 titae.
383 1150 518 1188 Ocima·
531 1150 845 1188 Base'le'ciLinn.
869 1152 1028 1187 fructus
1053 1160 1160 1194 aqua
1176 1151 1305 1188 infusi
1321 1151 1607 1194 mucilaginem
1624 1151 1829 1193 copiosam
1845 1151 2028 1186 reddunt.

211 1207 396 1244 ocimum
419 1211 613 1244 sanctum
636 1209 756 1244 Linn.
778 1209 968 1244 Indorum
993 1208 1084 1243 Jovi
1109 1217 1283 1244 sacrum.
1347 1204 1532 1242 Oce'mum
1550 1203 1830 1253 virideflornm
1849 1208 1966 1242 Roth.
1984 1207 2027 1242 in

205 1268 353 1304 Africa
376 1267 531 1310 tropica
554 1266 756 1311 nascitur,
787 1267 892 1308 apud
920 1264 1099 1309 Nigritas
1129 1267 1176 1300 ob
1199 1264 1387 1300 virtutem
1406 1263 1649 1306 febrifugam
1668 1265 1838 1299 celebre.
1901 1259 2028 1310 Colei,

210 1323 372 1368 generis
383 1314 519 1358 Ocimo
538 1322 722 1366 proximi,
741 1323 877 1364 plures
894 1321 1056 1364 species
1079 1324 1126 1356 ob
1145 1321 1337 1356 aromatis
1357 1321 1648 1363 praestantiam
1666 1321 1772 1362 apud
1788 1320 1906 1355 Indos
1923 1321 2031 1355 cele-

208 1383 390 1417 brantur.
435 1380 611 1416 Herbam
628 1378 905 1423 aromaticam,
925 1387 975 1412 ex
991 1377 1140 1413 insulis
1158 1377 1414 1413 Mascarenis
1431 1377 1472 1412 in
1490 1377 1666 1412 Galliam
1683 1376 1843 1411 nomine
1859 1379 2032 1412 barbaro

211 1433 464 1481 Patchoully
482 1440 622 1470 nostra
638 1434 828 1469 memoria
843 1436 1074 1479 advectam,
1093 1443 1114 1468 e
1131 1434 1244 1468 colei
1264 1434 1400 1475 specie
1418 1435 1631 1468 collectam.
1644 1436 1801 1475 putant.
1845 1432 2032 1467 Boreali-

209 1492 432 1529 americani
452 1490 645 1526 Cum‘lam
663 1489 902 1523 marianam
921 1489 1040 1525 Linn.
1058 1492 1094 1524 et
1114 1486 1330 1522 Hedeoma
1339 1486 1596 1534 pulegim'des
1612 1490 1727 1525 Pers.
1746 1489 1851 1524 inter
1867 1491 2031 1531 plantas

208 1549 452 1585 aromaticas
475 1548 691 1590 indigenas
717 1547 759 1582 in
782 1546 956 1583 officinis
972 1548 1135 1582 habent.
1193 1545 1611 1583 Austro-americani
1625 1545 1856 1582 numerosis
1871 1543 2031 1592 Hypti-

213 1604 308 1641 dum
324 1605 542 1649 speciebus
559 1607 738 1639 utuntur.

347 1706 395 1740 In
414 1701 667 1737 Rosmarz‘no
685 1699 901 1751 officinali
913 1700 1033 1739 Linn.
1051 1699 1316 1745 (Rosmarino
1331 1701 1562 1737 hortensis.
1579 1703 1705 1737 herba
1719 1701 1876 1738 Anthos
1894 1699 2032 1744 offic.)

208 1760 458 1803 stearopteni
481 1761 531 1795 ad
557 1763 797 1802 camphorae
819 1762 1004 1806 naturam
1028 1759 1260 1794 accedentis
1285 1758 1445 1801 species
1469 1761 1600 1793 oleum
1615 1761 1782 1805 gravat,
1816 1761 1850 1792 et
1871 1759 2034 1799 plantae

207 1818 396 1854 virtutem
425 1817 599 1858 largitur
629 1817 808 1852 validius
839 1816 1097 1851 excitantem.
1162 1812 1369 1860 Satureja
1392 1812 1606 1849 hortensis
1630 1815 1770 1861 Linn.,
1802 1809 1909 1849 inter
1934 1822 2031 1848 con-

208 1875 386 1910 dimenta
403 1873 580 1908 ciborum
597 1873 830 1918 notissima,
856 1874 962 1907 hanc
979 1881 1000 1906 e
1016 1871 1235 1915 longinquo
1255 1873 1495 1907 aemulatur.
1539 1873 1587 1906 In
1607 1867 1802 1916 Hyssopo
1820 1866 2037 1918 offic-{nali

207 1932 328 1968 Linn.
352 1929 431 1965 olei
455 1930 630 1965 aetherei
663 1929 913 1972 camphorati
941 1927 1104 1964 stimulo
1131 1929 1363 1964 substantia
1385 1936 1546 1973 amara,
1579 1926 1662 1963 vim
1686 1929 1939 1963 roborantem
1962 1935 2034 1961 ex-

207 1997 371 2036 serens,
403 1986 574 2023 accedit.
633 1982 820 2031 Nepecae
836 1986 955 2020 odore
971 1985 1211 2033 aromatico,
1243 1993 1389 2028 sapore
1405 1987 1642 2021 balsameo·
1652 1983 1739 2020 acri
1755 1985 1975 2019 excellunt.

350 2085 545 2122 Aromate
560 2092 696 2120 amaro
714 2087 814 2120 bene
828 2086 980 2119 multae
997 2085 1217 2119 excellunt.
1266 2085 1378 2119 Inter
1392 2085 1468 2118 has
1485 2079 1742 2117 Lammlula
1758 2079 1885 2128 Spica
1899 2080 2033 2128 Linn.‚

214 2139 444 2189 Orvgannm
462 2139 636 2186 vulgare
652 2140 770 2176 Linn.
788 2145 826 2176 et
844 2138 1076 2185 [trajan-ana
1092 2137 1306 2173 hortensis·
1323 2142 1483 2176 Mtjnch.
1502 2139 1544 2174 in
1559 2141 1710 2183 vulgus
1726 2143 1859 2174 notae.
1896 2133 2036 2174 Ama-

211 2199 310 2234 ναι-7·
330 2195 554 2233 Π7ἐῐα777777·
576 2199 716 2232 Benth.
742 2195 971 2239 (Dictamni
995 2196 1135 2231 cretici
1159 2196 1295 2240 Offic.)
1326 2195 1471 2240 ingens
1496 2197 1603 2238 apud
1628 2200 1784 2231 veteres
1808 2195 1930 2231 fama.
1986 2195 2034 2231 In

217 2253 408 2290 Tenet-278
429 2253 691 2291 amaritudini
716 2253 1010 2297 adstringentis
1034 2252 1188 2294 aliquid
1212 2253 1388 2298 accedit,
1421 2252 1683 2294 plurimorum
1707 2252 1802 2287 odor
1817 2251 2033 2287 alliaceus.

217 2310 439 2346 Teucriam
463 2309 625 2356 Botrys
641 2310 769 2345 Linn.
801 2307 972 2352 [Botrys
997 2309 1356 2351 chamaedryoides
1381 2307 1538 2354 Ostia),
1577 2306 1797 2342 Teucriam
1825 2304 2034 2341 Chamae-

212 2366 443 2414 drysLinn.
461 2365 759 2410 (chamaedrys
776 2365 1160 2411 s.'.l¹rixag00ffic.J,
1186 2362 1635 2399 TeucriamSem-dmm
1651 2364 1786 2410 Linn.,
1812 2362 2032 2398 Teuc-rium

212 2423 382 2460 Marum
412 2423 531 2460 Linn.
563 2422 746 2466 [Marum
770 2432 912 2458 verum
944 2433 976 2458 s.
1001 2423 1209 2464 syriacum
1233 2419 1391 2468 Officgt,
1430 2419 1650 2455 Teucriam
1681 2421 1882 2455 creticum
1911 2420 2033 2456 Linn.

214 2481 399 2526 (Polium
431 2480 621 2516 creticum
653 2478 810 2525 Ossia),
850 2476 1070 2513 Teucriam
1094 2476 1256 2513 Polz'um
1285 2479 1405 2513 Linn.
1430 2475 1616 2520 [Polium
1639 2481 1871 2514 montanum
1894 2475 2031 2519 Ome.)

212 2538 295 2574 rari
310 2538 427 2574 hodie
444 2546 558 2573 usus.
612 2530 654 2571 A
650 2534 782 2582 jugae
798 2534 1184 2571 resinoso-amarae
1203 2538 1310 2572 sunt.
1359 2534 1494 2570 Etiam
1511 2529 1558 2570 A
1554 2532 1687 2580 jugae
1707 2531 2032 2579 Chamaepimos

211 2595 332 2630 Linn.
363 2593 484 2637 [Ivae
508 2593 743 2629 arthriticae
767 2591 923 2637 offic),
954 2585 1126 2637 Ajugae
1150 2589 1254 2626 [vae
1277 2593 1441 2627 Schreb.
1467 2590 1587 2634 [Ivae
1611 2594 1844 2626 most-halae
1868 2599 1900 2627 s.
1924 2590 2033 2625 cha-

211 2651 437 2693 maepityos
468 2647 795 2692 monspeliacaeJ
828 2651 864 2684 et
888 2643 1062 2695 Ajngae
1093 2646 1305 2694 reptantis
1338 2646 1455 2682 Linn.
1488 2645 1697 2690 [Bugulae
1722 2656 1761 2683 v.
1787 2646 2031 2682 consolidae

214 2707 394 2743 medicae
417 2705 554 2749 Osfic.)
580 2715 680 2741 usus
704 2708 889 2741 exoletus
912 2709 986 2741 est.
1043 2707 1153 2741 [dem
1177 2707 1225 2741 de
1249 2704 1417 2746 reliquis
1433 2703 1592 2739 amaris·
1606 2701 1796 2738 Leonum
1817 2699 2031 2736 Cardiam

210 2764 329 2800 Linn.
343 2790 352 2808 ,
385 2759 644 2798 Moluccella
659 2761 771 2796 laem·
784 2761 904 2798 Linn.
917 2788 926 2807 ‚
960 2759 1184 2796 &Maenade
1201 2764 1405 2795 montana
1421 2760 1541 2795 Linn.
1561 2762 1687 2796 valet.
1728 2756 2029 2793 scutellarium

209 2818 538 2866 galeno-alatam
560 2820 679 2855 Linn.
705 2817 903 2862 (Ilerbam
927 2817 1222 2854 Tertianariam
1248 2817 1357 2853 Offic.
1361 2816 1384 2861 J
1407 2816 1612 2852 veteribus
1635 2816 1679 2850 in
1704 2814 1806 2851 febri
1829 2824 2032 2867 commen—

214 2879 369 2923 datam,
403 2873 702 2910 scutellarmm
721 2873 833 2909 later
836 2871 1006 2920 istorum
1023 2877 1053 2910 l
1059 2874 1141 2909 inn.
1161 2883 1185 2910 a
1202 2874 1392 2910 Boreali-
1401 2871 1646 2909 americanis
1662 2872 1740 2907 adv
1744 2880 1860 2907 ersus
1879 2872 2031 2907 rabiem

214 2934 404 2969 caninam
428 2932 566 2967 multis
590 2931 786 2966 encomiis
810 2931 1089 2966 circumlatam
1115 2930 1245 2965 fuisse
1269 2931 1440 2965 constat.
1499 2925 1689 2961 Leonum·
1703 2926 1846 2961 lauat-z
1858 2929 2028 2971 spreng.

215 2990 255 3025 in
273 2985 426 3024 Sibiria
443 2987 623 3031 indigeni
639 2986 769 3023 virtus
786 2987 985 3022 diuretica
1001 2986 1239 3021 certioribus
1258 2983 1544 3027 experimentis
1560 2987 1830 3026 comprobata.
1889 2981 2034 3018 Lam-ia·

214 3043 303 3080 albi
323 3039 441 3081 Linn.
476 3043 664 3086 (Urticae
685 3046 865 3078 mortuae
893 3041 1028 3086 offic.)
1061 3045 1095 3077 et
1120 3038 1264 3075 Lamii
1283 3038 1493 3075 maculati
1512 3040 1631 3075 Linn.
1666 3039 1849 3083 (llerbae
1880 3040 2032 3076 Milza-

215 3101 372 3146 dellaeJ
403 3103 528 3136 herba
557 3107 698 3134 amara
719 3099 815 3134 olim
838 3100 1037 3134 adversus
1062 3098 1248 3134 diversas
1270 3097 1484 3140 passiones
1508 3098 1803 3143 commendata,
1836 3105 1862 3132 a
1886 3096 2030 3140 paucis

215 3157 332 3194 hodie
362 3159 600 3202 usurpatur,
640 3155 887 3198 frequentior
917 3157 979 3190 est
1006 3153 1167 3199 florum,
1202 3155 1319 3189 odore
1348 3155 1513 3199 melleo,
1546 3161 1691 3195 sapore
1720 3151 2030 3189 mucoso-dulci

214 3213 438 3258 insignium
463 3222 529 3255 pro
548 3215 639 3248 thea
655 3221 768 3247 usus.
829 3208 1125 3256 Galeopsmmn
1141 3210 1381 3245 nostratium
1397 3212 1521 3246 herba
1536 3212 1729 3246 subsalsa
1745 3213 1783 3245 et
1800 3217 1938 3250 amara
1956 3211 2030 3244 est.

219 3267 482 3315 Galeopsidis
500 3266 776 3303 ochroleueae
786 3267 920 3313 Linn.,
945 3270 1111 3311 plantae
1128 3267 1310 3310 vulgaris
1327 3269 1365 3301 et
1382 3270 1527 3310 paratu
1544 3265 1702 3312 obviae,
1719 3267 1883 3302 herbam
1900 3264 2033 3308 phthi-

217 3325 317 3361 sicis
335 3326 494 3372 utilem,
521 3326 588 3360 diu
605 3325 772 3361 remedii
787 3323 933 3360 secreti
949 3323 1110 3359 nomine
1131 3322 1383 3358 circumferri
1399 3327 1434 3359 et
1453 3331 1547 3359 caro
1563 3321 1690 3365 pretio
1704 3321 1826 3358 vendi
1844 3321 2030 3358 vidimus.

221 3379 511 3427 Galeopsidem
528 3379 724 3417 §retrahit
742 3381 861 3416 Linn.
881 3378 1127 3422 (cannabim
1145 3373 1387 3422 sylvestrem
1405 3379 1541 3423 offic.)
1559 3379 1602 3414 in
1621 3376 1922 3414 blennorrhoeis
1938 3378 2032 3413 lau-

219 3439 326 3474 dant.
391 3436 619 3472 Betom’cae
636 3433 870 3486 officinalis
896 3435 1012 3471 Linn.
1036 3435 1154 3471 radix
1176 3445 1317 3471 recens
1342 3440 1508 3482 purgat,
1541 3434 1652 3471 sicca
1667 3442 1890 3482 nauseosa‚
1923 3442 2030 3469 eme-

215 3493 292 3530 sim
310 3498 452 3530 movet.
512 3491 1104 3536 Herbaamaro—adstringens.
1167 3489 1422 3538 Sim—hydam
1440 3494 1567 3528 honos
1585 3491 1765 3528 evanuit.
