2147 3756
962 133 1080 184 485

121 298 258 337 TRJB-
281 297 336 335 ῙῙ.
370 296 772 335 PASSJFLOREAE
790 298 972 335 VERAE.
1111 328 1115 333 .
1162 306 1287 342 5099,
1321 307 1543 345 Murucuia
1565 306 1768 360 Touran.

225 365 351 401 5096.
382 364 656 429 Thompsonia
672 361 725 400 R.
743 362 820 400 Br.
1219 367 1257 432 g·
1278 355 1561 433 gssssssssfgaplgf'

225 422 350 458 5097.
380 423 599 458 Deldamia
620 419 835 456 Tleouars.
1162 449 1285 485 5¹0st
1317 449 1526 485 Disemma
1543 445 1696 484 [ΛΜΗ.

225 479 350 514 5098.
380 478 607 515 Passiflora
622 477 742 512 Juss.

439 525 664 561 Granadilla
685 526 876 570 Touruef.
1161 507 1284 542 51⁰1·
1318 506 1525 542 Tacsonia
1542 504 1660 542 ‘fuss‘

1221 565 1257 587 a.
1282 553 1516 588 Eutacsonia
1532 554 1646 588 Emit.

281 586 317 609 α’
345 575 610 643 ἹῖΕῒΓᾶΡᾶώῗθζ
626 574 705 610 DG'
1219 597 1252 629 b.
1279 597 1518 640 Distephana
1533 597 1640 630 Juss.

279 625 312 659 '⁷‘
341 625 457 660 Cleca
473 624 618 669 ΜΘΑΖᾸ·
1373 639 1582 684 Distephia
1600 637 1742 676 Salz‘sb.

433 673 772 720 Astephananthes
789 675 907 719 Bory.
1469 699 1493 723 ,κ

432 725 756 759 Monactineirma
773 724 890 768 Bory.
1543 758 1562 766 ..

438 773 627 808 Balduina
643 772 745 819 Raf.
1160 760 1283 796 5102.
1315 761 1477 797 Val'eca
1496 757 1653 798 Gartn.

282 834 314 858 ⁶·
340 823 536 859 De⁶³¹⁰b³
552 823 666 857 maz.
1051 833 1247 870 Tamus
1270 835 1342 870 111.
1384 836 1713 872 MODECCEAE.

321 887 364 910 α.
389 871 634 907 Eudecaloba
647 870 762 905 Endl.
1159 901 1283 935 5103·
1317 903 1513 937 Modecca
1530 899 1652 938 Dium

430 920 626 955 Decaloba
642 919 721 954 DC.
1322 950 1330 958 ,
1571 952 1578 959 ,
1683 950 1690 958 .

322 976 362 1017 e·

1351 1004 1363 1035 1
1569 1004 1585 1027 s
1649 1005 1689 1028 ιιι
1739 1020 1747 1027 .

433 1018 684 1052 Anth³⁰tinia
703 1017 819 1063 ΕΦΨ·
1158 1043 1282 1077 5104.
1313 1044 1603 1079 Paschanthus
1623 1041 1780 1080 But-ch.

318 1077 358 1158 ἔ,
383 1066 762 1160 Ιῗὲζῗέἓέξὲέθῖἕα
1159 1100 1281 1134 5105.
1314 1099 1467 1135 Kolbia
1484 1097 1615 1137 Palis.

255 1169 316 1202 td.
342 1167 549 1210 Dysosmia
565 1166 644 1200 DC.
1159 1156 1282 1191 5106.
1315 1156 1618 1199 Ceratiosicyos
1637 1154 1756 1193 Nees.

255 1219 309 1251 ie.
335 1215 556 1260 Astrophea
573 1215 651 1251 DC.
1158 1211 1283 1248 5107.
1314 1212 1499 1248 Aenaria
1521 1210 1682 1250 Thunb.

245 1303 571 1350 Affinitas·
630 1310 734 1346 Ordo
766 1309 1042 1347 mediantibus
1071 1311 1292 1356 generibus
1323 1310 1543 1347 ecirrhosis
1573 1311 1679 1348 inter
1707 1307 1937 1351 Parietales

104 1368 380 1415 Homalineis‚
412 1366 650 1413 sam-deis,
676 1368 1064 1413 Malesherbiaceis,
1089 1368 1274 1411 ipsisque
1291 1368 1413 1404 etiam
1428 1369 1690 1412 Papayaceis
1707 1369 1842 1405 affinis
1860 1375 1936 1417 est,

103 1424 330 1461 innumeris
347 1424 461 1471 ‚notis
480 1424 840 1472 distinctissimus,
872 1424 967 1461 inde
990 1426 1042 1461 ad
1058 1425 1335 1468 Capparideas
1349 1453 1360 1473 ,
1391 1425 1562 1462 seminis
1579 1429 1784 1462 structura
1801 1427 1933 1462 diver-

102 1490 196 1525 sas,
228 1484 267 1517 et
289 1483 340 1517 ad
358 1481 702 1528 Cucurbitaceas,
734 1482 913 1527 germine
935 1481 1064 1518 infero
1087 1485 1125 1518 et
1148 1481 1373 1519 seminibus
1391 1481 1717 1520 exalbuminosis
1737 1482 1935 1521 facillime

101 1538 436 1587 distinguendas,
468 1538 640 1574 accedit.

244 1602 675 1660 Geographiaeu
731 1608 1006 1645 Passifloreae
1036 1608 1263 1645 innumeris
1294 1609 1512 1653 speciebus
1543 1610 1586 1646 in
1609 1610 1830 1647 Americae
1851 1615 1936 1647 tro-

101 1665 222 1712 picae
238 1667 373 1710 sylvis
391 1667 676 1703 aestuantibus
692 1666 896 1713 habitant,
930 1666 1094 1702 floribus
1111 1667 1211 1702 mire
1229 1667 1386 1702 decoris
1398 1695 1407 1713 ,
1432 1667 1634 1710 plurimae
1650 1667 1773 1703 etiam
1790 1667 1936 1704 fructi-

98 1726 179 1761 bus
202 1723 361 1767 sapidis
385 1725 701 1760 commendatae.
760 1724 927 1765 Paucae
949 1723 992 1759 in
1014 1725 1126 1758 Novo
1152 1723 1383 1759 continente
1405 1724 1448 1759 in
1472 1726 1636 1767 plagam
1662 1723 1723 1760 cis
1740 1733 1934 1761 cancrum

101 1780 359 1826 calidiorem,
397 1780 675 1824 paucissimae
707 1783 820 1816 trans
851 1780 1135 1823 capricornum
1165 1784 1404 1824 evagantur.
1461 1782 1509 1816 In
1531 1780 1679 1816 Afric-a
1709 1782 1864 1825 tropica
1894 1786 1934 1818 et

99 1837 210 1874 Asia
237 1837 373 1873 calida
401 1839 526 1873 multo
561 1837 735 1872 rariores
765 1840 1003 1873 nascuntur.
1061 1838 1292 1873 Nonnullae
1323 1836 1365 1872 in
1395 1839 1509 1872 Nova
1540 1837 1765 1873 Hollandia
1795 1843 1933 1874 extra-

99 1893 258 1938 tropica
288 1897 326 1930 et
356 1894 401 1930 in
422 1896 538 1929 Nova
560 1893 789 1929 Zeelandia
820 1896 1026 1940 crescunt,
1058 1897 1283 1930 australem
1313 1893 1468 1929 ordinis
1499 1894 1543 1930 in
1565 1896 1678 1930 Novo
1701 1895 1933 1931 continente

99 1950 315 1987 terminum
347 1950 706 1996 transgredientes.
766 1952 986 1987 Modeccae
1016 1951 1200 1998 species,
1231 1960 1284 1986 ex
1311 1950 1504 1986 America
1534 1953 1698 1998 exules,
1728 1952 1934 1989 latissime

99 2016 173 2052 per
185 2011 362 2044 veterem
380 2010 516 2043 orbem
533 2007 744 2051 dispersae
762 2011 876 2055 sunt,
908 2007 1059 2043 nullibi
1076 2010 1210 2043 tamen
1227 2007 1288 2043 cis
1305 2007 1504 2043 circulum
1521 2008 1721 2052 tropicum
1737 2009 1895 2045 obviae.

240 2071 606 2125 &ualitates
629 2080 667 2114 et
689 2083 859 2119 usus.
918 2077 1180 2125 Passi'ilorae,
1199 2078 1339 2114 florum
1355 2077 1484 2113 forma
1500 2081 1538 2113 et
1553 2082 1667 2123 grato
1684 2078 1805 2115 odore
1822 2089 1932 2116 com-

98 2135 334 2182 mendatae,
357 2135 558 2171 fructibus
576 2135 755 2182 sapidis,
780 2137 1003 2171 nonnullae
1021 2135 1143 2171 etiam
1158 2134 1316 2170 viribus
1332 2134 1664 2171 medicatricibus
1681 2135 1802 2172 utiles
1819 2142 1930 2187 sunt..

96 2192 159 2228 De
180 2191 332 2228 virtute
357 2191 434 2227 rite
458 2191 689 2235 quaesitum
706 2194 881 2228 nondum
898 2194 980 2237 est,
1012 2191 1090 2227 etsi
1107 2201 1159 2227 ex
1175 2191 1455 2227 itinerantium
1470 2191 1740 2228 relationibus
1757 2196 1928 2241 constet,

96 2247 308 2285 nonnullis
330 2248 518 2292 populari
534 2248 643 2284 fama
659 2249 743 2285 vim
759 2248 1027 2295 narcoticam,
1060 2248 1458 2297 antlielminthicam,
1491 2248 1733 2299 diureticam
1749 2253 1788 2285 et
1803 2248 1930 2285 febri-

98 2303 238 2349 fugam
254 2305 400 2351 tribui,
425 2314 546 2349 quam
562 2305 637 2341 alii
653 2316 674 2341 e
690 2305 890 2349 principio
908 2305 1114 2352 resinoso,
1141 2314 1279 2341 amaro
1297 2309 1335 2341 et
1351 2305 1436 2341 acri
1452 2305 1717 2342 derivandam
1729 2333 1740 2354 ,
1765 2305 1930 2349 quidam

97 2371 121 2398 e
136 2361 372 2400 substantia
385 2361 587 2406 peculiari
608 2358 940 2408 (Passzflorina)
954 2389 964 2409 ,
996 2362 1237 2406 Morphinae
1253 2362 1401 2408 simili,
1426 2364 1687 2406 repetendam
1703 2364 1928 2406 perhibent.

98 2418 202 2462 Quid
219 2418 314 2462 quid
331 2418 386 2454 sit
402 2428 466 2454 res
481 2419 601 2454 hodie
617 2418 659 2454 in
676 2421 849 2455 obscuro
867 2423 947 2467 est,
974 2419 1246 2455 chemicorum
1263 2418 1460 2463 periculis
1476 2421 1768 2463 expendenda.
1800 2420 1927 2456 Nobis

96 2475 173 2510 hoc
195 2476 284 2510 loco
308 2475 493 2523 species,
526 2474 661 2511 fructu
685 2475 793 2511 eduli
822 2479 861 2511 et
878 2476 1027 2512 virtute
1042 2475 1185 2519 aliqua
1200 2475 1407 2512 sanatrice
1425 2477 1748 2525 commendatas,
1779 2477 1928 2521 paucis

94 2528 278 2567 indicare
292 2530 482 2568 sufficiat.
1744 2552 1751 2555 -

237 2588 373 2631 Pulpa
402 2587 601 2624 seminum
631 2586 830 2633 (atinus)
861 2588 904 2624 in
935 2588 1034 2625 aliis
1064 2587 1219 2635 dulcis,
1251 2588 1297 2625 in
1325 2588 1531 2632 plerisque
1559 2588 1924 2637 vinoso-acidula,

95 2643 210 2688 potui
231 2644 361 2680 mixta
375 2644 657 2688 gratissimum
674 2648 837 2688 praebet
854 2648 930 2682 sub
946 2646 1081 2682 sidere
1096 2645 1253 2682 fervido
1270 2645 1523 2691 refrigerium
1534 2672 1545 2693 ,
1573 2646 1698 2683 etiam
1713 2647 1757 2683 in
1772 2647 1927 2683 morbis

95 2700 356 2745 phlogisticis
387 2704 425 2736 et
455 2701 620 2738 biliosis
650 2701 779 2738 utilis.
839 2702 1087 2738 Passissorae
1109 2705 1148 2738 et
1172 2703 1403 2739 Tacsoniae
1424 2703 1683 2739 americanae
1706 2704 1923 2750 plurimae,

95 2766 120 2793 e
141 2757 290 2801 quibus
308 2753 591 2805 Passvssoram
603 2754 927 2804 filamentosam
950 2759 1048 2795 Cav.
1073 2767 1172 2803 prae
1194 2758 1365 2802 reliquis
1389 2761 1619 2806 laudatam,
1653 2757 1702 2796 P.
1713 2758 1924 2805 pallidam

92 2813 238 2862 Linn.,
270 2811 318 2850 P.
335 2812 493 2850 luteam
510 2812 627 2851 Linn.
643 2842 653 2862 ,
685 2811 731 2848 P.
749 2814 983 2849 coccineam
1000 2816 1123 2852 Aubl.
1139 2843 1149 2862 ,
1184 2813 1231 2850 P.
1248 2814 1531 2864 male'sbrmem
1548 2816 1668 2852 Linn.
1680 2843 1690 2863 ,
1717 2814 1766 2850 P.
1784 2814 1923 2851 lam-2·-

84 2868 248 2921 foliam
276 2871 420 2917 Linn.,
453 2868 500 2907 P.
524 2869 683 2906 edulem
712 2871 855 2919 Sinis„
888 2870 936 2907 P.
966 2871 1242 2906 incarnatam
1271 2873 1413 2920 Linn.,
1448 2869 1494 2909 P.
1517 2871 1758 2908 caeruleam
1784 2873 1922 2921 Linn.,

94 2924 142 2964 P.
167 2931 386 2964 serratam
406 2928 530 2965 Linn.
562 2931 600 2964 et
628 2926 882 2964 Tac-soniam
906 2927 1194 2964 mollissimam
1217 2930 1390 2976 Kunth.,
1428 2927 1474 2964 T.
1499 2928 1770 2975 tripartitam
1792 2932 1923 2978 Juss.,

101 2981 149 3021 T.
179 2984 411 3031 speciosam
441 2985 594 3022 Kunth.
632 2985 868 3022 nominasse
898 2987 1097 3033 sufficiat3
1126 2986 1234 3022 inter
1261 2989 1551 3034 gerontogeas,
1581 2986 1627 3022 ni
1657 2986 1798 3032 fallor,
1831 2989 1924 3023 sola

96 3037 312 3087 Paropsia
347 3039 481 3077 edulis
517 3043 738 3091 Thouars.,
775 3043 818 3080 in
851 3043 1173 3088 Madagascaria
1210 3052 1421 3092 crescens,
1460 3043 1659 3087 ejusmodi
1695 3043 1920 3081 seminibus

95 3099 409 3135 commendatur.
1296 3109 1298 3112 ’
1859 3135 1863 3140 .

235 3150 683 3202 Passfflorae'rubrae
706 3156 750 3193 in
774 3155 948 3193 Antillis
971 3160 1010 3193 et
1032 3156 1076 3194 in
1099 3156 1331 3194 continente
1354 3157 1544 3194 virtutem
1569 3157 1751 3194 tribuunt
1773 3166 1921 3194 narco-

95 3210 237 3259 ticam,
269 3214 308 3248 et
330 3221 484 3256 syrupo
506 3221 545 3248 v.
571 3212 750 3250 tinctura
772 3224 794 3250 e
817 3214 984 3251 floribus
1008 3218 1047 3251 et
1071 3214 1272 3250 fructibus
1288 3218 1433 3258 parata
1448 3215 1554 3250 inter
1571 3214 1662 3258 Opii
1676 3214 1920 3258 papaverini

93 3269 352 3305 succedanea
367 3271 548 3305 utuntur.
586 3269 776 3307 Proxime
792 3271 886 3307 huic
902 3271 1040 3308 affinis
1057 3266 1301 3317 Passzflora
1318 3269 1560 3317 capsulam
1574 3271 1694 3308 Linn.
1713 3280 1918 3308 emmena·

93 3334 199 3369 goga
215 3325 406 3362 creditur.
451 3320 718 3372 Passzssorae
735 3325 1100 3375 quadrangularis
1116 3328 1253 3375 Linn.,
1280 3331 1327 3364 ob
1345 3327 1545 3364 seminum
1563 3330 1728 3371 pulpam
1743 3321 1918 3365 ¹amoene

92 3380 402 3426 refrigerantem
424 3381 548 3418 etiam
563 3384 725 3429 cultae,
757 3383 878 3420 radix
898 3384 1225 3422 venenatissima
1247 3384 1414 3431 dicitur,
1447 3384 1624 3420 refracta
1648 3384 1736 3421 dosi
1758 3387 1918 3421 anthel-

90 3436 308 3485 minthica,
340 3440 480 3482 paullo
496 3438 656 3483 largius
672 3439 836 3492 ingesta
855 3441 1031 3489 vomitu,
1064 3440 1421 3487 convulsionibus,
1453 3440 1656 3488 paralysi,
1686 3441 1766 3478 imo
1789 3447 1916 3478 morte

91 3495 288 3538 plectens.
346 3497 393 3532 ln
420 3498 499 3532 nac
530 3496 806 3538 substantiam
827 3497 1069 3543 Morpllinae
1099 3497 1275 3536 similem
1305 3498 1482 3536 residere
1506 3497 1669 3540 quidam
1690 3492 1914 3542 perhibent.

1463 3564 1567 3617 ὀμ
