2147 3756
1005 115 1084 167 87

127 291 324 337 stinctas,
357 294 395 326 et
418 289 560 325 multis
584 288 714 325 modis
740 291 791 325 ad
816 289 1044 325 Smilaceas
1068 291 1331 336 accedentes,
1364 288 1563 332 imprimis
1586 289 1878 326 nominandum
1902 292 1964 326 est

126 352 289 384 vastum
312 350 352 381 et
373 349 459 381 late
481 355 554 389 per
581 350 779 381 terrarum
805 349 940 382 orbem
965 346 1157 382 diffusum
1181 342 1502 392 Asparagornm
1535 355 1679 389 genus.
1747 343 1967 392 Asparagi

125 401 365 453 officinalis
397 404 442 438 L.
482 403 603 438 radix
638 403 942 445 mucilaginosa
980 406 1018 438 et
1048 411 1209 450 amara,
1250 412 1276 438 a
1311 403 1519 438 veteribus
1550 402 1655 437 inter
1696 403 1966 448 „aperientes

127 461 305 504 quinque
343 454 556 501 majores“
610 463 843 506 numerata,
891 462 1041 494 baccae
1094 459 1191 494 item
1235 463 1273 495 et
1304 460 1464 494 semina
1501 461 1549 495 ob
1589 459 1699 494 vires
1741 460 1964 494 diureticas

124 520 163 554 et
192 516 391 560 peculiari
421 515 585 551 stimulo
615 516 657 550 in
689 525 843 559 organa
875 517 1069 551 sexualia
1093 520 1240 559 agente
1274 518 1494 551 celebrata.
1561 517 1621 550 De
1647 525 1724 550 usu
1748 515 1964 562 turionum,

124 583 148 608 e
178 573 325 616 quibus
354 572 515 608 acidum
548 573 672 607 fixum
696 573 920 616 peculiaris
944 573 1095 607 indolis
1127 572 1315 616 (acidum
1332 572 1692 616 asparaginicum)
1720 581 1745 607 a
1769 573 1965 607 chemicis

126 629 311 675 elicitur,
351 629 456 664 inter
494 630 714 665 lautior-um
756 630 912 665 cibaria
949 630 1059 672 apud
1090 625 1229 665 &umes
1255 634 1436 675 constat,
1469 629 1703 672 singulares
1737 628 1778 663 in
1804 629 1966 664 urinam

123 687 290 722 effectus
327 685 533 721 notissimi
564 690 673 722 sunt.
717 688 851 729 Major
882 689 944 722 est
975 685 1087 721 acidi
1119 686 1399 730 asparaginici
1428 686 1470 721 in
1497 685 1726 720 turionibus
1751 681 1970 731 Asparagi

123 740 346 790 acutffolie'
365 744 412 778 L.
441 743 572 785 copia.
631 743 767 778 Radix
798 746 836 777 et
866 742 1046 789 semina,
1081 742 1230 785 quibus
1255 743 1358 778 nihil
1388 744 1511 785 hujus
1542 742 1800 778 substantiae
1827 741 1968 777 inesse

123 800 322 846 creditur,
351 796 588 833 Cory-adam
606 799 872 835 Officinarum
889 799 1059 847 sistunt,
1086 801 1269 842 ejusdem
1295 809 1387 835 cuni
1403 801 1620 844 Asparago
1645 798 1842 834 officinali
1860 799 1968 842 apud

123 860 286 892 veteres
304 865 417 891 usus.
1391 899 1396 900 ⁷

260 911 520 956 Asparageis
538 911 737 948 affinitate
752 911 940 955 proxima
959 909 1209 957 Cordylines
1226 915 1264 948 et
1283 909 1544 947 Dran-aenae
1560 921 1724 956 genera.
1757 912 1822 946 Ex
1838 920 1968 947 anno-

119 967 181 1007 sis
205 966 466 1003 Dracaenae
482 965 632 1002 Draco
650 970 696 1005 L.
721 969 878 1004 truncis
902 968 1043 1005 resina
1066 969 1194 1004 effluit
1216 972 1350 1015 lutea,
1384 978 1489 1012 quae
1510 969 1617 1004 inter
1641 969 1829 1005 diversas
1855 965 1967 1002 San-

115 1025 257 1072 guinis
280 1023 500 1059 Draconis
525 1025 708 1071 species,
742 1035 846 1069 quae
869 1025 912 1061 in
935 1026 1212 1061 mercimoniis
1230 1031 1346 1073 sunt,
1380 1026 1643 1073 „Sanguinis
1658 1026 1861 1061 Draconis
1878 1025 1968 1061 veri

119 1082 165 1118 in
194 1078 382 1118 1nassis“
414 1082 576 1118 nomine
608 1082 885 1127 distinguitur.
949 1080 1197 1128 Cordylmes
1229 1084 1390 1126 species
1420 1083 1564 1119 variae
1595 1083 1639 1118 in
1668 1083 1774 1118 Asia
1807 1083 1965 1125 tropica

121 1143 379 1185 crescentes,
411 1139 589 1174 radicem
614 1139 656 1173 in
682 1139 930 1184 dysenteriis
954 1142 1180 1176 salutarem
1198 1140 1442 1183 largiuntur.
1506 1137 1754 1185 Cordyla‘nes
1771 1135 1969 1185 reflexam

120 1196 241 1232 Endl.
265 1195 384 1232 flores
410 1196 690 1239 emmenagogi
715 1200 924 1238 putantur.
988 1192 1236 1242 Cordfflnss
1267 1194 1320 1231 Τί
1342 1199 1506 1243 scholi„
1538 1196 1580 1231 in
1598 1196 1748 1232 Oceani
1767 1195 1967 1232 australis

118 1252 270 1288 insulis
294 1253 503 1298 vulgaris,
540 1253 660 1288 radix
685 1261 861 1288 carnosa
884 1261 909 1288 a
933 1253 1286 1289 Sandvicensibus
1313 1252 1484 1296 (quibus
1509 1255 1634 1297 vulgo
1659 1253 1728 1299 Ti,
1760 1255 1970 1289 Tea-root

118 1309 272 1353 Angl.)
299 1313 444 1345 assata
460 1302 704 1353 comeditur,
739 1313 775 1345 et
794 1312 1076 1353 praeparando
1094 1310 1207 1353 potui
1224 1311 1446 1353 spirituoso
1465 1310 1656 1355 inservit,
1689 1310 1828 1345 nautis
1848 1319 1967 1345 euro-

119 1366 238 1410 paeis
262 1369 309 1401 ob
334 1367 444 1402 vires
462 1366 807 1402 antiscorbuticas
825 1367 1020 1409 expetito.
1082 1365 1300 1401 Medeolae
1316 1366 1551 1414 ve'rge‘m‘cae
1567 1368 1614 1402 L.
1633 1366 1752 1402 radix
1769 1367 1971 1402 diuretica

121 1425 161 1458 et
178 1423 362 1458 emetica.
415 1425 463 1458 In
480 1423 600 1458 India
616 1434 637 1458 e
655 1420 886 1457 Dianellae
902 1421 1112 1458 odoratae
1128 1426 1261 1460 Blum.
1279 1425 1416 1460 radice
1434 1429 1608 1461 contusa
1622 1424 1747 1460 simul
1764 1433 1854 1459 cum
1871 1424 1970 1460 aliis

119 1480 372 1516 aromatibus
403 1480 563 1523 pastilli
597 1479 842 1528 formantur,
875 1480 1029 1516 fumum
1055 1483 1265 1517 odoratum
1297 1481 1500 1518 efflantes.
1557 1482 1780 1529 Decoctuin
1815 1480 1969 1517 radicis

121 1535 166 1572 in
183 1536 374 1585 dysuria,
406 1539 660 1582 gonorrlioea
676 1541 714 1573 et
729 1537 853 1574 fluore
870 1540 965 1574 albo
982 1538 1264 1575 administrari
1278 1541 1396 1576 solet.

587 1652 812 1701 Genera
849 1658 1230 1714 Asphodeleis
1268 1660 1501 1702 affinia.

261 1740 837 1798 *Aphyllantheae0
899 1746 1012 1785 Cum
1039 1744 1380 1798 Aphyllanthe,
1413 1757 1585 1797 genere
1602 1746 1970 1797 mediterraneo,

121 1799 335 1851 pluribus
355 1801 477 1841 notis
495 1802 617 1840 inter
633 1799 953 1852 Asphodeleas
973 1807 1019 1842 et
1036 1801 1274 1855 Xyrideas
1291 1801 1560 1851 fluctuante,
1588 1815 1764 1855 genera
1782 1808 1967 1843 austra-

120 1858 265 1898 lusica
281 1888 291 1905 ‚
323 1857 571 1897 manifeste
588 1857 897 1910 AsphodeIeis
917 1858 1102 1905 affinia,
1136 1860 1219 1899 sed
1238 1859 1313 1900 vel
1333 1860 1391 1899 ob
1409 1859 1699 1912 peculiarem
1723 1860 1894 1900 faciem
1922 1862 1966 1899 in

123 1915 305 1954 nullam
330 1914 600 1954 subordinis
624 1916 797 1954 tribum
823 1915 1139 1967 admittenda,
1173 1918 1517 1969 conjunximus.
1580 1917 1665 1957 His
1693 1918 1969 1970 subscripsi-

121 1984 224 2011 mus
250 1973 637 2021 Xanthorrhoeas,
658 1971 852 2012 caudice
872 1972 1229 2024 arborescente,
1256 1975 1400 2014 densa
1418 1973 1640 2014 foliorum
1660 1979 1971 2028 angustorum

119 2029 357 2081 promissa
388 2041 523 2069 coma
553 2034 599 2068 et
627 2029 755 2080 spica
780 2028 1038 2082 typhoidea
1062 2031 1319 2071 terminato
1348 2031 1638 2085 singulareS,
1669 2031 1830 2072 Novae
1856 2032 1969 2072 Hol-

119 2085 307 2126 landiae
328 2086 421 2126 oris
441 2085 722 2139 peculiarem
742 2084 912 2126 faciem
929 2088 1254 2140 impertientes
1268 2119 1277 2135 ‚
1313 2088 1589 2128 Xerorideis
1619 2093 1667 2128 et
1683 2089 1970 2142 liingiaceiS,

118 2143 167 2183 in
183 2142 528 2183 Juncacearum
546 2143 673 2182 calce
694 2142 941 2185 collocatis
960 2145 1266 2199 aliquomodo
1287 2145 1648 2198 comparandas.

207 2232 225 2267 1
238 2232 331 2266 168.
362 2231 520 2267 Alania
535 2229 661 2267 Emil.
1165 2236 1181 2269 1
1193 2234 1285 2272 171.
1316 2235 1626 2278 Aphyllanthcs
1650 2232 1857 2285 Tourucf.

207 2289 224 2323 1
239 2289 330 2325 1⁶9·
361 2289 624 2325 Laxmannia
640 2286 694 2326 R·
709 2286 789 2326 BT·
1166 2307 1185 2341 1
1196 2306 1290 2343 172.
1321 2305 1550 2343 Johnsonia
1565 2303 1618 2342 R.
1636 2303 1715 2342 Br.

207 2346 226 2382 1
236 2347 253 2381 1
263 2346 330 2382 70.
360 2347 497 2388 Borya
515 2343 670 2381 Labill.

448 2394 632 2427 Das-iesia
648 2394 762 2428 Lam.
1165 2377 1289 2414 1173.
1317 2378 1630 2414 Xanthorrhoea
1647 2375 1733 2413 Sm.

448 2437 744 2479 Baumgartenia
761 2435 854 2482 Spr.

261 2517 297 2552 E
325 2513 696 2551 Xanthorrhoeae
727 2515 938 2551 arboreae
966 2519 1015 2554 R.
1039 2519 1107 2555 Br.
1142 2518 1313 2555 caudice
1343 2518 1470 2555 esfiuit
1494 2519 1637 2556 resina
1659 2519 1768 2557 flava
1791 2518 1972 2563 (Resina

122 2575 238 2609 lutea
251 2574 358 2608 Novi
375 2574 530 2620 Belgii,
562 2574 970 2626 Resinaacaroides,
1002 2577 1285 2619 Botany-bay
1301 2576 1501 2622 gummi),
1534 2586 1682 2620 sapore
1699 2578 1827 2625 acris,
1861 2588 1971 2615 com-

48 2641 59 2648 ‘
123 2632 248 2666 busta
270 2631 462 2666 Benzoe'n
486 2632 695 2679 redolens,
728 2641 753 2668 a
769 2631 940 2668 med1cis
957 2633 1230 2678 anglo-indis
1253 2634 1297 2669 In
1312 2633 1504 2669 lienteria
1520 2637 1556 2669 et
1575 2634 1619 2670 in
1643 2635 1772 2672 variis
1787 2637 1966 2679 pectoris

126 2686 413 2723 affectionibus
430 2687 661 2731 propinata.

265 2764 788 2812 *Gilliesiaceaffi
850 2770 1050 2808 Ga'llz‘esia
1083 2773 1132 2809 et
1163 2772 1366 2820 Micy-sia,
1408 2783 1581 2820 genera
1614 2770 1861 2823 chilensia,
1893 2773 1971 2813 As-

124 2821 370 2877 phodeieis
403 2824 648 2866 manifeste
682 2824 867 2876 affinia,
901 2826 959 2866 ob
992 2827 1288 2867 involucrum
1317 2827 1489 2880 duplex
1515 2834 1564 2868 et
1579 2830 1873 2888 perigonium
1893 2830 1972 2871 dc—

123 2886 431 2936 pauperatum
449 2882 714 2937 irregulare
732 2883 988 2924 sectionem
1007 2884 1082 2924 sui
1096 2884 1218 2938 juris
1237 2883 1466 2926 efforman
1476 2892 1507 2925 t.

213 2972 231 3007 1
244 2972 338 3009 174.
370 2971 562 3008 Gilliesia
577 2969 720 3010 Liudl.
1167 2974 1186 3008 1
1198 2975 1290 3010 175.
1320 2968 1494 3011 illiersia
1510 2972 1652 3012 Liadl.

615 3157 626 3169 κ
640 3066 813 3140 Ordo
842 3094 1007 3140 LVI.
1081 3083 1462 3161 Smilaceae0

267 3195 465 3243 Herbae
509 3213 554 3243 v.
600 3194 905 3260 suffrzctz'ces,
958 3198 1219 3246 rhizomate
1259 3208 1460 3263 repente
1502 3216 1752 3263 perennes.
1828 3202 1972 3248 Folia

127 3265 313 3312 alterna
342 3283 386 3313 v.
419 3268 732 3326 verticillata,
780 3270 968 3316 sessilia
997 3286 1041 3318 ν’.
1073 3269 1178 3316 basi
1210 3270 1444 3318 interdum
1476 3271 1746 3334 vaginantia
1779 3280 1858 3318 aut
1889 3290 1973 3335 pe-

129 3336 585 3405 tiolata,'‚nervosa
638 3340 973 3402 integerrima,
1040 3341 1276 3388 interdum
1329 3343 1504 3389 minute
1560 3343 1972 3406 squamaeformia,

131 3408 274 3454 ramis
313 3416 423 3455 tunc
464 3408 693 3468 dilatatis,
736 3411 1084 3461 i'oliii'ormihuS.
1159 3412 1332 3460 Flores
1370 3414 1641 3475 regulares,
1680 3414 1886 3476 perfecti
1929 3432 1972 3460 v.

133 3477 302 3527 abortu
332 3479 629 3544 imperfecti,
671 3482 896 3530 axillares
930 3500 972 3531 v.
1007 3483 1305 3543 terminales,
1346 3484 1571 3544 solitarii,
1611 3485 1846 3534 racemosi
1870 3485 1971 3533 sive
