2147 3756
921 117 1041 169 505

175 296 298 333 3555.
328 292 486 332 Taenia
498 286 626 330 Anm.
1119 292 1245 330 3560.
1275 291 1517 331 Sclnibleria
1533 290 1668 331 Mart.

203 381 210 385 ‚
383 343 593 385 Myrmecia
611 339 765 377 Schreb.
1332 343 1467 376 Curtia
1488 343 1619 378 Cleant.

172 390 298 446 3553,
325 393 618 432 Leiotllamnus
638 391 801 431 Griseb.
1332 391 1643 426 Tlmrnheissera
1657 391 1768 428 Pom.

488 457 515 484 ,ψ
1328 442 1599 486 Apophragma
1618 441 1766 478 Griseb.

175 521 299 556 3556.
329 519 593 557 Crawfurdia
615 517 746 558 Wall.
1119 491 1244 528 35⁶1*
1270 492 1495 530 Exadenus
1513 490 1677 528 Grae‘seb.

68 609 264 646 TRIBUS
284 610 337 645 11.
379 608 661 647 SEBAEEAE.
1236 599 1272 642 G
1288 613 1348 643 en
1361 614 1452 642 era
1484 600 1670 642 dubia.
1735 606 1739 610 ”

176 691 300 726 3557.
333 690 562 726 Belmontia
579 687 627 726 E.
646 687 755 736 Moy.
1121 688 1246 725 3562.
1278 691 1608 727 Henicostemma
1624 688 1762 726 Blum.

176 749 300 783 3558.
333 749 491 783 Sebaea
509 744 680 781 Soland.
1121 747 1246 783 3563.
1276 747 1666 791 Tripterospermum
1683 745 1820 783 Blum.

177 805 303 840 3559.
332 804 538 848 Lagenias
555 801 605 840 E.
621 801 732 849 Mey,
1147 819 1205 827 —
1275 804 1459 840 Micraea
1474 801 1620 841 Miers.

206 909 495 956 Subordo
529 909 620 952 ΙΙ.
671 908 1158 964 Menyantheae.
1235 913 1436 952 corollae
1471 912 1722 957 aestivatio
1762 911 1896 956 indu·

67 966 308 1022 plicativa.
363 967 573 1009 Albumen
600 979 714 1008 cavo
741 966 931 1008 seminis
955 968 1123 1009 minus.

857 1071 1106 1107 GENERA·

179 1157 304 1193 3564.
334 1155 607 1198 Menyanthes
625 1151 748 1192 Lem.
1027 1151 1251 1194 Genera
1282 1151 1618 1194 Gentianeis
1647 1151 1872 1196 affinia.

390 1203 666 1238 Menonanthes
683 1203 789 1238 Hali.

179 1257 304 1292 3555,
335 1255 540 1292 Villarsia
561 1252 682 1289 Vent,
1122 1242 1248 1280 3566.
1278 1242 1545 1280 Mitrasacme
1561 1240 1716 1281 Labl‘ll.

235 1317 272 1339 a.
295 1302 614 1347 Nymphaeanthe
632 1301 840 1338 Reiclzenb.
1333 1297 1552 1342 Mitragyne
1567 1299 1617 1335 R.
1634 1299 1703 1334 Br-

388 1345 577 1381 Villarsia
598 1346 765 1380 Grieseb.
1179 1356 1219 1381 a.
1243 1345 1481 1382 Anisomitra
1495 1350 1611 1384 Endl.

388 1387 613 1422 Renealmia
629 1389 766 1422 Hontt.
1180 1403 1216 1439 b·
1240 1403 1455 1447 Mitragyne
1471 1406 1587 1441 Endl,

391 1430 700 1474 Trachysperma
716 1430 819 1476 Raf.
1380 1463 1389 1470 .
1434 1462 1444 1470 .

390 1474 558 1507 eumad„
572 1475 663 1508 ,hm⁴
1181 1471 1216 1496 c.
1240 1460 1509 1496 Holomitrmm
1524 1462 1639 1498 Encll.

236 1515 272 1551 b.
295 1515 624 1558 Linmanthemum
645 1515 766 1550 Gmel.
1182 1517 1219 1552 d.
1244 1517 1580 1553 nichelomitrium
1594 1519 1710 1556 Endl.

388 1558 577 1610 villar-sia
591 1558 797 1593 Reiehenb.
1126 1574 1234 1611 3567
1279 1576 1472 1613 Mitreola
1486 1573 1611 1614 Lz'nn.

387 1600 650 1644 Nymphoules
672 1599 862 1647 Toni-nef.
1240 1602 1251 1613 ⁰

389 1643 698 1678 Waldschmidia
721 1644 852 1688 Wigg.
1338 1632 1602 1677 Cyn⁰⁰t⁰m²m
1622 1632 1744 1668 Gmel·

391 1685 720 1729 Schweyckherta
738 1685 957 1721 C.G.Gmel.

206 1771 534 1818 Affinitas·
595 1779 914 1815 Gentianearum
931 1778 1111 1815 affinitas
1128 1779 1171 1816 in
1186 1779 1328 1824 aprico
1350 1783 1413 1818 est
1434 1790 1527 1819 cum
1549 1781 1722 1827 reliquis
1744 1783 1902 1820 ordini-

67 1839 146 1875 bus
170 1836 392 1882 Contortis,
425 1844 451 1872 a
473 1835 622 1878 quibus
643 1840 728 1871 tum
760 1835 956 1880 germinis
988 1839 1027 1871 et
1057 1835 1217 1874 fructus
1247 1837 1430 1886 fabrica,
1462 1842 1547 1876 tum
1577 1840 1748 1877 seminis
1778 1841 1900 1878 etiam

67 1897 276 1932 structura
306 1895 346 1928 et
375 1895 594 1935 embryone
623 1892 733 1929 intra
763 1895 955 1928 albumen
985 1893 1198 1936 copiosum
1228 1895 1382 1931 minuto
1420 1896 1630 1945 differunt,
1675 1901 1716 1933 et
1754 1899 1900 1935 habitu

66 1950 356 1994 quodammodo
371 1949 594 1996 peculiari,
626 1958 745 1992 quem
767 1948 880 1984 foliis
902 1950 1099 1993 oppositis
1122 1950 1212 1987 basi
1235 1952 1532 1996 vaginantibus
1555 1957 1595 1990 et
1619 1954 1899 2001 exstipulatis,

66 2017 144 2044 nec
173 2011 216 2043 ut
245 2006 289 2042 in
317 2006 487 2049 reliquis
515 2007 642 2049 hujus
673 2005 825 2042 classis
857 2005 1029 2042 familiis
1056 2008 1311 2045 articulatim
1341 2010 1453 2046 cauli
1479 2011 1648 2047 insertis
1679 2015 1718 2047 et
1740 2012 1899 2057 defluiS,

67 2064 324 2108 potissimum
347 2064 513 2110 debent,
544 2062 745 2099 facillime
765 2062 1085 2106 distinguuntur.
1142 2065 1340 2102 Proxima
1360 2073 1462 2103 sane
1485 2070 1546 2103 est
1572 2077 1663 2103 cum
1677 2069 1902 2111 Apocyna-

69 2120 155 2157 ceis
185 2120 465 2166 necessitudo,
498 2127 526 2155 a
554 2119 702 2163 quibus
734 2119 986 2155 Gentianeae
1014 2122 1183 2164 lympha
1213 2130 1367 2169 aquea,
1399 2124 1581 2161 antheris
1608 2125 1775 2170 liberis,
1807 2135 1902 2161 car-

69 2176 279 2222 pophyllis
292 2177 335 2212 in
353 2185 516 2220 germen
532 2176 710 2219 simplex
725 2185 933 2219 nunquam
949 2186 1027 2212 non
1045 2173 1230 2226 coalitis,
1261 2183 1302 2215 et
1316 2180 1543 2218 seminibus
1560 2190 1676 2218 coma
1692 2182 1900 2218 destitutis

70 2233 414 2273 discriminantur.
464 2233 672 2269 Remotior
686 2235 748 2269 est
762 2243 854 2269 cum
870 2234 1196 2271 Polemoniaceis
1213 2239 1252 2272 et
1267 2238 1623 2281 scrophularineis
1639 2238 1901 2286 quibusdam,

69 2299 313 2335 organorum
341 2289 616 2334 vegetationis
645 2289 754 2326 facie
782 2290 1038 2333 aliquomodo
1068 2292 1418 2343 convenientium,
1464 2294 1663 2341 affinitas3
1705 2305 1783 2331 nec
1818 2305 1903 2332 non

70 2357 162 2384 cum
190 2346 401 2383 nonnullis
431 2345 607 2385 familiis
634 2346 927 2398 dialypetalis,
968 2347 1339 2393 caryophyllaceis
1369 2355 1410 2388 et
1437 2351 1728 2396 Hypericineis
1757 2352 1901 2396 aliqua

70 2405 243 2441 istarum
261 2402 467 2446 analogia.

212 2478 643 2539 Geographia·
710 2487 960 2526 Gentianeae
987 2488 1096 2526 lucis
1127 2489 1306 2540 copiam,
1351 2495 1499 2529 terram
1527 2495 1740 2530 humosam
1767 2492 1902 2530 humi-

70 2541 223 2581 diorem
240 2548 310 2580 aut
325 2546 555 2581 calcaream
572 2545 747 2594 siccam,
778 2555 937 2589 paucae
951 2555 1103 2584 meram
1120 2555 1268 2590 aquam
1284 2551 1560 2598 postulantes,
1591 2553 1710 2593 prata
1725 2550 1902 2595 diligunt

73 2605 113 2638 et
142 2609 321 2648 pascua,
353 2609 548 2648 arenosa,
580 2601 944 2650 cultasfruticosa
967 2606 1006 2639 et
1028 2604 1256 2647 sylvestria
1277 2605 1459 2652 fugiunt,
1491 2610 1529 2642 et
1554 2617 1576 2643 e
1598 2609 1712 2642 nullo
1736 2607 1900 2644 climate

72 2660 217 2694 exules
233 2657 293 2693 ita
306 2666 378 2700 per
395 2661 593 2693 terrarum
607 2660 742 2694 orbem
757 2663 854 2695 sunt
869 2659 1101 2708 dispersae,
1131 2664 1176 2696 ut
1191 2662 1513 2706 majori·etiamsi
1527 2666 1759 2707 paullulum
1782 2663 1904 2708 copia

72 2715 180 2751 inter
195 2714 370 2750 circulos
388 2714 563 2757 tropicos
581 2714 857 2762 reperiantur,
889 2715 1058 2759 tropicis
1081 2720 1216 2753 tamen
1240 2721 1474 2762 plantarum
1499 2718 1667 2755 familiis
1690 2720 1901 2756 accenseri

71 2773 289 2814 nequeant.
347 2771 583 2814 specierum
599 2770 643 2806 in
657 2771 851 2808 America
866 2774 905 2807 et.
919 2772 1050 2808 veteri
1064 2776 1159 2809 orbe
1180 2774 1512 2822 aequipondium,
1544 2778 1788 2823 nonnullae,
1819 2776 1904 2813 ima

73 2827 217 2872 primis
245 2829 454 2874 boreales,
493 2827 746 2872 ampliigeae.
810 2828 1018 2865 Plurimas
1049 2832 1159 2866 elata
1188 2830 1369 2867 Andium
1400 2831 1510 2876 regio
1541 2832 1636 2879 alit,
1674 2837 1902 2875 sequuntur

72 2884 280 2921 Brasiliae
295 2883 476 2926 tropicae
492 2884 627 2928 campi
641 2883 798 2921 herbidi
814 2887 852 2920 et
867 2885 1114 2929 Himalayae
1125 2888 1247 2934 juga;
1277 2887 1470 2924 America
1483 2889 1662 2924 borealis
1678 2893 1902 2932 temperata

76 2945 116 2977 et
139 2940 426 2985 frigidiuscula
443 2950 526 2977 non
545 2942 682 2978 minus
698 2941 928 2985 specierum
942 2941 1061 2979 ferax
1077 2947 1158 2992 est,
1190 2953 1265 2980 nec
1281 2945 1470 2989 Europae
1485 2947 1525 2981 et-
1540 2944 1718 2981 Sibiriae
1734 2946 1902 2989 alpibus

76 2996 327 3034 Geni-ianeae
341 3005 508 3043 numero
524 2998 685 3034 cedunt.
742 2999 890 3034 Paullo
905 2999 1038 3035 minor
1050 3000 1095 3037 in
1109 3000 1570 3040 Hindost,anicae,florae
1587 3001 1786 3039 territorio
1803 3006 1840 3039 et
1854 3003 1900 3039 in

75 3053 221 3091 Africa
236 3053 420 3101 canensi,
451 3053 680 3097 specierum
695 3053 888 3093 minimus
905 3056 948 3092 in
963 3057 1127 3102 regione
1141 3057 1458 3104 mediterranea,
1489 3059 1611 3095 etiam
1626 3059 1669 3094 in
1686 3059 1900 3097 elatiorum

76 3109 272 3146 montium
301 3119 323 3146 e
352 3110 612 3148 acuminibus
639 3120 847 3148 numerus.
905 3114 1020 3150 Nova
1041 3115 1266 3151 Hollandia
1294 3118 1335 3151 et
1355 3117 1471 3151 Nova
1490 3115 1719 3152 Zeelandia
1741 3125 1900 3160 paucas

77 3167 173 3214 alit,
220 3175 272 3203 ex
300 3165 494 3203 America
522 3167 750 3204 antarctica
779 3167 863 3205 fere
893 3172 1061 3206 exulare
1090 3171 1292 3208 videntur.
1358 3174 1518 3208 Genera
1547 3174 1748 3216 quaedam
1775 3173 1900 3210 certis

77 3222 315 3267 regionibus
335 3223 522 3272 propria,
553 3223 641 3260 alia
653 3223 780 3262 latius
797 3225 966 3276 diffusa,
996 3229 1196 3264 nonnulla
1208 3239 1283 3273 per
1298 3228 1534 3266 universum
1550 3232 1747 3266 terrarum
1763 3231 1913 3283 orbem,

78 3279 201 3316 obvia
216 3282 326 3317 sunt.

221 3357 587 3410 Qualitates
617 3367 658 3403 et
685 3370 854 3406 usus.
917 3367 1119 3406 Virtutem
1147 3369 1448 3407 medicatricem
1477 3369 1726 3406 Gentianeae
1754 3370 1915 3409 debent.

79 3420 338 3458 substantiae
363 3429 528 3459 amarae
557 3424 763 3461 coloratae
788 3421 1138 3474 (Gema‘aninae),
1171 3436 1276 3471 quae
1303 3426 1379 3463 vix
1405 3436 1489 3463 non
1516 3425 1561 3462 in
1589 3426 1777 3464 omnibus
1807 3438 1899 3466 cum

81 3477 224 3527 acido,
267 3477 470 3524 principio
498 3479 661 3523 volatili
690 3481 833 3530 odoro,
874 3483 988 3531 oleo,
1032 3483 1202 3522 materie
1227 3483 1456 3533 glutinosa,
1500 3483 1651 3528 gummi
1679 3486 1734 3525 etr
1758 3484 1912 3524 muco-'
