2147 3756
1044 112 1165 162 458

195 286 355 325 oriente
377 284 705 330 frequentissime
727 284 825 330 pani
847 283 1070 321 condiendo
1087 281 1377 321 admiscentur.
1441 280 1597 320 Trallis·
1609 285 1811 332 europaez‘
1821 284 1867 324 11.
1883 286 2012 325 herba

195 344 280 380 fere
303 343 413 379 iners
437 346 518 390 est,
549 343 707 379 semina
725 344 937 378 esculenta
951 340 1173 383 perhibent.
1230 334 1474 375 Adonicznm
1491 343 1799 385 perennantium
1819 338 1899 386 (A.
1915 353 2012 378 ver-

194 399 308 435 nalaes
331 399 450 436 Linn.
442 426 473 447 .,
503 395 553 434 A.
577 398 774 434 sefflbzrzcae
794 400 904 433 Patr.
917 423 928 443 ‚
960 392 1007 430 A.
1031 394 1249 442 wolgensv‘s
1273 397 1382 435 Stev.
1373 423 1408 446 .,
1440 393 1490 433 A.
1505 396 1681 433 villosae
1695 398 1868 443 Ledeb.]
1893 399 2013 435 radix

195 465 360 492 amaro·
371 456 502 518 acris,
532 455 638 491 inter
659 452 865 490 Hellebori
895 453 1154 488 succedanea
1182 454 1365 491 habetur.
1420 454 1662 492 Annuarum
1694 451 1765 498 (A.
1789 454 2012 492 aestzwvalas

196 513 317 549 Linn.
308 539 338 560 .,
369 483 617 562 αργεμώνη,
642 519 929 558 παπαοουνα;
960 503 1010 542 A.
1021 504 1254 554 flammeae
1270 509 1384 552 Jacq.
1395 534 1407 555 ,
1431 504 1731 560 μῶοόχοοτσν]
1755 511 1873 547 flores
1890 515 1928 547 et
1945 521 2014 548 se-

195 569 309 606 mina
325 568 596 613 eccoprotica‚
630 565 849 611 diuretica,
880 565 960 600 imo
978 565 1341 608 etlithontryptica
1357 567 1635 602 credebantur.
1693 563 2013 613 Aqmfflegmrum

195 624 437 660 nostratium
467 633 570 659 usus
601 624 784 658 exoletus
814 624 889 657 est.
946 621 1082 656 Radix
1112 630 1202 656 cum
1233 621 1393 657 modica
1415 623 1607 658 acredine
1629 622 1833 659 intensius
1857 632 2011 660 amara.

194 682 349 717 Eadem
378 680 530 716 radicis
557 674 840 724 Hydrastvdis
861 674 1113 712 canadensz‘s
1133 677 1254 714 Linn.
1284 676 1620 722 [Yellow-root)
1651 678 1850 726 qualitas,
1880 679 2014 716 virtus

197 737 344 773 tonica.
400 738 513 772 Haec
536 734 658 770 etiam
682 736 856 770 colorem
876 733 1028 770 flavum
1053 734 1241 778 largitur.
1302 731 1447 779 Captis
1466 733 1689 784 trae'fide'ata
1711 734 1863 770 salisb.
1888 733 2016 777 [Gold

196 792 365 838 niteat),
389 794 532 835 planta
548 790 797 839 subarctica,
821 790 1055 836 amphigea,
1079 790 1235 834 pariter
1251 798 1392 826 amara
1408 795 1468 827 est
1483 790 1823 838 flavo-tinctoria,
1847 790 2015 827 remedii

194 847 435 886 stomachici
463 848 586 883 laude
614 846 773 884 florens.
831 848 985 882 Eadem
1011 843 1198 892 Coptae’dz's
1226 844 1358 881 Teeta
1378 849 1510 884 ivall.
1532 848 1650 892 1apud
1677 848 1799 883 Indos
1830 850 1869 883 et
1889 847 2015 882 Sinas

195 905 327 951 gloria
341 907 415 940 est.
471 903 609 940 Radix
623 902 871 940 stomachica
890 900 1112 949 (Mislemee
1132 900 1286 952 Tecta,
1310 900 1573 952 Hong-lcm)
1598 904 1706 942 inter
1720 903 1876 940 rariora
1889 905 2015 948 phar-

195 969 315 998 maca
330 961 373 996 in
387 959 662 996 mercimoniis
677 963 753 997 est.

335 1027 558 1064 Helleborz·
576 1027 693 1076 mgrz‘
710 1029 830 1066 radix
850 1028 1045 1066 maximis
1067 1030 1178 1074 apud
1193 1029 1521 1078 Hippocraticos‚
1551 1029 1597 1067 in
1618 1028 1780 1076 mania,
1811 1028 2014 1073 epilepsia

195 1090 235 1124 et
256 1087 436 1130 hydrope
458 1087 661 1134 curanda,
692 1088 920 1123 celebratur
935 1086 1144 1123 encomiis.
1202 1085 1473 1121 Helleborum
1492 1085 1739 1122 orzentalem
1757 1088 1875 1122 Garc
1893 1084 2016 1128 (Hel-

195 1145 377 1180 leborum
413 1142 657 1179 officinalem
694 1143 822 1179 Sibtb.
834 1169 845 1191 ,
890 1132 960 1185 q‘ui
989 1136 1210 1193 ἐλλέβορος
1238 1140 1368 1186 μέλας
1398 1143 1587 1186 Hippocr.
1598 1169 1610 1189 ,
1655 1135 1823 1193 σκάρφη
1852 1143 2015 1189 Neogr„

193 1198 388 1242 Zopteme
403 1201 521 1235 Turc.
525 1198 547 1243 ]
572 1199 823 1245 intelligunt,
855 1201 1039 1242 plantam
1059 1199 1103 1235 in
1127 1199 1332 1235 montibus
1349 1200 1545 1235 Graeciae
1570 1202 1608 1234 et
1623 1199 1753 1234 Asiae
1777 1197 2016 1233 mediterra-

194 1264 298 1292 neae
322 1255 497 1292 obviam.
552 1255 678 1291 Nobis
694 1253 916 1289 Helleborz·
935 1253 1051 1301 m’grz
1069 1255 1210 1301 Linn.,
1242 1255 1286 1292 in
1307 1258 1494 1298 Europae
1518 1255 1678 1290 mediae
1700 1258 1739 1290 et
1755 1252 2016 1289 australioris

196 1311 330 1355 sylvis
353 1311 598 1358 crescentis,
629 1311 750 1347 radix
773 1309 926 1355 (radix
949 1309 1142 1345 Elleborz·
1159 1311 1276 1357 nigri
1305 1321 1340 1347 s.
1363 1308 1652 1356 Melampodi&
1675 1311 1719 1345 in
1743 1309 1917 1345 officinis
1941 1311 2016 1356 est,

194 1379 218 1405 e
239 1367 482 1411 multicipite
506 1370 610 1403 collo
632 1376 768 1404 ramos
790 1367 1085 1414 horizontales,
1117 1367 1440 1410 dependentibus
1455 1367 1568 1404 fibris
1585 1366 1773 1412 crinitos,
1804 1375 2013 1412 exserens,

195 1434 339 1461 recens
368 1423 502 1460 odoris
532 1423 711 1470 rancidi,
749 1423 910 1467 saporis
939 1423 1062 1459 etiam
1093 1422 1208 1459 sicca
1234 1423 1396 1466 ingrate
1425 1423 1556 1470 acris,
1594 1421 1824 1468 subamari,
1863 1421 2016 1458 caloris

193 1480 413 1525 pungentis
430 1483 469 1516 et
485 1479 663 1523 stuporis
680 1488 848 1516 sensum
863 1478 907 1514 in
930 1488 998 1515 ore
1022 1478 1224 1515 excitans.
1282 1477 1507 1522 Principiis
1527 1477 1886 1525 praevalentibus,
1918 1480 2018 1512 sub-

193 1537 372 1574 stantiae
401 1544 567 1572 amarae
589 1538 629 1571 et
651 1535 812 1572 resinae
835 1535 942 1581 acri,
972 1534 1164 1571 virtutem
1188 1536 1325 1581 debet,
1358 1543 1462 1578 quae
1484 1533 1715 1570 vehementi
1738 1533 1902 1570 stimulo
1924 1533 2019 1568 uni-

197 1602 361 1630 versum
384 1601 552 1639 corpus,
583 1599 682 1635 prae
705 1591 876 1635 reliquis
900 1594 1034 1627 tamen
1056 1591 1167 1628 vitae
1189 1590 1392 1634 plasticae
1414 1599 1569 1634 organa
1598 1589 1852 1637 aggreditur,
1883 1589 1943 1624 ita
1972 1591 2018 1625 ut

194 1652 318 1694 plena
335 1648 418 1685 dosi
437 1648 664 1685 ventriculo
688 1650 827 1684 oblata
848 1647 1044 1684 vomitum
1066 1651 1228 1683 moveat
1249 1651 1289 1683 et
1314 1647 1524 1691 copiosum
1548 1647 1633 1683 alvi
1653 1646 1828 1693 fluxum,
1858 1644 2017 1689 largius

194 1710 331 1744 sumta
361 1706 541 1753 dolores,
579 1713 788 1751 spasmos,
832 1704 1084 1740 excretiones
1113 1703 1328 1752 profusas,
1372 1706 1621 1746 subsequam
1649 1702 1801 1739 virium
1827 1701 2019 1738 vitalium

194 1761 527 1809 prostrationem,
558 1759 639 1797 imo
653 1763 818 1797 mortem
834 1759 1020 1808 inducat,
1053 1758 1230 1796 refracta
1252 1764 1388 1796 autem
1410 1758 1500 1796 dosi
1524 1768 1645 1804 aegro
1667 1758 1885 1802 propinata
1907 1756 2020 1793 vitae

193 1819 238 1856 iu
253 1818 483 1854 visceribus
494 1844 505 1864 ,
535 1816 651 1853 vasis
668 1819 706 1852 et
720 1816 858 1852 nervis
874 1815 1202 1853 abdominalibus
1219 1816 1392 1859 torpenti
1406 1818 1630 1851 salutarem
1645 1815 1768 1850 addat
1782 1814 2018 1857 impulsum.

193 1872 417 1909 Helleborz·
437 1870 584 1908 viridis
606 1872 728 1920 Lirin,
754 1873 1010 1915 aliarumque
1033 1881 1304 1915 congerierum
1325 1872 1556 1915 specierum
1576 1871 1620 1906 in
1641 1872 1807 1914 Europa
1831 1879 2020 1905 crescen-

195 1932 294 1968 tium
309 1930 469 1967 radices
485 1929 694 1966 Hellebori
709 1928 817 1975 nigri
832 1929 1021 1965 virtutem
1047 1928 1271 1964 omnimodo
1293 1930 1564 1964 aemulantur.
1620 1924 1845 1961 Helleborae·
1854 1922 2020 1975 foetidi

194 1987 339 2035 Linn.,
367 1987 414 2023 in
442 1988 632 2029 Europae
660 1985 858 2022 australis
888 1987 928 2020 et
956 1984 1222 2020 occidentalis
1253 1984 1429 2021 collibus
1458 1983 1701 2031 crescentis,
1732 1983 1854 2018 radix
1881 1975 2018 2019 minus

194 2045 327 2089 valet,
355 2044 504 2090 herba,
541 2042 664 2078 etiam
693 2042 827 2089 sicca,
865 2042 1080 2078 admodum
1110 2040 1221 2077 acris
1252 2044 1334 2089 est,
1372 2043 1412 2076 et
1440 2039 1795 2076 vehementissime
1824 2038 2017 2074 drastica.

194 2096 409 2134 Erantln’s
442 2095 636 2134 hiemalis
672 2098 845 2144 Salisb.,
889 2098 1104 2133 Helleboro
1138 2096 1338 2133 affinitate
1374 2096 1580 2144 proxima,
1625 2095 1735 2131 facie
1769 2095 1929 2141 dispar,
1974 2094 2018 2130 in

195 2155 415 2192 Germania
442 2154 687 2191 australiore
716 2157 755 2189 et
780 2153 905 2189 Italia
932 2153 1038 2189 inter
1056 2153 1340 2198 ‚liquescentes
1367 2152 1489 2188 nives
1519 2151 1642 2188 floret.
1700 2151 1838 2187 Radix
1871 2150 2015 2194 [radix

194 2211 406 2249 Hellebori
427 2211 617 2247 hiemalis
638 2219 677 2247 v.
692 2209 860 2247 Aconiti
872 2208 1063 2247 hiemalis
1079 2208 1214 2256 offic.)
1233 2207 1302 2245 diu
1323 2217 1349 2248 a
1369 2207 1541 2246 medicis
1564 2207 1738 2256 omissa,
1769 2210 1860 2243 utut
1874 2208 2016 2243 Helle-

196 2270 290 2305 boro
307 2270 408 2305 haut
422 2266 585 2304 viribus
601 2266 747 2311 impar.

334 2331 517 2373 Acom'tz‘
533 2345 664 2381 genus
682 2337 846 2373 vastum
867 2338 951 2382 est,
982 2335 1199 2379 speciebus
1223 2343 1296 2378 per
1315 2333 1627 2378 hemisphaerae
1648 2331 1829 2370 borealis
1853 2333 2019 2377 plagam

197 2394 381 2441 diffusis,
411 2394 559 2431 mirum
573 2393 617 2428 in
631 2394 793 2429 modum
807 2391 947 2428 inutili
968 2391 1247 2429 botanicorum
1270 2391 1439 2428 solertia
1459 2390 1678 2427 intricatis.
1734 2383 2019 2424 Acom‘torum

195 2454 323 2488 herba
344 2448 667 2487 venenatissima
687 2449 907 2485 remedium
930 2451 1098 2492 praebet
1120 2448 1361 2494 stimulans,
1392 2450 1672 2496 membranas,
1702 2454 1807 2482 vasa
1828 2447 2019 2489 lympha-

197 2507 282 2544 tica
304 2511 343 2543 et
367 2508 587 2552 glandulas
609 2505 809 2548 imprimis
837 2505 1054 2553 adficiens,
1084 2504 1231 2546 majori
1260 2504 1349 2540 dosi
1377 2503 1651 2550 narcoticum,
1682 2504 1800 2545 cujus
1829 2502 1962 2538 virtus
1991 2509 2018 2538 a

195 2564 399 2607 principio
428 2562 610 2608 volatili,
641 2562 885 2599 substantiis
914 2561 1111 2597 resinosis
1140 2563 1179 2596 et
1200 2560 1445 2603 praeprimis
1468 2568 1494 2595 a
1515 2559 1688 2595 materia
1710 2557 1913 2606 alcalina,
1945 2568 2018 2602 pe-

195 2620 366 2656 culiaris
383 2619 534 2654 indolis
552 2613 854 2665 (Aeoni‘tma),
883 2618 987 2660 quod
1003 2626 1094 2653 cum
1112 2616 1228 2653 acido
1245 2616 1311 2653 sui
1334 2615 1495 2660 generis
1518 2617 1778 2658 conjunctum
1802 2617 1882 2661 est,
1916 2624 2018 2658 pen·-

198 2678 277 2713 det.
343 2672 566 2710 Aconzcum
595 2669 810 2719 Napellus
837 2673 958 2710 Linn.
989 2672 1137 2717 [vulgo
1166 2672 1390 2717 Eisenhut)
1421 2674 1459 2708 et
1486 2666 1715 2707 Aeomcum
1749 2669 2019 2704 Cammarum

197 2733 320 2769 Linn.
349 2731 591 2776 speciesque
621 2731 731 2767 aliae
757 2729 926 2767 floribus
954 2729 1180 2778 caeruleis,
1225 2729 1270 2765 in
1299 2728 1533 2773 subalpinis
1568 2727 1802 2770 alpinisque
1830 2727 2019 2768 Europae

197 2792 431 2825 crescentes
457 2787 692 2832 passimque
713 2787 758 2823 in
780 2787 908 2823 hortis
929 2785 1156 2822 ornamenti
1182 2793 1312 2821 causa
1340 2787 1478 2828 satae,
1509 2783 1765 2827 potissimum
1793 2791 1820 2819 a
1847 2781 2018 2817 medicis

198 2845 460 2892 adhibentur,
490 2844 642 2880 virtute
663 2843 887 2880 secundum
908 2842 1007 2879 anni
1029 2845 1187 2885 tempus
1211 2845 1250 2877 et
1270 2840 1486 2878 stationem
1508 2840 1766 2882 aliquomodo
1793 2838 2016 2874 variantes.

198 2900 462 2938 substantiae
478 2900 521 2935 in
535 2902 660 2936 herba
675 2899 865 2936 efficaces
881 2899 1005 2935 etiam
1019 2898 1063 2934 iu
1084 2897 1238 2935 semine
1261 2897 1425 2940 copiose
1449 2895 1716 2938 reperiuntur.
1772 2894 2018 2930 Flaviflora-

198 2968 288 2995 rum
299 2983 310 3005 ,
339 2951 522 2993 Acom‘tz‘
532 2952 767 3001 Lycoctom·
779 2954 898 2991 Linn.
915 2957 954 2990 et
967 2950 1151 2990 Acom'tz'
1163 2947 1392 2989 Anthorae
1406 2951 1525 2988 Lirin.
1540 2951 1672 2987 minor
1687 2950 1861 2997 ferocia,
1904 2945 2019 2984 Aco-

198 3013 484 3062 m‘tumferox
500 3013 628 3048 Wall.
644 3009 808 3058 (Bism,
831 3010 875 3046 in
889 3011 1087 3053 Nepaliae
1101 3009 1304 3046 montibus
1319 3017 1522 3055 crescens,
1547 3008 1725 3049 omnium
1739 3005 2019 3045 venenatissi-

199 3080 309 3109 mum
324 3069 550 3114 perhibent.
606 3067 773 3112 Species
791 3077 812 3103 e
829 3068 1043 3103 coeruleo-
1052 3065 1279 3102 florentium
1294 3073 1459 3100 numero
1476 3067 1549 3100 est.

341 3127 515 3172 Eadem,
545 3133 667 3168 quam
687 3124 732 3160 in
752 3122 922 3166 reliquis
938 3121 1270 3158 Ranunculaceis
1292 3120 1675 3167 animadvertimus,
1707 3118 1919 3163 qualitatis
1939 3126 2018 3154 va·-

201 3170 328 3220 rietas
358 3182 480 3219 etiam
507 3181 551 3217 in
572 3177 869 3225 Paeonawacezs,
901 3188 1006 3222 quae
1036 3187 1062 3214 a
1092 3178 1334 3223 quibusdam
1356 3177 1592 3213 auctoribus
1613 3177 1657 3213 in
1680 3176 1887 3219 proprium
1910 3174 2020 3210 ordi-

202 3249 294 3276 nem
315 3241 601 3286 segregantur,
631 3236 797 3274 obtinet.
855 3236 1018 3272 Acredo
1040 3234 1222 3271 volatilis
1243 3233 1287 3270 in
1308 3234 1374 3270 his
1396 3236 1531 3270 tamen
1552 3233 1596 3270 in
1619 3233 1858 3269 universum
1881 3231 2018 3267 minus

201 3295 371 3343 emicat,
401 3295 462 3331 ita
477 3298 521 3331 ut
537 3295 588 3330 ad
611 3293 709 3330 illas
730 3292 865 3337 magis
885 3293 1104 3340 accedant,
1136 3300 1239 3334 quae
1262 3299 1431 3327 amaro—
1440 3299 1579 3337 acres,
1607 3289 1759 3326 virtute
1782 3287 1955 3324 emetita
1978 3289 2019 3323 et

198 3355 403 3396 purgante
417 3351 764 3389 commendantur
789 3343 986 3386 Actaeae
999 3347 1192 3394 spu-atae
1205 3348 1237 3383 Ι
1241 3347 1325 3383 inn.
1332 3349 1524 3394 ,plantae
1539 3345 1749 3392 nostratis,
1767 3344 1888 3382 radix
1904 3340 2018 3385 (Ra-

202 3405 282 3442 div
301 3404 711 3454 Christopkorzanae
725 3416 761 3445 s.
776 3400 961 3443 Aconica
972 3403 1199 3448 racemosz‘)
1217 3404 1314 3441 olim
1333 3403 1378 3440 in
1401 3406 1603 3441 asthmate
1625 3405 1665 3438 et
1686 3402 1887 3438 adversus
1910 3402 1970 3436 sti
1973 3408 2020 3434 u-

207 3472 318 3511 mas,
350 3465 605 3503 extrinsecus
623 3467 764 3503 contra
781 3462 1041 3507 impetigines
1053 3461 1253 3510 adbibita,
1287 3460 1436 3499 exoleti
1459 3460 1578 3497 bodie
1600 3467 1703 3497 usus
1726 3461 1801 3496 est.
1859 3453 1970 3491 Bocr
1973 3465 2018 3489 o-
