2147 3756
1115 130 1226 183 192

995 209 1195 218 our-m
1283 209 1340 218 ’.τε

264 319 290 348 a
314 305 738 346 Cochincbinensibus
769 306 819 343 ad
850 306 1114 342 resolvendos
1141 308 1318 341 tumores
1349 306 1385 339 et
1409 301 1588 340 scabiem
1609 303 1828 340 lavandam
1851 301 2075 340 adhibetur.

264 361 842 413 Pohsgom‘cochr’nchv’nensae's
858 362 1005 398 Meisn.
1025 372 1124 397 usus
1149 365 1228 396 tarn
1249 366 1442 396 externus
1466 368 1585 402 quam
1609 360 1793 395 internus
1814 359 2012 404 imprimis
2034 360 2077 395 in

261 433 439 468 genuum
466 420 793 465 tumescentium,
825 418 951 454 morbi
975 417 1179 461 indigenis
1203 415 1422 453 familiaris
1446 419 1484 451 et
1506 417 1628 452 valde
1651 416 1835 461 rebellis,
1868 417 2078 452 curatione

260 482 401 516 valere
425 478 612 514 creditur.
673 472 1067 521 Polygom‘barbati
1080 472 1196 509 Linn.
1222 473 1322 509 folia
1346 471 1444 515 (nec
1466 472 1624 508 semina
1640 475 1682 507 ut
1697 472 1859 515 quidam
1875 471 2078 515 referunt]

259 535 401 574 infusa
429 543 455 571 a
483 531 650 570 medicis
682 531 831 567 indicis
863 531 914 566 ad
946 521 1174 573 mitiganda
1199 528 1481 565 intestinorum
1513 528 1684 564 tormina
1706 529 1913 571 propinari
1935 531 2080 564 solent.

261 590 470 639 Polygom‘
482 585 710 635 mulefflorz‘
723 589 880 623 Thunb.
905 586 1024 622 radix
1039 588 1230 622 tuberosa
1244 584 1471 630 Japonibus
1489 584 1680 621 cordialis
1697 585 1858 620 dicitur.
1904 584 2080 620 erucam

260 649 472 694 adhibent,
502 647 577 682 sub
610 644 816 680 cineribus
849 646 992 679 assata
1021 650 1162 678 amara
1191 646 1265 679 est.
1324 638 1583 686 Polygonum
1614 637 2082 675 antihaemorrlaoidale

262 707 383 742 Mart.
409 703 543 748 [Erva
566 703 614 736 de
638 699 778 742 biche)
803 699 1003 743 principio
1024 699 1111 735 acri
1134 701 1283 745 scatet,
1315 707 1340 734 3
1357 697 1604 733 Brasilianis
1627 696 1730 733 cibis
1753 697 1989 733 condiendis
2006 698 2081 733 ad-

259 761 432 799 mixtum
457 763 493 795 et
516 759 557 793 in
581 756 946 800 cataplasmatibus
969 759 1005 791 et
1030 755 1191 791 balneis
1208 757 1406 791 adversus
1424 753 1652 802 arthriticus
1669 754 1827 789 dolores
1843 757 1879 789 et
1895 756 2082 790 haemor-

260 817 421 854 rhoides
440 817 690 857 usurpatum.
735 810 943 859 Polygom'
956 810 1142 857 vimpara·
1154 811 1274 849 Linn.
1290 810 1475 858 bulbilli,
1506 809 1549 845 in
1563 809 1703 846 florum
1718 810 1834 853 spica
1847 813 2081 857 nascentes,

260 873 478 911 Americae
493 870 670 906 arcticae
687 869 853 913 populis
871 869 959 905 cibo
977 871 1083 904 sunt.

401 931 510 964 Inter
537 929 701 970 plantas
733 927 914 961 cereales
944 922 1214 971 Fagopyrma
1238 922 1575 970 (Buchweitzen,
1599 923 1874 971 Haydekorn,
1891 922 2085 960 Formen-

262 985 366 1032 tine,
398 985 662 1020 Frumentum
678 981 1006 1026 sarracenicum)
1022 983 1234 1028 laudatur,
1266 981 1308 1017 in
1324 980 1536 1016 nonnullis
1553 981 1665 1017 orbis
1680 980 1830 1016 veteris
1847 979 2084 1023 regionibus

262 1039 455 1079 frumenti
483 1039 663 1082 inopiam
686 1038 911 1075 seminibus
933 1037 1158 1080 amylaceis
1181 1039 1392 1080 supplens.
1449 1036 1581 1073 Asiae
1604 1038 1763 1081 populls
1786 1045 1934 1079 vagam
1956 1035 2084 1071 vitam

262 1097 481 1144 agentibus
505 1095 730 1131 utilissima
752 1097 815 1131 est
835 1097 981 1140 herba,
1011 1094 1087 1129 vili
1104 1096 1190 1130 solo
1208 1097 1414 1139 contenta,
1445 1093 1605 1131 nullius
1621 1093 1774 1130 laboris
1791 1093 1932 1136 indiga
1948 1095 1987 1128 et
2004 1092 2083 1127 cito

264 1155 441 1192 fructum
469 1151 700 1198 perficiens,
731 1151 848 1187 nobis
877 1151 1042 1187 ineunte
1066 1153 1232 1187 saeculo
1257 1151 1410 1185 decimo
1434 1150 1572 1191 quinto
1595 1161 1646 1186 ex
1661 1150 1790 1186 Asiae
1808 1146 2085 1192 penetralibus

264 1212 456 1257 advecta,
496 1209 651 1252 passim
681 1208 801 1244 hodie
830 1217 902 1251 per
929 1209 1118 1250 Europae
1148 1206 1333 1251 regiones
1365 1206 1589 1242 steriliores
1618 1207 1752 1243 vastis
1782 1205 1894 1249 agris
1923 1205 2083 1242 colitur.

263 1266 470 1313 Fagopyri
487 1265 688 1309 duplicem
705 1264 882 1307 speciem
899 1264 1073 1300 serimus
1085 1290 1094 1308 ,
1132 1260 1396 1310 Fagopyrum
1413 1260 1671 1297 esculentum
1688 1265 1846 1298 ltloncli.
1865 1260 2085 1305 (Formen-

266 1324 349 1360 tine
372 1325 420 1359 de
442 1321 611 1370 savoie,
642 1323 809 1364 Paplira
832 1324 870 1356 et
886 1322 1055 1356 Kooltoo
1072 1317 1313 1365 Hv'malay.)
1347 1323 1384 1355 et
1401 1315 1669 1366 Fccgopyrum
1695 1319 1928 1353 baturicum
1946 1320 2084 1355 Gartn.

266 1378 800 1425 [Granettev.For1nentine
812 1378 859 1412 de
868 1377 1093 1422 Luzerne],
1106 1377 1207 1412 illud
1225 1377 1346 1413 citius
1364 1380 1400 1412 et
1418 1376 1460 1411 in
1478 1377 1597 1413 elatis
1613 1385 1770 1420 quoque
1784 1375 1962 1420 regionis
1971 1385 2086 1411 mon-

265 1440 387 1473 tanae
410 1433 655 1471 stationibus
677 1433 934 1479 maturescit,
966 1434 1036 1468 sed
1061 1433 1178 1469 flores
1203 1432 1337 1469 serius
1362 1435 1624 1479 evolvuntur,
1655 1436 1692 1468 et
1715 1432 1875 1468 semina
1888 1432 2087 1475 inaequa-

263 1492 359 1530 liter
374 1490 540 1536 perficit,
566 1493 600 1526 et
620 1490 756 1525 farina
771 1489 980 1531 nigricans
997 1491 1225 1530 paullulum
1242 1497 1380 1523 amara
1398 1492 1482 1524 estc
1506 1491 1552 1524 In
1570 1489 1819 1533 regionibus,
1844 1497 1947 1531 quae
1965 1488 2087 1525 fertili

265 1552 354 1587 solo
386 1548 549 1593 feliceS,
589 1549 626 1582 et
657 1545 875 1581 cerealium
905 1544 1134 1589 graminum
1164 1544 1321 1580 feraces
1353 1547 1468 1592 sunt,
1499 1545 1759 1588 Fagopyrum
1788 1545 1987 1587 imprimis
2015 1555 2086 1589 pro

267 1606 408 1644 avium
446 1603 755 1653 domesticarum
792 1603 940 1644 pabulo
970 1604 1009 1636 et
1039 1601 1082 1636 in
1111 1601 1286 1645 gratiam
1317 1609 1458 1647 apum,
1505 1610 1610 1643 quae
1638 1601 1738 1637 mire
1767 1601 1933 1637 floribus
1963 1603 2086 1645 hujus

267 1665 436 1708 plantae
452 1662 724 1704 delectantur,
750 1660 903 1694 cultum
917 1657 1117 1693 videmus.
1156 1654 1425 1703 Fagopyrum
1442 1657 1753 1704 emarginatum
1769 1658 1916 1693 Meisn.
1934 1657 2086 1705 (ogia)

268 1719 312 1756 in
326 1717 501 1761 Nepalia
518 1725 606 1752 cum
624 1714 960 1758 praecedentibus
976 1717 1129 1762 satum,
1153 1714 1364 1751 rarissime
1380 1714 1424 1749 in
1439 1714 1590 1750 nostris
1606 1715 1717 1758 agris
1734 1714 1923 1750 occurrit.
1952 1717 1986 1752 Ε
2003 1717 2087 1752 Fa-

271 1774 437 1821 gopyris
460 1775 635 1808 colorem
658 1773 891 1807 caeruleum
915 1771 1086 1818 obtineri
1109 1774 1279 1807 constat.
1337 1763 1594 1817 Polygonum
1613 1770 1856 1806 tinctorium
1873 1770 1990 1809 Lour.
2014 1781 2089 1807 no-

270 1832 369 1870 stris
399 1830 542 1865 diebus
572 1839 593 1863 e
616 1828 747 1864 China
775 1829 948 1871 relatum
978 1830 1153 1863 colorem
1180 1830 1428 1873 caeruleum,
1460 1827 1595 1863 indico
1619 1828 1816 1874 similem,
1847 1818 2020 1871 optimae
2044 1829 2088 1865 in

270 1888 460 1933 tingendo
477 1888 596 1920 notae
611 1886 796 1929 praebet,
830 1887 869 1919 et
888 1886 1028 1927 planta
1042 1893 1349 1927 agronomorum
1364 1885 1607 1920 nostratium
1623 1884 1820 1928 perleulis
1836 1885 2089 1928 expenditur.

416 1939 670 1976 Coccolobae
684 1939 881 1988 uviferae
901 1940 1022 1976 Linn.
1048 1938 1252 1985 [Ouliem]
1276 1940 1573 1977 arborescentis
1590 1940 1751 1976 fruticis
1763 1967 1773 1985 ,
1805 1940 1848 1976 in
1861 1942 2034 1978 Antillis
2050 1944 2090 1977 et

272 2001 455 2044 reliquae
484 1998 700 2035 Americae
728 1997 863 2033 littore
891 1997 1088 2032 atlantico
1116 1996 1376 2040 intertropico
1398 1997 1627 2042 nascentis,
1659 2006 1810 2033 succus
1832 2000 2090 2034 vehementer

271 2057 551 2101 adstringens,
581 2053 834 2097 inspissatus
863 2051 980 2087 Kino
1011 2052 1249 2088 americani
1277 2053 1398 2097 (aliis
1419 2054 1525 2090 Kino
1548 2053 1818 2099 occidentale,
1848 2056 2089 2091 Extractum

271 2113 502 2152 Ratanhiae
516 2111 692 2154 falsum)
710 2110 871 2146 nomine
886 2111 930 2146 in
944 2110 1220 2147 mercimoniis
1236 2114 1310 2147 est.
1360 2109 1537 2156 Lignum
1552 2110 1958 2158 rubro-tinctorium,
1989 2114 2089 2148 bac·

273 2171 355 2208 cati
370 2170 528 2206 fructus
544 2167 850 2213 cerasiformes,
883 2170 997 2211 grate
1012 2167 1103 2202 aeid
1111 2167 1184 2214 uli,
1217 2168 1372 2202 edules.

413 2225 551 2262 Radix
568 2222 778 2270 Callessgom‘
791 2220 989 2258 Pallasz'a
1003 2223 1108 2269 Ait.,
1134 2223 1293 2266 aphylli
1309 2222 1487 2271 fruticis,
1508 2222 1708 2267 profunde
1723 2225 1961 2260 sabulosum
1977 2224 2088 2260 Sibi-

274 2282 359 2320 riae
381 2281 637 2319 australioris
658 2283 790 2316 solum
813 2282 1016 2326 penetrat,
1049 2282 1087 2315 et
1109 2279 1244 2315 incisa
1258 2288 1297 2315 v.
1313 2282 1486 2315 contusa
1501 2282 1538 2315 et
1555 2282 1670 2315 cocta
1685 2281 1955 2317 substantiam
1971 2291 2088 2324 gum-

272 2349 448 2387 mosam,
487 2337 805 2386 dulciusculam,
843 2337 1156 2380 Tragacanthae
1191 2335 1367 2372 similem
1396 2338 1580 2382 praebet;
1617 2337 1694 2371 hac
1724 2335 1872 2373 famem
1903 2337 2088 2374 Calmuci

273 2396 439 2440 fallere,
471 2393 642 2430 ramulis
653 2392 886 2436 junioribus
903 2395 939 2428 et
957 2390 1158 2428 fructibus
1175 2400 1342 2427 amoene
1359 2391 1489 2428 acidis
1506 2391 1574 2428 siti
1592 2391 1802 2436 providere
1818 2396 1960 2430 solent.

419 2448 634 2496 Triplaris
665 2448 914 2483 amerz‘cana
942 2448 1064 2485 Linn.
1088 2446 1249 2491 (Barba
1271 2450 1319 2484 de
1345 2451 1464 2484 Mono
1487 2457 1560 2484 seu
1583 2449 1683 2484 Palo
1705 2450 1865 2496 Maria]
1887 2449 2089 2488 crudelis·

275 2507 421 2548 simam
437 2510 475 2545 et
489 2506 667 2546 maxime
682 2509 927 2544 venenatam
940 2504 1216 2543 Formicarum
1231 2505 1412 2549 speciem
1427 2506 1538 2542 alere
1555 2505 1744 2542 creditur.

679 2654 683 2658 ’
740 2655 912 2702 ordo
943 2652 1100 2702 clv.
1169 2653 1620 2713 Nyctagineae.

416 2758 612 2808 Herbae
662 2775 844 2806 annuae
896 2774 939 2805 v.
986 2758 1197 2821 saepius,
1258 2755 1492 2804 interdum
1545 2756 1783 2805 radicibus
1833 2754 2085 2815 tuberosis,

276 2840 616 2896 perennantes,
665 2846 785 2877 nunc
803 2827 1022 2892 frutices
1051 2829 1151 2875 sive
1184 2827 1411 2885 arbores,
1460 2829 1600 2875 ramis
1639 2827 2086 2874 nodoso-articula-

275 2904 357 2960 tis,
404 2901 591 2948 ramulis
622 2916 765 2964 saepe
797 2899 1188 2962 spinescentibus.
1261 2899 1403 2945 Folia
1436 2899 1675 2961 opposita,
1724 2898 1873 2944 altero
1914 2914 2086 2945 ramum

276 2971 589 3020 subtendente
621 2971 808 3033 saepius
839 2971 1043 3026 minore,
1076 2984 1196 3015 nunc
1227 2968 1431 3025 alterna,
1471 2968 1722 3031 simplicia,
1761 2969 2086 3031 penninervia‚

277 3043 552 3108 plerumque
595 3035 928 3103 integerrima,
983 3039 1232 3102 petiolata.,
1287 3038 1584 3101 exstipulata.
1669 3039 1841 3086 Florcs
1886 3040 2086 3102 perfecti

277 3130 323 3163 v.
362 3110 808 3160 rarissimeabortu
847 3109 1070 3166 diclines,
1116 3108 1339 3155 axillares
1375 3125 1419 3155 v.
1458 3109 1757 3167 terminales,
1806 3109 2003 3157 solitarii
2040 3126 2085 3157 v.

278 3182 554 3247 aggregati,
614 3181 884 3244 saepissime
931 3180 1179 3226 involucro
1226 3178 1521 3243 calyciformi
1565 3196 1608 3226 v.
1656 3180 1893 3237 colorato,
1952 3180 2088 3244 poty-

279 3254 438 3319 phyllo
472 3253 568 3300 sive
601 3250 927 3315 gamophyllo,
977 3247 1179 3296 deciduo
1210 3266 1251 3296 v.
1287 3250 1593 3312 persistente,
1639 3248 1872 3297 interdum
1905 3248 2086 3298 demum

281 3333 444 3382 aucto,
476 3322 836 3386 uni-plurissoro
869 3320 1037 3378 cincti,
1069 3319 1221 3366 rarius
1253 3321 1433 3383 cymosi
1465 3337 1506 3368 v.
1531 3320 1809 3384 paniculati,
1841 3319 2086 3384 pedicellis

281 3394 382 3441 basi
423 3410 467 3441 v.
513 3393 649 3456 apice
692 3391 1020 3439 bracteolatiS.
1109 3389 1420 3452 Peregom'zim
1464 3391 1508 3437 in
1562 3391 1667 3447 aliis
1719 3390 2083 3449 subcoloratum,

283 3472 417 3513 extus
455 3478 598 3526 saepe
637 3462 796 3510 rudius
832 3479 876 3510 v.
907 3461 1098 3520 hirtum,
1147 3461 1190 3507 in
1230 3460 1335 3507 aliis
1375 3460 1512 3524 plane
1552 3461 1856 3520 corollinum,
1904 3476 2087 3509 marce·
