2147 3756
1045 101 1161 153 594

205 276 366 312 residet.
432 275 551 311 Folia
580 276 700 311 odore
732 275 914 322 ingrata,
955 286 1102 320 sapore
1131 283 1276 311 amara
1303 276 1561 311 vehementer
1591 276 1786 322 purgant,
1823 273 2022 310 interdum

203 339 336 369 tamen
351 332 393 367 in
410 332 658 368 conficienda
676 332 815 368 Cerev'
806 332 884 367 isia
900 334 1076 367 Humulo
1093 332 1410 367 substituuntur.

342 403 482 438 Oleum
498 402 895 444 Euphorbiacearum
911 401 1136 445 seminibus
1154 401 1290 437 inesse
1314 400 1511 447 diximus,
1542 395 1687 437 variae·
1707 403 1893 439 naturae.
1951 402 2020 436 In·-

205 469 305 501 gens
329 458 371 493 in
399 457 596 492 Crotonis
626 456 753 503 Τίς-’Μ
775 460 805 492 L
811 457 893 492 inn
907 484 916 500 ,
949 460 1196 493 arbusculae
1224 458 1407 502 indicae,
1440 458 1624 501 partibus
1648 458 1833 493 omnibus
1857 457 1922 493 vis
1946 461 2022 502 est,

204 517 245 551 in
266 515 510 559 seminibus,
541 523 642 557 quae
655 522 797 558 grana
819 510 946 558 Te‘glii
960 523 999 549 v.
1014 523 1068 559 gy
1070 523 1156 547 ana
1174 512 1365 548 molucca
1381 523 1599 559 vocamus,
1629 515 1822 549 maxima.
1867 515 2023 558 Oleum,

205 573 309 614 quod
350 582 401 607 ex
430 573 494 607 his
526 570 765 613 exprimitur
797 567 949 611 (oleum
978 568 1197 613 Crotonis)
1230 571 1368 613 acido,
1417 572 1519 612 quod
1552 571 1713 606 resinae
1741 570 1827 605 acri
1856 574 2024 611 nuptum

207 629 330 672 gerit,
361 628 442 663 vim
467 626 820 663 vehementissime
850 631 1086 669 purgantem
1120 629 1255 670 debet,
1288 636 1406 669 qttam
1437 637 1515 663 non
1548 631 1700 662 tantum
1733 636 1801 662 ore
1831 630 2023 670 sumtum,

207 687 278 722 sed
302 689 337 720 et
365 683 567 720 abdomini
593 682 819 723 adpositum
844 684 1011 719 exserit.
1068 684 1305 719 Acrimonia
1335 684 1375 718 in
1408 688 1500 718 cute
1530 683 1800 719 saevissimas
1830 686 2026 726 provocat

205 744 409 784 pustulas,
479 737 677 772 Crotonis
704 736 886 772 Pavmm
908 740 1074 775 Hamilt.
1102 741 1259 775 semina
1283 739 1407 780 'l‘iglii
1431 740 1618 775 virtutem
1644 740 1866 774 omnimodo
1889 747 2024 774 aemu-

205 801 356 834 lantur.
416 792 562 829 Andae
581 792 891 831 Go'mesz'z’JusS.
904 822 913 840 ‚
945 796 985 831 in
1005 797 1182 832 Brasilia
1201 796 1442 840 crescentis,
1475 796 1632 831 semina
1651 794 1812 838 (purga
1827 797 1899 830 dos
1914 795 2026 830 Pau-

205 853 352 897 listas)
385 852 585 887 unissime
614 856 810 895 purgant,
849 851 932 887 vim
962 852 1005 887 in
1035 855 1250 896 embryone
1281 856 1319 888 et
1349 852 1537 888 interiore
1567 853 1796 888 tunicarum
1826 851 2024 895 pellicula

207 910 384 945 residere
407 907 630 951 perhibent.
688 908 822 943 Etiam
839 905 994 942 Harae
1016 909 1174 945 semina
1197 909 1462 952 amygdalina
1483 912 1663 944 ventrem
1688 911 1834 944 laxant
1856 912 1895 943 et
1918 917 2027 943 eme-

207 967 284 1002 sim
313 967 486 1000 movent.
561 962 724 998 Cure-as
748 964 979 1010 purgantis
1011 964 1256 1009 (Jatrophae
1287 966 1442 1001 Curcas
1471 965 1617 1009 Linn.)
1648 965 1806 1001 semina
1836 964 2028 1008 [Semina

206 1022 342 1057 Ricini
359 1020 525 1063 majoris
549 1030 582 1055 s.
598 1021 724 1055 Ficus
742 1021 958 1056 infernalis
981 1032 1018 1057 v.
1036 1024 1170 1057 Nuces
1195 1022 1442 1058 catharticae
1465 1022 1724 1057 americanae
1746 1032 1779 1057 s.
1798 1021 2028 1056 barbaden-

207 1078 299 1122 ses)
318 1078 422 1112 inter
445 1077 702 1112 americanas
728 1078 852 1122 Tiglii
877 1077 1048 1113 ferocem
1074 1079 1300 1114 acredinem
1327 1081 1595 1114 aemulantur.
1654 1077 1833 1113 Fruticis
1855 1077 2027 1112 halitum

209 1138 335 1177 caput
352 1136 507 1169 tentare
523 1133 747 1176 perhibent.
810 1132 972 1168 Cureas
988 1132 1189 1179 multifidi
1204 1134 1449 1177 (Jatrophae
1464 1134 1685 1170 multifidae
1700 1133 1845 1177 Linn.)
1868 1133 2028 1168 semina

208 1190 366 1232 (Nuces
384 1193 604 1233 purgantes
620 1199 653 1224 s.
671 1191 779 1225 Been
794 1191 1010 1235 magnum]
1029 1194 1066 1226 et
1087 1194 1217 1227 oleum
1243 1201 1294 1226 ex
1310 1191 1373 1226 his
1389 1200 1625 1232 expressum
1646 1190 1801 1234 (oleum
1818 1188 2029 1233 Pinhoen)

208 1249 315 1282 inter
330 1255 485 1282 merces
502 1246 758 1282 americanas
782 1248 1050 1283 advehuntur.
1110 1249 1189 1282 Sed
1213 1249 1342 1290 maj0r
1363 1255 1389 1282 a
1412 1246 1696 1282 remotissimis
1720 1247 1813 1282 inde
1837 1242 2028 1288 tempori-

206 1306 282 1338 bus
318 1304 423 1352 irrter
451 1302 784 1345 Euphorbiaceas
822 1303 1014 1338 oleiferas
1054 1301 1196 1337 Ricina·
1231 1301 1458 1337 eommunis
1493 1303 1614 1338 Linn.
1654 1303 1848 1346 (Palmae
1877 1301 2029 1337 Christi

207 1358 346 1402 offic.)
373 1359 482 1395 fama
504 1364 578 1395 est.
637 1359 803 1394 Semina
828 1358 1009 1401 (semina
1035 1357 1296 1405 Campanae
1317 1357 1518 1404 majoris)
1550 1362 1638 1394 oleo
1673 1357 1783 1399 (oleo
1811 1356 2027 1400 Castoris)

208 1416 433 1462 abundant,
467 1416 568 1458 quod
596 1425 779 1457 pressum
803 1420 1012 1451 coctumve
1035 1416 1078 1451 in
1102 1427 1179 1452 usu
1204 1421 1278 1452 est.
1338 1418 1531 1458 subjecta
1554 1418 1706 1451 torculo
1737 1424 1867 1459 grana
1897 1414 2026 1451 turbi-

210 1474 302 1507 dum
319 1471 463 1515 largiri
487 1474 638 1517 oleum,
672 1472 853 1507 coctione
878 1473 1134 1508 dulcedinem
1158 1473 1311 1519 perire,
1339 1474 1424 1516 jam
1447 1476 1607 1508 veteres
1630 1476 1892 1515 quaeruntur.
1951 1470 2028 1506 Di-

209 1537 354 1564 versas
376 1527 576 1563 seminum
600 1527 784 1570 partibus
808 1528 946 1564 inesse
968 1529 1078 1565 vires
1094 1539 1202 1565 nunc
1219 1534 1398 1575 constat,
1430 1528 1667 1564 lenissimas
1682 1526 1837 1571 corpori
1853 1528 2030 1564 albumi-

209 1594 332 1631 noso,
363 1587 623 1620 vehementer
645 1593 762 1620 acres
787 1585 1075 1629 integumentis
1092 1590 1127 1621 et
1146 1586 1375 1631 embryoni;
1400 1587 1506 1621 unde
1521 1594 1658 1620 semen
1676 1589 1799 1620 toturn
1817 1587 2030 1627 oleumque

211 1652 233 1676 e
251 1646 330 1676 toto
348 1643 459 1684 prelo
476 1640 593 1684 gravi
609 1641 790 1676 elicitum
807 1651 845 1678 v.
864 1642 1055 1678 diuturna
1072 1643 1253 1678 coctione
1275 1645 1477 1678 obtentum
1490 1669 1500 1687 ,
1530 1642 1702 1677 venenis
1728 1642 2028 1686 adnumeratur,

211 1702 246 1733 et
275 1699 379 1740 quod
402 1707 425 1732 e
446 1700 590 1732 nucleo
613 1697 903 1740 integumentis
927 1701 1065 1734 orbato
1088 1700 1170 1735 leni
1193 1699 1403 1742 pressione
1427 1699 1563 1734 defluit
1586 1698 1627 1733 in
1654 1707 1770 1733 usum
1800 1699 2028 1733 vocandum

211 1758 293 1799 est,
326 1756 464 1789 alvum
479 1756 656 1789 oleorum
675 1755 841 1789 fixorum
858 1764 988 1800 more,
1020 1757 1090 1791 sed
1109 1756 1228 1798 quasi
1244 1755 1505 1798 superaddito
1529 1755 1699 1797 quodam
1724 1755 1907 1799 stimulo,
1939 1763 2028 1790 mo-

213 1811 303 1846 dice
332 1811 498 1845 ducens.
557 1811 697 1845 Oleum
722 1821 744 1846 e
767 1811 902 1846 Ricini
923 1814 1068 1847 nucleo
1090 1813 1149 1848 ita
1170 1818 1376 1857 paratum,
1408 1815 1451 1847 ut.
1473 1814 1637 1853 embryo
1660 1811 1825 1846 virosus
1850 1802 2030 1846 intactus

212 1867 298 1902 fere
319 1870 502 1912 maneat,
536 1868 627 1902 dum
652 1877 795 1909 purum
820 1872 901 1913 est,
934 1871 1068 1904 colore
1090 1870 1336 1914 glaucescit,
1367 1869 1502 1903 odoris
1526 1871 1564 1903 et.
1587 1868 1749 1910 saporis
1779 1867 1856 1902 vix
1886 1867 2029 1912 ullius,

213 1923 506 1958 consistentiae
522 1924 714 1965 limpidae
737 1928 774 1959 et
797 1925 1007 1969 viscosae,
1040 1925 1241 1968 gravitate
1263 1924 1434 1967 reliquis
1458 1924 1560 1959 oleis
1583 1925 1737 1968 majuS,
1770 1933 1844 1959 nec
1867 1923 2031 1958 intenso

213 1979 362 2024 frigore
385 1981 697 2024 congelandum,
730 1984 855 2017 totum
885 1981 927 2016 in
959 1984 1142 2017 alcohole
1172 1982 1424 2017 dissolvitur.
1482 1977 1755 2025 Euphor-ome
1779 1977 2033 2025 Lathyridia

213 2036 354 2081 Linn.,
385 2038 534 2071 herbae
551 2037 766 2083 nostratis,
800 2038 959 2073 semina
983 2037 1164 2081 (semina
1182 2038 1426 2082 Cataputiae
1448 2037 1617 2073 minoris
1640 2048 1673 2072 s.
1691 2036 1913 2079 Tithymali
1935 2035 2033 2072 lati-

214 2091 342 2137 folii),
361 2093 508 2127 dudum
524 2102 575 2127 ex
591 2092 765 2128 officinis
782 2096 923 2139 pulsa,
942 2094 1072 2129 oleum
1091 2099 1235 2137 gerunt
1250 2104 1276 2130 a
1292 2095 1380 2129 miti
1395 2094 1474 2129 olei
1489 2093 1669 2129 Castoris
1687 2093 1821 2128 indole
1838 2093 2031 2137 alienum,

216 2152 256 2183 et
271 2149 458 2192 'Figlinae
474 2149 677 2184 acredinis
700 2153 918 2186 aemulum.
976 2151 1102 2186 Istius
1125 2155 1162 2186 et
1188 2159 1457 2194 congerierum
1481 2159 1556 2185 nec
1577 2159 1659 2185 non
1674 2148 1914 2192 Phyllantlii
1936 2158 2033 2192 spe-

217 2205 370 2241 cierum
387 2205 572 2248 capsulis
589 2206 638 2241 ad
654 2206 918 2241 inebriandos
932 2206 1069 2249 pisces
1086 2211 1265 2243 utuntur.

363 2272 676 2320 Hyaenanehes
691 2273 1025 2322 globosaeLam.,
1043 2277 1201 2312 arboris
1219 2277 1423 2320 canensis,
1443 2277 1601 2312 fructus
1619 2275 1750 2311 coloni
1767 2275 1974 2321 colligunt,
1995 2277 2035 2311 et

218 2332 263 2367 in
295 2334 504 2374 pulverem
536 2333 721 2368 redactos
746 2333 891 2368 ovinae
916 2334 1030 2369 carni
1054 2334 1314 2379 inspergunt,
1348 2334 1494 2376 quibus
1518 2334 1713 2376 Hyaenae
1735 2332 2034 2380 interimuntur,

217 2389 334 2424 modo
350 2388 476 2424 simili
493 2397 569 2430 quo
586 2389 628 2423 in
644 2389 794 2424 nostris
811 2390 979 2425 urbibus
996 2398 1120 2425 canes
1138 2390 1331 2426 erraticos
1349 2390 1584 2426 occidimus.

362 2440 602 2489 chmllmgme
625 2444 835 2493 sebz'ferae
851 2446 1004 2482 Michx.
1015 2473 1025 2493 ,
1058 2447 1100 2481 in
1118 2447 1249 2482 China
1271 2451 1540 2492 spontaneae,
1573 2448 1734 2481 cultura
1757 2455 1828 2488 per
1849 2444 2035 2489 regiones

218 2501 398 2544 tropicas
417 2502 537 2536 totius
555 2501 662 2536 orbis
678 2511 774 2545 prop
780 2507 945 2549 igatae,
978 2503 1136 2539 semina
1151 2503 1324 2539 materia
1339 2506 1484 2538 sebace
1488 2513 1512 2538 a
1527 2504 1711 2538 involuta
1733 2505 1847 2550 sunt,
1880 2508 1960 2544 qua
1981 2502 2034 2538 ad

217 2558 486 2594 conficiendas
507 2559 702 2593 candelas
721 2563 898 2594 utuntur
958 2561 1096 2595 Oleum
1114 2569 1136 2595 e
1151 2560 1375 2595 seminibus
1393 2560 1489 2595 mite
1505 2560 1680 2595 elicitur.
1878 2566 1903 2580 ²

359 2611 623 2648 Elaeae-occa
641 2623 871 2650 verrucosa
886 2616 986 2652 Adr.
1004 2618 1114 2652 Juss.
1139 2619 1258 2652 arbor
1275 2616 1472 2658 japonica
1493 2620 1530 2651 et
1548 2612 1813 2649 Elaencocca
1834 2612 1874 2648 V
1872 2612 2036 2648 ermom

218 2672 316 2707 Adr.
335 2672 446 2706 Juss.
462 2671 662 2717 sinensis,
694 2675 839 2708 ambae
854 2677 1014 2716 propter
1028 2675 1180 2720 oleum,
1212 2675 1314 2715 quod
1334 2683 1355 2707 e
1371 2673 1594 2708 seminibus
1611 2672 1868 2717 exprimitur,
1900 2671 2035 2706 inilia

218 2728 382 2770 lychnis
414 2728 594 2771 alendis,
640 2728 683 2763 in
712 2731 789 2764 hac
819 2729 946 2772 lignis
977 2730 1150 2772 telisque
1185 2729 1414 2765 illiniendis
1453 2732 1612 2777 aptum,
1658 2729 1802 2776 utiles,
1846 2721 2032 2763 neutrius

221 2787 375 2829 tamen,
410 2784 504 2826 quia
523 2785 680 2830 acrius,
711 2785 752 2820 in
770 2786 939 2821 cibariis
955 2786 1183 2822 adhibetur.

360 2842 656 2876 Nonnullarum
674 2841 831 2877 fructus
846 2851 884 2878 v.
902 2843 1061 2878 semina
1075 2843 1251 2877 innocue
1268 2841 1423 2878 comedi
1446 2844 1619 2877 constat.
1677 2836 1883 2874 Aleia-itis
1910 2836 2034 2873 trilo-

220 2895 297 2930 bae
312 2897 444 2933 Forst.
458 2923 468 2939 ,
491 2897 533 2931 in
550 2897 751 2933 Moluccis
768 2898 1008 2944 crescentis,
1033 2900 1224 2934 nucleum
1241 2898 1564 2943 sapidissimum,
1597 2896 1924 2940 aphrodisiacum
1944 2905 2036 2939 per-

220 2953 373 2988 hibent.
413 2950 692 2986 Conceveibae
704 2952 950 2999 gm'anensis
966 2955 1105 3001 Aubl.,
1130 2963 1255 2990 succo
1271 2954 1393 2990 viridi
1410 2953 1623 2999 turgentis,
1647 2954 1805 2989 semina
1821 2953 2034 2988 deliciosa.

224 3005 552 3053 Omplmlearum
582 3010 905 3046 americanarum
935 3011 1094 3055 nuclei,
1139 3014 1288 3046 remoto
1319 3014 1451 3046 tamen
1482 3013 1717 3055 embryone,
1757 3009 2032 3044 comeduntur.

225 3064 375 3099 Cic-cae
391 3062 599 3100 distic-hae
613 3066 753 3112 Linn.,
778 3068 1022 3102 arbusculae
1038 3066 1221 3112 indicae,
1250 3069 1403 3102 baccae
1419 3071 1531 3109 grate
1547 3066 1909 3109 acidulo-dulces,
1941 3073 2038 3100 cru-

223 3123 298 3157 dae
320 3126 538 3164 coctaeque
559 3121 602 3156 in
625 3122 794 3158 cibariis
817 3126 925 3159 sunt.
981 3123 1116 3158 Etiam
1134 3119 1350 3156 Emblz'cae
1372 3119 1606 3170 officinalis
1624 3124 1784 3167 Gartn.‚
1816 3121 1969 3165 pariter
1990 3119 2034 3156 in

223 3178 329 3214 Asia
345 3178 499 3221 tropica
516 3179 757 3224 crescentiS,
789 3179 1093 3222 sarcocarpium
1109 3182 1315 3215 austerum
1342 3179 1486 3224 primo,
1520 3179 1663 3214 deinde
1687 3176 1802 3213 dulce
1827 3176 2035 3213 consumi-

224 3237 299 3269 tur.
359 3236 523 3278 Drupae
544 3235 724 3271 siccatae
741 3234 1026 3279 (myrobalani
1042 3236 1230 3279 emblici)
1254 3237 1350 3272 olim
1374 3237 1574 3273 adversus
1599 3235 1852 3282 diarrhoeas,
1885 3235 2036 3278 dysen-

223 3291 364 3325 teriam
384 3295 419 3325 et
436 3293 639 3326 choleram
656 3291 881 3338 adhibitae,
912 3292 1062 3327 exoleti
1079 3292 1194 3328 hodie
1212 3301 1312 3328 usus
1328 3296 1437 3329 sunt.

365 3349 442 3382 Sed
461 3347 760 3383 fructiferarum
777 3348 907 3384 minor
922 3347 1032 3384 fama
1046 3351 1129 3394 est,
1161 3348 1306 3391 ingens
1323 3349 1472 3384 radicis
1492 3345 1688 3382 Manz’lcot
1709 3344 1935 3390 specierum
1948 3372 1959 3389 ,
1990 3345 2034 3381 in

227 3402 418 3438 America
440 3404 635 3439 calidiore
656 3406 946 3450 crescentium,
977 3404 1145 3440 utilitas.
1202 3402 1404 3439 Mam'lwt
1418 3404 1671 3440 utilissimae
1686 3406 1798 3439 Pohl.
1817 3399 2038 3445 (Jatropha

228 3458 411 3494 Maniliot
433 3459 574 3508 Linn.,
605 3460 629 3495 J
634 3469 711 3497 uca
732 3469 902 3505 amarga
924 3457 1095 3511 Hispfi),
1126 3460 1286 3501 fruticis
1309 3462 1576 3511 octopedalis,
1608 3463 1767 3498 cultura
1786 3468 1858 3503 per
1881 3465 2037 3495 oannem
