2147 3756
227 239 550 286 Affinitas.
611 245 822 283 Taxineae
845 249 893 283 ob
917 246 1037 283 nores
1061 247 1328 291 pistilligeros
1352 247 1581 293 solitarios,
1614 261 1689 285 nec
1707 252 1746 287 in
1765 254 1911 289 strobi-

87 306 152 341 los
169 306 381 351 collectos,
411 308 447 339 et
465 306 512 338 ob
532 302 719 339 foliorum
739 304 903 340 formam
922 313 945 339 a
965 304 1251 347 Cupressineis
1268 309 1304 340 et
1321 306 1572 353 Abietineis,
1599 308 1746 349 quibus
1764 312 1911 346 arctis-

86 361 190 398 sime
205 361 370 409 affines‚
402 360 446 396 in
462 360 670 405 proprium
685 361 864 397 ordinem
881 362 1142 405 colliguntur.

229 439 662 496 Geog'raphia.
719 447 767 480 In
793 446 1027 489 temperatis
1052 446 1174 482 totius
1199 445 1309 482 orbis
1334 446 1499 492 obviae,
1531 457 1607 483 nec
1633 457 1654 483 e
1678 449 1912 493 regionibus

86 501 364 545 intertropicis
381 502 512 537 Asiae
536 506 571 538 et
596 502 814 538 Americae
838 506 884 538 ob
910 503 1033 538 situm
1057 506 1259 539 elevatum
1284 504 1434 540 mitiori
1457 504 1618 540 climate
1641 508 1913 550 gaudentibus

74 561 250 605 exules,
296 559 338 594 in
369 559 606 594 universum
639 559 681 594 in
713 559 1012 602 hemisphaerio
1043 561 1218 595 australi
1250 563 1388 603 paullo
1425 561 1679 603 frequentius
1717 565 1916 600 habitant.

83 616 247 658 Europa
268 616 403 651 media
427 621 462 651 et
487 615 684 651 australis
709 616 829 651 unice
857 613 1025 649 Tamne
1057 615 1281 650 baccatum
1314 619 1410 663 alit,
1441 627 1513 660 per
1535 619 1683 654 Asiam
1713 623 1914 658 borealem

84 674 168 708 late
192 673 393 708 diffusam.
451 673 597 708 Altera
621 672 726 706 Taxi
750 672 911 714 species
936 673 1169 708 Americam
1194 676 1397 709 borealem
1428 674 1583 710 incolit.
1649 674 1844 722 Tot-reesa
1875 680 1915 714 in

84 729 184 772 ripis
208 729 403 765 montosis
428 729 641 764 fluviorum
665 728 853 763 Floridae
875 729 1033 764 mediae
1058 730 1225 772 copiosa
1250 731 1457 776 nascitur,
1498 730 1753 778 Caryotctaev
1779 734 1917 778 [Taxo

85 783 488 827 11ucife1·ae'r1n1nh.]
507 785 886 828 arborijaponicae,
910 785 968 820 uti
989 785 1148 821 videtur
1163 787 1285 822 etiam
1303 790 1410 830 apud
1429 791 1683 831 Nepalenses
1702 793 1915 837 crescenti,

84 843 205 878 nimis
222 842 369 877 affinis.
433 838 775 885 Cephaloca.2·u.5‚
810 838 1051 875 Salis-burm
1071 846 1105 877 et
1128 839 1311 888 Nageia,
1345 845 1594 887 Podocarpis
1615 847 1802 883 fortassis
1820 852 1918 884 sub-

84 899 321 943 scribenda,
370 897 551 942 singulis
581 897 797 941 speciebus
828 899 936 940 apud
967 900 1148 941 Japones
1179 905 1437 943 generantur.
1512 900 1754 948 Podar-arpi
1790 916 1918 946 genus

85 955 301 998 speciebus
327 955 455 990 dives.
516 955 670 991 Harum
689 956 807 990 sedes
823 955 1028 990 latissime
1045 960 1204 1002 patent,
1238 959 1287 991 ab
1305 959 1496 993 extremis
1513 961 1651 996 Novae
1668 963 1919 998 Zeelandiae

84 1012 188 1058 oris,
221 1022 293 1054 per
307 1010 439 1047 Asiae
466 1012 780 1054 aequinoctialis
803 1011 966 1062 insulas
984 1016 1020 1047 et
1039 1013 1310 1048 continentem
1327 1014 1369 1048 in
1387 1016 1602 1057 Japoniam
1621 1018 1716 1052 hinc
1733 1019 1918 1066 diffusae,

81 1069 198 1105 illinc
214 1064 265 1110 Iin
283 1068 426 1110 Capite
449 1071 580 1104 bonae
604 1068 693 1111 spei
716 1071 976 1115 observatae,
1010 1068 1051 1103 in
1069 1070 1259 1106 America
1283 1073 1332 1105 ab
1359 1073 1611 1108 australibus
1627 1075 1807 1111 Andium
1825 1077 1921 1112 (fni-

80 1125 382 1168 lensiumjugis
400 1125 441 1159 in
458 1125 620 1160 insulas
638 1125 865 1160 antillanas
885 1129 1117 1161 excurrunt.
1179 1123 1405 1172 Dum-ydra
1428 1130 1469 1163 in
1486 1131 1628 1166 Indiae
1653 1133 1856 1168 montibus
1882 1138 1918 1169 et

82 1184 198 1217 Nova
226 1182 454 1217 Zeelandia
485 1187 729 1227 nascuntur,
763 1178 1083 1231 Plzyslloclados,
1116 1184 1289 1220 ramulis
1319 1186 1596 1229 phyllodineis
1629 1189 1817 1238 decoros,
1856 1191 1919 1226 in-

85 1241 180 1275 sula
195 1239 368 1274 Diemen
387 1244 423 1274 et
441 1241 557 1274 Nova
571 1238 799 1274 Zeelandia
815 1239 959 1283 gignit.

224 1317 588 1369 finalitates
622 1328 660 1361 et
690 1330 860 1363 usus.
920 1325 1132 1362 Taxineae
1155 1327 1288 1373 succi,
1322 1337 1439 1370 quem
1471 1336 1708 1375 secernunt,
1742 1333 1918 1369 resinosi

80 1382 315 1425 praesentia
333 1392 423 1417 cum
440 1382 611 1424 reliquis
629 1382 909 1418 Coniferarum
933 1384 1143 1419 ordinibus
1169 1386 1435 1431 conveniunt,
1468 1389 1715 1423 substantiis
1741 1391 1919 1426 adstrin-

81 1438 385 1483 genti-amaris
417 1442 454 1474 et
487 1440 870 1481 aethereo-oleosis
901 1441 1061 1484 largius
1090 1441 1243 1487 foetae,
1282 1445 1508 1478 nonnullae
1539 1445 1661 1480 etiam
1691 1448 1919 1484 narcoticu-

81 1495 192 1532 acris
231 1495 386 1538 aliquid
422 1496 628 1531 continere
658 1497 889 1532 creduntur.
972 1495 1122 1532 Taxus
1153 1496 1338 1532 baccata
1369 1500 1488 1535 Linn.
1524 1500 1676 1547 (Bibe,
1725 1498 1751 1550 ἡ
1782 1501 1918 1550 μῖλος,

81 1548 246 1598 σμῖλος,
279 1548 460 1597 minag]
486 1554 526 1588 in
559 1554 725 1595 Europa
755 1554 891 1588 media
922 1556 958 1589 et
991 1555 1187 1601 australi,
1228 1565 1303 1590 nec
1332 1566 1411 1592 non
1445 1557 1486 1591 in
1518 1558 1669 1593 SibIria
1701 1562 1919 1603 sylvestris

80 1609 287 1655 nascitur,
318 1609 405 1644 vita
422 1611 622 1652 longaeva
642 1619 781 1644 omnes
807 1610 931 1646 facile
956 1614 1121 1647 arbores
1146 1621 1367 1658 superans,
1401 1616 1448 1648 ob
1474 1615 1625 1650 densae
1647 1615 1802 1653 frondis
1826 1629 1920 1661 per-

79 1669 246 1709 petuum
264 1666 389 1700 decus
408 1664 566 1707 passim
583 1666 625 1701 in
641 1666 769 1701 hortis
787 1671 879 1701 sata
892 1695 901 1711 ,
932 1667 1056 1703 militi
1072 1669 1245 1703 nostrati
1261 1669 1390 1704 Lauri
1412 1672 1499 1704 loco
1525 1676 1605 1717 est,
1637 1675 1846 1710 veteribus
1870 1679 1917 1712 ob

81 1722 213 1757 dirum
234 1731 438 1758 venenurn
459 1722 650 1768 infamis,
682 1723 899 1758 hodiedum
921 1725 1062 1759 multis
1087 1729 1294 1767 suspecta.
1352 1727 1575 1762 Fructuum
1600 1738 1816 1766 carnosam
1847 1742 1919 1767 cu-

80 1781 241 1824 pulam,
275 1779 463 1813 ductibus
482 1779 594 1814 dulci
610 1779 749 1814 resina
767 1780 1023 1816 scatentibus
1042 1780 1253 1828 refertam,
1286 1782 1377 1818 sine
1400 1793 1508 1819 noxa
1533 1786 1690 1821 comedi
1712 1795 1917 1837 asserunt,

80 1835 250 1871 seminis
282 1835 412 1870 amari
442 1836 527 1870 vim
557 1835 959 1886 narcotico-acrem,
999 1838 1235 1874 deleteriam
1267 1840 1341 1875 alii
1371 1840 1594 1882 perhibent.
1653 1844 1850 1880 Ramulos
1882 1851 1921 1882 et

81 1890 183 1928 folia
198 1892 377 1928 Sabinae
395 1891 559 1928 frondes
583 1893 734 1928 virtute
758 1901 958 1939 aequare,
988 1894 1146 1938 lignum
1173 1896 1438 1932 durissimum
1463 1899 1580 1934 multi
1607 1893 1717 1942 apud
1741 1903 1917 1938 artifices

79 1958 203 1994 usus,
235 1949 277 1984 in
307 1949 586 1992 hydrophobia
609 1950 711 1985 utile
741 1950 996 1993 praedicant.
1055 1953 1170 1987 Vasa
1198 1952 1378 1989 viatoria
1413 1964 1435 1989 e
1460 1956 1565 1990 'faxi
1594 1957 1706 2001 ligno
1733 1958 1844 1995 vinis
1875 1961 1917 1996 in

81 2006 218 2041 Gallia
240 2005 353 2042 facta
370 2005 578 2041 mortifera
594 2005 747 2053 fuisse,
779 2007 943 2043 Plinius
960 2011 1102 2044 auctor
1118 2012 1191 2044 est.
1251 2011 1457 2054 Syrupum
1475 2023 1495 2048 e
1510 2005 1712 2050 fructibus
1727 2020 1917 2059 paratum

77 2065 306 2099 nonnullae
323 2062 512 2118 officinae
528 2063 635 2098 inter
650 2063 830 2099 remedia
845 2065 1036 2100 sedantia
1049 2069 1231 2103 servant.

225 2129 475 2179 &inmolari
503 2133 635 2178 (Taxi
657 2133 870 2171 nuciferae
886 2137 1044 2171 Thunb.
1070 2136 1119 2172 Fi
1143 2147 1182 2172 v.
1198 2136 1331 2182 Kaja]
1355 2138 1536 2188 fructus,
1569 2142 1775 2184 quercinis
1798 2147 1918 2187 glan-

81 2189 202 2226 dibus
225 2190 407 2237 similes,
438 2191 580 2227 valide
605 2191 881 2236 adstringunt.
939 2193 1025 2228 Hos
1048 2193 1290 2237 interpretes
1303 2196 1510 2243 japonici,
1544 2208 1635 2234 cum
1652 2200 1692 2235 in
1712 2203 1807 2236 aula
1826 2211 1920 2238 cae-

79 2256 202 2283 sarea
231 2247 302 2283 diu
327 2249 546 2284 consedere
569 2253 788 2297 coguntur,
821 2249 874 2286 ad
905 2252 1171 2288 coercendam
1200 2252 1363 2289 urinam
1393 2256 1620 2292 comedunt.
1679 2258 1823 2295 Oleum
1846 2269 1919 2295 ex-

78 2313 268 2348 pressum
287 2305 488 2347 coquinae
504 2305 691 2342 inservit.
915 2308 920 2311 ’

221 2371 488 2410 Salz'sburiae
518 2373 827 2423 adiantffolz’ae
857 2378 998 2414 Smith.
1030 2376 1263 2426 (Gingko)‚
1294 2380 1452 2416 arboris
1483 2383 1593 2426 apud
1622 2383 1745 2421 Sinas
1774 2391 1919 2429 sponte

80 2431 295 2468 nascentis
307 2458 318 2479 ‚
349 2434 458 2476 apud
475 2434 658 2476 Japones
673 2436 809 2470 cultae
822 2462 832 2482 ,
863 2439 903 2471 et
919 2435 1023 2471 inter
1037 2438 1241 2472 hortorum
1258 2442 1489 2474 nostrorum
1505 2440 1651 2476 decora
1665 2442 1918 2490 notissimae,

79 2488 301 2534 fructuum,
324 2489 505 2533 Prunum
522 2491 812 2527 damascenam
827 2492 1021 2536 languide
1035 2494 1304 2529 lutescentem
1320 2495 1595 2541 referentium,
1620 2506 1713 2533 caro
1730 2501 1919 2537 ductibus

80 2544 311 2580 resiniferis
327 2549 478 2590 scatet,
508 2548 725 2583 admodum
746 2552 926 2585 austera.
985 2550 1133 2599 Nuuclei
1155 2548 1304 2595 (vulgo
1321 2551 1507 2596 Ginnau]
1524 2554 1750 2598 Amygdali
1772 2566 1921 2600 sapore

80 2610 172 2637 cum
189 2602 362 2644 quadam
379 2602 640 2648 austeritate,
670 2604 697 2640 a
712 2604 883 2647 prandio
898 2606 1022 2641 sumti
1038 2606 1306 2649 digestionem
1323 2610 1521 2652 adjuvare
1535 2612 1775 2658 creduntur,
1800 2624 1919 2650 num-

80 2666 202 2700 quam
226 2658 270 2693 in
293 2659 479 2694 secunda
500 2659 698 2696 solemnis
722 2661 831 2703 apud
855 2662 1035 2705 Japones
1057 2663 1239 2699 convivii
1267 2673 1412 2701 mensa
1442 2667 1598 2703 omissi.
1657 2668 1771 2705 Cocti
1798 2671 1920 2707 varia

78 2714 366 2759 ingrediuntur
380 2715 536 2750 fercula
547 2742 557 2762 ,
588 2715 666 2751 vili
681 2716 811 2759 pretio
829 2720 1014 2755 venales.

118 2777 122 2779 ’
221 2768 438 2817 Dae-ryme·
459 2771 698 2817 cupressini
712 2775 795 2809 Sol.
815 2773 962 2819 (vulgo
979 2774 1103 2811 Rium
1118 2784 1158 2811 v.
1174 2776 1330 2822 Deum]
1347 2779 1647 2822 pulcherrimae
1663 2783 1841 2829 arboris,
1873 2784 1917 2821 in

80 2827 197 2864 uberi
213 2829 350 2864 Novae
365 2829 618 2865 Zeelandiae
634 2832 722 2865 solo
739 2831 983 2879 crescentis,
1011 2832 1159 2867 ramuli
1173 2834 1358 2875 juniores
1375 2836 1544 2872 materie
1560 2838 1748 2875 resinosa
1763 2841 1917 2876 amari-

81 2876 200 2920 cante
216 2888 397 2933 scatent,
428 2886 585 2922 nullius
601 2888 710 2930 apud
727 2886 945 2932 indigenas
963 2898 1084 2938 usus,
1110 2898 1136 2925 a
1153 2890 1303 2926 Cookio
1320 2891 1361 2926 in
1379 2895 1507 2928 altero
1524 2895 1681 2937 periplo
1697 2898 1746 2931 ad
1764 2905 1917 2940 paran-

82 2943 175 2977 dum
199 2946 335 2985 potum
359 2942 586 2979 cerevisiae
608 2931 791 2979 similem’
808 2944 1001 2991 adhibiti,
1033 2947 1154 2989 cujus
1177 2949 1473 2990 praestantiam
1495 2950 1538 2986 in
1562 2954 1670 2987 malo
1687 2954 1915 2991 scorbutico

80 3001 317 3035 navarchus
350 2999 538 3042 plurimis
568 3000 802 3049 praedicat,
833 3004 873 3037 et
903 3003 1200 3040 succedaneum
1233 3005 1461 3042 cerevisiae
1492 3017 1514 3042 e
1542 3008 1638 3043 Pini
1668 3011 1916 3048 canadensis

82 3054 246 3090 taleolis
263 3054 473 3092 confectae
489 3055 639 3100 (vulgo
655 3058 990 3106 spurce-beer),
1006 3060 1214 3096 notissimi
1231 3063 1339 3104 apud
1358 3067 1507 3100 nautas
1525 3074 1645 3112 usus,
1663 3077 1756 3102 esse
1772 3069 1915 3104 voluit.

79 3112 227 3146 Potum
250 3122 271 3147 e
294 3112 493 3155 Dacrydii
514 3113 686 3149 ramulis
706 3118 896 3157 paratum
915 3116 1072 3158 jejunis
1093 3126 1293 3154 nauseam
1317 3123 1354 3154 et
1377 3121 1617 3161 vertiginem
1642 3123 1754 3158 brevi
1779 3128 1917 3160 trans-

82 3171 245 3203 euntem
281 3167 517 3216 induxisse‚
561 3173 710 3206 monet.
781 3167 1026 3217 Podoearpz·
1053 3172 1303 3221 nerv'v‘fiaeliae
1338 3176 1440 3212 Don.
1480 3175 1682 3221 [Lignum
1714 3181 1915 3217 Emanum

80 3223 280 3268 Rumpit.)
308 3223 468 3261 fructus
497 3225 542 3261 in
561 3227 708 3262 Indiae
730 3229 936 3264 montibus
958 3231 1235 3266 comeduntur.
1293 3229 1567 3278 Podvcarpus
1596 3232 1788 3270 Totarra
1810 3239 1914 3275 Don.

82 3282 132 3316 ob
154 3281 261 3325 ligni
282 3281 392 3317 levis
413 3281 690 3326 incorruptam
714 3283 904 3321 duritiem
924 3286 1064 3322 Novae
1077 3288 1330 3324 Zeelandiae
1353 3291 1667 3327 autochtonibus
1683 3301 1856 3337 magnae
1871 3295 1914 3330 in

83 3336 339 3373 fabricandis
354 3338 521 3380 scaphis
536 3339 744 3376 utilitatis.
795 3341 947 3378 Trunci
962 3344 1190 3384 sylvestres
1203 3343 1246 3379 in
1261 3344 1511 3381 familiarum
1528 3348 1787 3389 patrimoniis
1802 3357 1912 3394 sunt,

81 3393 254 3436 praeliis
285 3401 411 3437 saepe
441 3395 559 3437 petiti
587 3399 628 3431 et
657 3395 829 3433 defensi.
901 3399 936 3434 E
964 3395 1237 3445 Phylloeladt'
1259 3399 1609 3438 trichomanoidis
1629 3405 1732 3443 Don.
1765 3405 1912 3452 (vulgo

83 3450 309 3503 'ranekaha
324 3460 359 3489 s.
375 3451 604 3498 Tea-Toa)
621 3453 769 3492 cortice
784 3455 958 3497 colorem
974 3457 1138 3495 rubrum
1153 3461 1314 3500 parant.
