2147 3756
944 150 1062 202 649

98 324 598 377 Gm·l‹11·ng1·aeps2·d2·01·d1·s
617 330 770 377 Hook.‚
795 329 952 366 arboris
969 328 1218 373 antillanae,
1237 326 1353 364 flores
1369 325 1539 377 foetent,
1556 330 1773 364 baccarum
1792 327 1919 371 pulpa

95 397 299 426 nauseosa
311 416 320 434 ,
352 388 511 423 semina
528 388 758 422 Avellanae
773 395 958 428 saporem
977 388 1248 421 aemulantur.

234 440 796 492 Myrrhim‘e·aeropurpurez·
811 444 983 490 Senum,
1016 443 1264 478 arbusculae
1278 439 1562 488 brasiliensis,
1592 441 1746 477 baccae
1763 440 1917 476 eduleS.

519 579 689 624 Ordo
723 576 1497 634 ccnxxl.1vlyrtaceae.

236 682 462 730 Arbores
499 680 810 744 v.s1·'utaeees,
858 680 1096 726 rarissime
1136 680 1341 737 herbae,
1388 681 1529 727 ramis
1567 654 1797 726 teretibus
1842 684 1922 722 aut

96 755 285 816 saepius
331 753 579 815 angulatis.
655 754 796 798 Folza
837 752 1076 814 opposita,
1126 752 1276 797 ra1ius
1315 751 1497 798 alterna
1535 767 1578 798 v.
1617 747 1916 803 verticillatz,1

99 825 353 887 simplicia,
389 825 573 886 integra
607 832 654 869 et
680 823 1010 884 integerrima,
1047 822 1284 868 rarissime
1310 823 1565 879 serrulata,
1599 832 1720 866 nunc
1746 819 1919 870 teretia

97 904 175 942 aut
208 896 522 951 semiteretia,
557 910 677 938 nunc
712 893 871 955 plana,
905 892 1239 954 penninervia,
1274 894 1430 939 nervis
1463 891 1743 953 transversis
1775 904 1917 953 saepe

97 968 143 1013 in
185 982 354 1012 nervos
402 965 599 1026 margini
646 963 899 1025 parallelos
947 963 1311 1021 confluentibus,
1359 956 1921 1028 plerumquecoriacea,

96 1036 371 1098 saepissime
411 1034 643 1098 glandulis
691 1034 931 1091 oleiferis;
973 1034 1333 1097 parenchymati
1381 1036 1610 1081 immersis
1656 1029 1922 1097 pellucido-

95 1115 342 1171 punctata,
382 1106 480 1152 basi
513 1107 558 1151 in
590 1105 813 1168 petiolum
845 1113 1113 1167 augustata.
1187 1107 1410 1168 Stz‘pulae
1441 1107 1714 1169 plerumque
1746 1102 1919 1158 nullae,

94 1179 246 1225 rarius
277 1175 336 1223 ad
369 1177 652 1240 petiolorum
685 1176 829 1222 basim
871 1177 1110 1238 geminae,
1157 1177 1399 1234 minimae,
1452 1176 1677 1223 caducae.
1751 1174 1923 1221 Flores

93 1248 326 1312 perfecti,
369 1248 635 1311 regulares,
669 1248 909 1293 rarissime
942 1247 1185 1293 staminum
1217 1248 1452 1311 inaequali
1485 1244 1778 1311 longitudine
1812 1241 1920 1290 snb-

95 1319 408 1382 irregulares,
451 1334 572 1365 nunc
604 1319 827 1365 axillares
861 1318 1082 1375 solitarii,
1116 1334 1237 1364 nunc
1270 1320 1462 1381 spicati,
1498 1318 1700 1382 cymosi‚
1736 1331 1923 1379 corym-

94 1390 201 1438 bosi
248 1407 288 1438 v.
331 1390 607 1453 paniculati,
655 1388 888 1435 interdum
937 1390 1075 1435 etiam
1124 1390 1341 1452 capitati,
1388 1388 1500 1436 nudi
1539 1406 1579 1436 v.
1621 1387 1919 1442 involucrati,

95 1461 369 1524 saepissime
403 1461 503 1508 basi
536 1459 891 1517 bibracteolati,
933 1459 1056 1518 albi,
1098 1461 1251 1518 rosei,
1298 1462 1521 1525 purpurei
1554 1478 1595 1507 v.
1630 1459 1758 1516 ssavi,
1803 1474 1920 1503 nun-

97 1550 231 1598 quam
265 1532 493 1580 caerulei.
559 1532 750 1594 Calyezs
780 1531 916 1578 tubus
942 1531 1077 1594 juxta
1109 1540 1253 1578 totam
1288 1531 1629 1595 longitudinem
1661 1547 1703 1577 v.
1737 1529 1922 1576 inferne

79 1621 197 1657 ,cum
238 1604 450 1666 germine
485 1611 738 1658 connatuS‚
786 1602 951 1649 limbus
984 1601 1177 1667 quadri·
1212 1604 1444 1667 quinque·
1483 1612 1562 1650 aut
1593 1594 1843 1648 multifidus
1877 1616 1918 1645 v.

95 1676 316 1739 partitus,
358 1675 615 1737 persistens
648 1691 684 1720 s.
719 1672 972 1732 deciduus,
1015 1673 1133 1720 lobis
1165 1676 1478 1721 aestivatione
1509 1674 1731 1729 valvatis,
1774 1672 1922 1717 intei-

96 1745 200 1793 dum
236 1747 444 1808 integer,
478 1746 789 1792 aestivatione
819 1746 1026 1802 clausus,
1062 1745 1144 1791 sub
1170 1745 1353 1792 anthesi
1380 1745 1685 1808 operculatim
1714 1751 1919 1805 apertus.

100 1818 327 1865 Corollae
366 1816 522 1879 petala
562 1815 695 1864 disco
745 1817 923 1880 calycis
970 1817 1153 1863 faucem
1201 1818 1506 1880 marginanti,
1555 1816 1827 1880 plerumque
1874 1813 1920 1857 in

94 1889 308 1935 laminam
340 1905 380 1934 v.
415 1887 629 1950 pulvinar
661 1889 886 1949 germinis
918 1889 1146 1934 verticem
1181 1904 1415 1934 coronans
1456 1888 1684 1934 continuo
1725 1882 1918 1941 inserta,

95 1959 221 2006 limbi
257 1959 459 2022 calycini
491 1958 612 2004 lobis
652 1973 846 2004 numero
888 1958 1104 2021 aequalia
1143 1967 1191 2005 et
1229 1959 1433 2015 alterna,
1483 1956 1920 2004 aestivationeim-

92 2031 276 2078 bricata
306 2047 349 2076 v.
384 2029 656 2086 convoluta,
707 2029 944 2075 rarissime
979 2029 1127 2087 nulla,
1177 2046 1222 2075 v.
1260 2047 1362 2077 cum
1397 2030 1574 2093 calycis
1608 2028 1748 2074 limbo
1783 2041 1922 2089 oper-

96 2101 330 2150 culiformi
364 2102 550 2164 penitus
584 2100 774 2147 coalita.
848 2101 1072 2147 Stamina
1102 2100 1325 2163 plurima,
1376 2101 1479 2148 cum
1518 2100 1686 2164 petalis
1712 2099 1920 2158 inserta,

94 2173 336 2220 rarissime
391 2171 556 2218 iisdem
603 2187 798 2218 numero
847 2172 1064 2235 aequalia
1109 2181 1157 2217 et
1202 2173 1408 2230 alterna,
1470 2187 1612 2234 saepe
1661 2170 1798 2231 dupla
1845 2177 1924 2214 aut

94 2244 259 2308 tripla,
309 2243 533 2290 nonnulla
577 2251 687 2290 tunc
735 2243 1016 2300 ananthera,
1066 2243 1341 2306 saepissime
1383 2244 1615 2306 multipla,
1664 2240 1920 2296 indefinita,

94 2315 396 2380 pluriseriata
429 2323 476 2361 et
514 2323 623 2361 tunc
664 2313 938 2377 plerumque
979 2314 1132 2361 omnia
1172 2314 1366 2363 fertilia.
1443 2316 1716 2362 Fe‘lamenta
1756 2311 1924 2358 filifor-

96 2388 187 2433 mia
218 2403 260 2432 v.
296 2386 516 2449 linearia,
556 2401 676 2432 nunc
711 2385 882 2443 libera,
924 2402 1045 2431 nunc
1079 2386 1264 2433 inferne
1297 2387 1398 2449 plus
1432 2387 1579 2432 minus
1612 2382 1925 2445 monadelpha

95 2475 142 2505 v.
173 2458 220 2504 in
253 2458 508 2504 fasciculos
541 2456 708 2520 petalis
745 2457 985 2519 oppositos
1020 2457 1216 2513 coalita,
1263 2459 1414 2504 rarius
1447 2458 1493 2502 in
1533 2456 1773 2503 urceolum
1815 2454 1922 2499 hinc

98 2528 444 2585 abbreviatum,
478 2528 609 2574 illinc
643 2528 688 2573 in
724 2527 936 2574 laminam
969 2526 1310 2590 petaloideam,
1344 2528 1646 2582 fornicatam,
1681 2528 1727 2572 in
1754 2525 1923 2589 stylum

97 2616 314 2664 pronam,
358 2600 633 2662 saepissime
668 2598 875 2644 sterilem
910 2597 1216 2661 productum,
1252 2600 1374 2645 intus
1406 2599 1770 2652 anthclii'erum,
1809 2612 1925 2643 con-

96 2680 222 2718 nata.
281 2671 541 2717 Antherae
574 2658 831 2726 introrsae,
864 2668 1175 2727 biloculares,
1209 2670 1375 2717 loculis
1409 2671 1643 2732 contiguis
1675 2686 1716 2715 v.
1744 2667 1926 2715 disere-

96 2743 181 2799 tis,
229 2740 638 2803 longitudinaliter
678 2739 1051 2787 dehiscentibus.
1130 2742 1331 2788 θοιηῑεη
1370 2742 1571 2789 inferum
1609 2758 1652 2788 v
1687 2737 1928 2786 semiinfe-

96 2829 196 2860 rum
238 2811 370 2859 disco
412 2828 612 2859 carnoso
652 2820 852 2869 tectum,
899 2828 1020 2858 nunc
1060 2812 1378 2870 uniloculare,
1423 2813 1664 2875 gemmula
1702 2804 1841 2856 unica
1880 2825 1922 2856 v.

95 2883 330 2948 pluribus,
380 2898 405 2929 e
452 2883 835 2946 trophospermio
881 2881 1072 2929 hasilari
1119 2883 1398 2930 brevissimo
1446 2884 1622 2930 erectis
1667 2880 1922 2945 anatropis,

97 2971 219 3002 nunc
258 2954 712 3017 hi-pluriloculare,
751 2954 1004 3016 gemmulis
1041 2955 1085 3000 in
1125 2954 1542 3017 trophospermiis,
1593 2969 1618 3000 e
1666 2952 1925 2999 loculorum

97 3025 272 3089 angulo
307 3025 504 3073 centrali
539 3025 765 3083 exsertis,
814 3025 1046 3088 plurimis,
1094 3026 1368 3089 plerumque
1401 3025 1615 3088 pendulis
1648 3033 1695 3071 et
1733 3032 1924 3070 anatro-

96 3099 192 3161 pis,
234 3097 474 3143 rarissime
507 3096 753 3153 solitariis,
801 3096 972 3159 angulo
1008 3098 1447 3160 centralipeltatim
1480 3097 1703 3152 insertis,
1746 3093 1925 3157 amphi-

98 3168 262 3231 tropis.
352 3168 517 3229 Stylzcs
562 3168 844 3224 terminalis,
893 3175 972 3213 aut
1019 3169 1256 3215 rarissime
1304 3169 1349 3214 in
1391 3170 1602 3230 germine
1643 3165 1924 3213 uniloculari

98 3238 333 3295 lateralis,
376 3238 595 3301 simplex,
635 3237 784 3285 nudus
816 3255 857 3285 v.
891 3239 1026 3302 apice
1060 3238 1305 3297 balbatu83
1355 3241 1583 3302 stigmate
1615 3236 1849 3284 terminali
1879 3252 1924 3283 v.

98 3310 336 3356 rarissime
384 3309 592 3366 laterali,
654 3309 874 3356 indiviso.
962 3311 1169 3357 Fructus
1222 3311 1494 3382 saepissime
1547 3309 1726 3373 calycis
1780 3305 1923 3354 limbo

101 3388 375 3436 coronatus,
418 3396 539 3426 nunc
572 3380 899 3439 unilocularis,
940 3380 1108 3427 abortu
1141 3396 1520 3444 monospelmus,
1563 3381 1742 3437 siccus,
1790 3377 1925 3426 inde-

99 3450 310 3507 hiscens,
359 3466 402 3497 v.
437 3452 572 3513 apice
606 3451 893 3514 incomplete
931 3451 1150 3509 hivalvis,
1198 3469 1320 3499 nunc
1362 3452 1438 3498 bi·
1451 3450 1828 3511 multilocularis,
1876 3457 1926 3496 et

99 3529 209 3568 tunc
241 3538 284 3568 v.
317 3522 610 3584 eapsulare's,
643 3522 779 3586 apice
811 3521 1066 3570 loculicide
1099 3531 1179 3569 aut
1209 3521 1438 3587 septicide
1470 3522 1748 3581 dehiscens,
1781 3537 1925 3586 quan-
