2147 3756
960 92 1039 141 99

823 171 871 176 -,--
880 172 898 175 Α
924 173 935 175 -
959 169 1172 177 ,ῃ-ῳὴ--ῌ

87 269 174 305 dem
204 269 298 303 ante
327 263 529 311 perigonii
557 264 739 302 lacinias
770 265 985 302 interiores
1015 265 1099 302 situ
1129 264 1330 303 facillime
1359 264 1683 312 distinguendis,
1716 266 1916 303 affinitate

83 325 264 361 naturali
281 324 436 359 arctius
454 323 609 359 accedit
626 325 678 359 ad
694 323 934 369 OrchideaS,
967 323 1188 359 staminum
1209 323 1504 366 suppressione
1516 323 1684 366 partiali
1701 326 1916 361 eorundem

84 390 175 418 cum
190 383 389 424 stylorum
407 383 598 416 columna
615 380 832 416 coalitione
850 383 885 415 et
904 380 1084 424 germine
1101 380 1347 415 uniloculari
1363 380 1619 423 potissimum
1637 380 1836 416 diversas.

224 444 652 501 Geographia.
709 451 868 487 Irideae
886 451 927 487 in
942 450 1181 486 universum
1197 450 1238 486 in
1257 450 1492 495 regionibus
1510 451 1796 494 extratropicis
1815 455 1914 487 tem-

80 508 235 552 peratis
266 512 303 543 et,
335 509 602 543 calidioribus
633 507 846 551 utriusque
875 509 1187 551 hemispltaerae
1217 511 1342 543 multo
1367 508 1574 551 copiosius
1599 517 1719 551 quam
1744 508 1785 543 in
1810 517 1916 543 zona

79 565 232 602 torrida
254 569 518 612 generantur,
552 569 664 601 trans
689 566 990 612 capricornum,
1023 565 1222 607 imprimis
1247 565 1288 600 in
1307 566 1450 609 Capite
1471 568 1603 601 bonae
1626 566 1715 607 spei
1736 565 1916 600 maximo

81 632 248 659 numero
273 626 309 657 et
334 622 435 658 miro
460 622 679 658 formarum
702 624 794 658 lusu
820 621 990 666 obviae,
1023 621 1082 657 cis
1108 630 1298 657 cancrum
1324 623 1365 657 in
1390 621 1520 658 veteri
1544 625 1637 658 orbe
1661 622 1917 664 frequentius

79 683 323 725 nascentes,
355 680 461 715 inter
489 679 665 722 tropicos
695 678 737 713 in
767 679 874 714 Asia
904 682 940 713 et
975 678 1124 713 Africa
1152 681 1277 714 multo
1301 688 1422 721 quam
1445 679 1487 714 in
1510 679 1703 715 America
1727 679 1916 715 rariores,

81 738 259 781 Genera,
290 738 470 772 nondum
492 736 596 772 satis
620 735 930 777 circumscripta
954 735 1284 783 characteribus,
1317 736 1493 779 plurima
1518 735 1653 779 Capiti
1676 739 1806 772 bonae
1830 734 1917 778 spei

80 794 246 836 propria
267 796 382 839 sunt,
416 793 615 836 quaedam
637 795 791 827 Novam
811 792 1072 827 Hollandiam
1099 793 1414 836 extratropicam
1437 794 1626 837 nuspiam
1641 785 1917 840 egrediuntur,

81 851 333 892 quorundam
356 850 517 892 species
540 859 612 892 per
628 849 934 884 Australasiam
959 852 993 884 et
1012 849 1243 884 Americam
1259 849 1527 885 antarcticam
1552 851 1784 896 dispersae,
1816 859 1920 884 non-

77 909 284 942 nullorum
299 916 372 950 per
387 906 623 941 Americam
640 915 796 941 omnem
814 906 987 942 diffusae
1004 910 1112 942 sunt.
1151 907 1280 941 Irides
1298 906 1339 941 in
1358 908 1591 950 temperatis
1608 907 1920 950 hemisphaerae

77 963 258 1000 borealis
290 963 550 1010 amphigeae,
584 963 701 998 Croci
724 962 768 997 in
789 965 956 1005 Europa
979 965 1015 997 et
1038 963 1145 998 Asia
1171 966 1395 1006 temperata
1415 964 1615 1000 habitant.
1677 964 1857 1000 Gladioli
1880 966 1920 999 et

79 1020 396 1056 Trichonemata
416 1020 460 1055 in
483 1019 628 1062 Capite
651 1022 780 1055 bonae
802 1019 892 1063 spei
916 1019 1248 1061 frequentissime
1266 1023 1516 1067 crescentes,
1549 1020 1592 1055 in
1609 1021 1774 1065 regione
1791 1021 1921 1056 medi-

80 1080 270 1113 terranea
293 1081 329 1113 et
345 1078 509 1120 Europa
524 1077 660 1112 media
675 1086 796 1119 parce
814 1076 1086 1119 reperiuntur.
1146 1077 1395 1120 Capensium
1413 1087 1606 1121 generum
1623 1077 1785 1120 species
1801 1080 1921 1113 nulla

78 1133 123 1169 in
139 1134 333 1170 America
355 1137 391 1169 et
408 1136 524 1169 Nova
540 1133 764 1169 Hollandia
787 1137 948 1176 reperta
971 1132 1061 1169 fuit.
1121 1134 1316 1170 America
1332 1134 1800 1171 boreali-occidentalis
1818 1143 1920 1172 suas

81 1189 235 1227 formas
252 1192 338 1227 alit.
396 1190 620 1226 Pardanthi
635 1191 784 1226 Asiam
802 1190 999 1234 tropicam
1015 1190 1216 1226 incolunt.

251 1255 616 1308 &ualitates
649 1265 688 1296 et
717 1267 888 1300 usus.
946 1261 1173 1297 Iridearum
1204 1261 1433 1298 rliizomata
1462 1263 1652 1298 tuberosa
1682 1271 1722 1299 v.
1745 1263 1924 1298 bulbosa

81 1316 280 1362 qualitate
308 1320 352 1354 in
376 1330 422 1355 eo
447 1319 713 1365 conveniunt,
747 1320 852 1361 quod
881 1318 924 1354 in
955 1327 1107 1362 magua
1137 1318 1266 1361 amyli
1296 1318 1418 1362 copia
1439 1316 1699 1356 substantiae
1721 1321 1924 1355 sebaceae

82 1376 192 1412 acris
223 1379 261 1412 et
290 1376 369 1411 olei
400 1375 599 1423 aetherei,
632 1376 858 1418 peculiaris
888 1378 930 1410 ut
960 1376 1124 1411 videtur
1146 1375 1317 1422 indolis,
1350 1376 1544 1421 exiguam
1574 1376 1799 1418 portionem
1823 1385 1923 1412 con-

78 1432 255 1479 tineant,
288 1433 356 1468 cui
377 1434 567 1469 virtutem
593 1433 873 1469 stimulantem
888 1434 1088 1468 nonnulla
1104 1433 1269 1480 debent,
1299 1433 1503 1476 imprimis
1519 1433 1766 1469 membranis
1784 1442 1926 1469 muco·-

79 1490 138 1530 sis
165 1490 358 1536 amicam,
391 1490 476 1526 alia
499 1489 706 1525 acredinis
731 1490 815 1525 fere
840 1489 1025 1532 expertia
1051 1499 1089 1526 v.
1108 1490 1293 1526 coctione
1308 1494 1377 1526 aut
1397 1490 1621 1526 siccatione
1637 1491 1825 1534 mitigata
1839 1491 1925 1527 sint

78 1549 312 1594 esculenta,
345 1551 384 1582 et
413 1548 520 1583 inter
548 1546 774 1582 medicinas
803 1546 1130 1590 mucilaginosas
1162 1549 1341 1582 habeant
1364 1549 1511 1582 locum.
1571 1548 1708 1582 Herba
1741 1547 1922 1584 omnium

78 1603 241 1639 inutilis
264 1608 339 1640 est.
399 1604 602 1647 Stigmata
620 1604 857 1650 Crocorum,
891 1605 979 1638 oleo
996 1605 1184 1639 aethereo
1202 1604 1342 1650 gravi,
1363 1605 1480 1646 squod
1498 1603 1643 1640 fauces
1661 1614 1752 1639 cum
1769 1604 1923 1640 amari-

78 1661 218 1696 tudine
240 1661 339 1707 urit,
372 1665 411 1696 et
433 1660 634 1704 principio
660 1663 866 1695 colorante
887 1659 1092 1703 peculiari
1117 1659 1319 1703 [Crocina
1342 1670 1375 1696 s.
1400 1659 1686 1704 Polychroite]
1712 1661 1840 1706 foeta,
1873 1664 1923 1697 ob

76 1718 271 1754 virtutem
287 1718 539 1761 singularem
552 1744 561 1762 ,
591 1726 668 1759 quo
685 1717 812 1752 vitam
830 1716 1075 1752 sensifer-am
1093 1716 1296 1763 excitant,
1330 1726 1407 1760 quo
1424 1717 1668 1762 sanguinem
1685 1721 1721 1753 et
1739 1721 1925 1760 systema

79 1774 359 1818 sanguiferum
381 1774 629 1820 sollicitant,
661 1783 743 1808 non
770 1773 910 1817 exigui
934 1774 1041 1816 apud
1059 1773 1240 1809 medicos
1256 1773 1454 1820 nominis,
1485 1774 1625 1818 magni
1641 1774 1764 1810 etiam
1780 1774 1824 1811 in
1840 1775 1926 1812 tin-

79 1833 210 1878 gendo
226 1841 328 1867 usus
345 1834 454 1867 sunt.
512 1831 779 1873 Reliquarum
796 1831 992 1874 stigmata
1006 1833 1130 1873 plane
1148 1831 1291 1867 effoeta
1308 1834 1416 1866 sunt.

219 1890 330 1924 Inter
344 1888 502 1924 Irideas
517 1887 744 1923 officinales
763 1884 913 1921 Radix
929 1885 1053 1921 Ireos
1064 1912 1074 1932 ,
1101 1887 1191 1923 sive
1207 1888 1436 1923 rhizomata
1453 1884 1861 1935 Iroe'de'sflorentz’nae
1875 1890 1925 1932 L.
1954 1892 1959 1901 ¹

82 1945 231 1991 [vulgo
246 1944 615 1992 Veilchenwurz],
645 1944 687 1979 in
704 1945 870 1988 Europa
885 1945 1061 1980 australi
1075 1945 1311 1992 nascentis,
1333 1945 1559 1989 principem
1576 1948 1708 1981 locum
1726 1946 1924 1994 obtinent,

81 2002 265 2039 recentia
293 2002 578 2038 vehementius
607 2005 803 2047 purgant,
841 2002 957 2037 sicca
986 2001 1136 2037 leniter
1165 2002 1404 2050 stimulant,
1442 2005 1702 2039 membranas
1732 2012 1926 2039 mucosas

79 2060 277 2107 incitant,
309 2058 456 2095 Violae
481 2060 601 2094 odore
623 2058 890 2095 suavissima.
952 2059 1087 2101 Hujus
1112 2061 1201 2094 loco
1226 2062 1368 2095 tubera
1389 2059 1593 2096 radicalia
1619 2058 1653 2095 I.
1665 2058 1859 2106 pallidae
1875 2062 1923 2097 L.

79 2121 117 2154 et
137 2115 174 2150 I.
189 2115 466 2163 germanicae
483 2117 528 2151 L.
556 2108 717 2161 {Radix
733 2116 855 2152 Iridis
871 2115 1068 2151 nostratis
1086 2114 1221 2159 (istie.)
1240 2115 1469 2159 specierum
1485 2117 1613 2152 latius
1631 2127 1702 2160 per
1716 2119 1925 2161 Europam

83 2173 376 2219 crescentium,
407 2173 451 2208 in
474 2172 649 2208 officinis
674 2172 834 2208 servari
857 2176 895 2208 et
920 2181 944 2208 a
961 2173 1131 2208 medicis
1147 2173 1331 2208 adhiberi
1351 2175 1497 2210 solent.
1556 2172 1691 2209 Iridis
1708 2175 1925 2209 cristatae

79 2231 166 2268 Ait.
191 2230 422 2274 virginicae
445 2232 588 2265 tubera
612 2233 806 2277 purgant,
841 2240 863 2265 6
884 2228 1048 2265 floribus
1065 2230 1108 2265 in
1125 2229 1320 2265 America
1336 2230 1490 2266 boreali
1507 2232 1610 2274 Syru
1619 2242 1695 2274 pus
1711 2232 1926 2268 Violarum

77 2291 260 2332 paratur.
318 2287 509 2323 Aliarum
532 2287 761 2330 specierum
786 2286 948 2322 radices
973 2289 1021 2322 ob
1046 2287 1157 2323 vires
1174 2287 1391 2335 emetieas,
1424 2292 1668 2335 purgantes,
1700 2288 1926 2326 diureticas

82 2345 180 2381 olim
203 2348 448 2391 usurpatae,
481 2343 633 2379 exoleti
655 2344 775 2379 hodie
800 2353 903 2379 usus
927 2347 1035 2379 sunt.
1094 2345 1152 2379 Es
1177 2344 1242 2379 his
1265 2342 1357 2379 Iris
1382 2342 1707 2380 Pseudoaeorus
1723 2347 1770 2381 L.
1796 2346 1925 2381 nomi·

80 2403 219 2437 nanda
242 2404 324 2447 est,
355 2401 545 2446 vulgaris
561 2401 756 2444 paludum
775 2401 1018 2436 nostratium
1034 2403 1203 2447 hospes,
1236 2403 1354 2445 quus
1373 2405 1517 2438 tubera
1534 2401 1678 2446 (radix
1693 2403 1819 2438 Acori
1834 2405 1925 2439 vul-

79 2458 192 2504 garis
215 2467 256 2494 v.
281 2458 481 2501 palustris
513 2468 546 2494 s.
569 2458 824 2494 Pseudacori
846 2457 984 2502 Offic.)
1009 2458 1105 2493 olim
1129 2458 1173 2493 in
1195 2460 1376 2502 hydrope
1400 2461 1700 2508 commendata,
1730 2461 1922 2503 majorem

81 2515 339 2552 substantiae
362 2515 656 2560 adstringentis
682 2515 908 2557 portionem
925 2514 1155 2561 continent,
1187 2516 1349 2552 semina
1364 2516 1470 2552 inter
1486 2514 1647 2553 Coffeae
1663 2518 1926 2553 succedanea

79 2573 315 2607 laudantur.
380 2570 466 2606 Iris
493 2569 725 2605 versicolor
748 2573 795 2608 L.
820 2575 858 2607 et
883 2569 974 2606 Iris
992 2569 1202 2618 m‘rgv'm‘ca
1217 2575 1263 2608 L.
1292 2582 1318 2610 a
1332 2573 1516 2609 boreali·
1530 2574 1777 2610 americanis
1793 2574 1836 2609 in
1854 2583 1925 2610 sa·-

80 2630 220 2670 nanda
242 2629 423 2671 hydrope
446 2632 710 2672 usurpantur.
769 2626 859 2663 Iris
876 2626 1052 2663 sv’birz'ca
1067 2631 1114 2665 L.
1138 2629 1183 2665 in
1197 2630 1304 2666 Asia
1325 2631 1484 2666 boreali
1499 2631 1605 2666 inter
1620 2631 1798 2666 remedia
1816 2631 1926 2666 anti-

81 2685 324 2728 syphilitica
352 2687 537 2720 habetur.
599 2682 731 2719 Iridis
744 2683 1071 2734 foetidz’ssz’mae
1093 2688 1140 2722 L.
1164 2687 1287 2722 radix
1308 2685 1471 2729 (Radix
1492 2690 1719 2731 Spathulae
1746 2687 1925 2723 foetidae

80 2751 113 2777 s.
130 2742 270 2777 Radix
284 2741 476 2789 Xyridis,
507 2736 625 2791 ξυρὶς
641 2741 804 2786 Diosc.]
829 2743 938 2785 apud
963 2745 1125 2778 veteres
1141 2742 1184 2778 in
1202 2743 1403 2779 sanandis
1418 2744 1639 2786 hystericis
1655 2744 1925 2787 passionibus

82 2802 120 2834 et
150 2798 192 2834 in
224 2799 419 2834 curandis
449 2798 682 2842 scrophulis
713 2808 794 2834 non
825 2799 1060 2835 incelebris.
1120 2799 1388 2846 Sisyrinchii,
1418 2800 1634 2836 Ferrariae
1656 2804 1694 2836 et
1716 2801 1925 2837 Libertiae

80 2855 241 2899 species
253 2853 581 2898 (Sisyrinchium
598 2855 856 2900 galaxioides
868 2856 1049 2902 Gomez.;
1079 2855 1274 2892 Ferraria
1290 2864 1470 2900 purgans
1482 2860 1624 2903 Mart.;
1652 2858 1927 2893 I.cathartica

80 2915 222 2958 Mart.;
243 2911 428 2950 Libertia
443 2911 620 2963 isioides
630 2911 745 2956 Spr.)
768 2912 1014 2948 inAmerica
1031 2913 1208 2948 australi
1224 2913 1331 2949 inter
1346 2913 1526 2950 remedia
1539 2913 1689 2950 leniter
1704 2911 1926 2959 purgantia

81 2973 120 3004 et
135 2968 338 3004 diuretica
353 2973 632 3006 recensentur.
691 2966 945 3004 Par-danem·
958 2966 1170 3004 ch2·nensz·s
1185 2971 1279 3006 Ker.
1298 2968 1622 3020 (Belemcanda)
1646 2974 1693 3007 ob
1711 2971 1823 3007 vires
1840 2973 1926 3007 sol-

79 3029 223 3062 ventes
240 3029 279 3061 et
295 3025 526 3069 aperientes
543 3027 649 3070 apud
664 3028 787 3062 Indos
805 3035 922 3063 usus.
985 3023 1211 3062 Gladiolus
1228 3026 1456 3062 eommunis
1472 3029 1519 3063 L.
1540 3026 1701 3070 (Radix
1715 3028 1926 3064 Victoria-

80 3081 134 3118 lis
165 3082 387 3127 rotundae]
417 3082 526 3119 inter
553 3086 779 3127 pharmaca
808 3083 1099 3126 superstitiosa
1128 3084 1328 3122 famosus.
1405 3082 1629 3120 Gladz'olus
1659 3088 1844 3132 segetum
1876 3084 1924 3122 L.

81 3138 232 3182 priscis
248 3139 420 3175 medicis
437 3140 754 3183 aphrodisiacus
773 3149 1088 3184 emmenagogus
1106 3142 1293 3177 creditur.
1791 3182 1802 3193 .

229 3193 358 3231 Croci
391 3195 529 3230 satim·
558 3198 607 3234 L.
647 3197 693 3233 in
729 3199 896 3240 Europa
936 3197 1112 3233 australi
1149 3201 1188 3234 et
1218 3199 1381 3234 Oriente
1417 3202 1560 3243 sponte
1590 3207 1668 3235 sua
1698 3199 1925 3236 crescentis

83 3250 278 3296 stigmata
300 3250 323 3295 s,
325 3254 448 3296 vulgo
471 3253 624 3290 Safran
648 3263 701 3290 ex
723 3254 890 3290 arabico
914 3252 1096 3299 Zafran)
1120 3254 1166 3290 in
1188 3248 1364 3291 officinis
1380 3258 1613 3293 servantur.
1671 3255 1925 3299 Frequentes

82 3309 125 3344 in
151 3309 290 3344 Gallia
312 3313 350 3345 et
364 3309 494 3348 ,Italia
518 3313 688 3354 plantae
711 3310 1012 3354 pulcherrimae
1034 3311 1138 3354 agri.
1197 3312 1402 3355 Optimum
1423 3322 1478 3349 ex
1499 3307 1663 3348 Oriente
1683 3314 1924 3349 commercio

84 3366 291 3401 advehunt
317 3366 486 3402 Crocum
497 3393 507 3413 ,
538 3376 683 3410 parum
700 3376 724 3403 a
741 3367 893 3404 nostris
910 3368 1238 3411 pharmacopolis
1255 3369 1475 3413 expetitum
1487 3396 1497 3416 ,
1529 3378 1620 3405 cum
1636 3369 1709 3406 vix
1725 3366 1925 3413 qualitate

37 3456 46 3460 -
83 3425 248 3465 superet
276 3422 416 3468 illum,
447 3431 569 3466 quam
599 3424 760 3461 difficili
785 3427 948 3461 cultura
969 3435 1042 3468 per
1061 3425 1276 3462 Austriam
1297 3426 1481 3462 obtinent
1503 3426 1664 3462 rustici.
1723 3427 1926 3471 Stigmata

84 3478 260 3516 aliarum
285 3478 403 3516 Croci
427 3480 678 3530 specierum,
711 3490 883 3524 quarum
908 3490 990 3518 non
1015 3482 1190 3526 exiguus
1206 3482 1250 3519 in
1266 3479 1746 3528 regione'mediterranea
1762 3483 1924 3521 etAsia

1497 3547 1571 3602 7*
