2147 3756
969 115 1089 162 509

281 280 326 325 f.
351 278 587 313 Scorodonia
603 255 743 314 Reium.
1223 279 1259 313 b.
1286 275 1558 322 chamaepitys
1580 279 1769 324 Toumef.

1374 320 1637 354 Phleboanthe
1660 323 1823 356 Tansclt.

289 355 328 387 g·
355 343 554 376 semmam
570 341 708 376 Βοιώ·
1220 372 1251 395 c.
1276 362 1641 397 Pseudanisomeles
1660 364 1796 398 Reum,

282 404 319 440 7²·
346 405 603 446 Chamaedrys
621 404 767 440 B‘ffl‘h·
1165 414 1289 450 3681.
1320 413 1513 456 cymatia
1529 411 1685 450 Reum.

288 462 314 495 i.
328 461 490 495 ‘Folium
507 460 648 495 Benth.

192 540 206 553 ·
227 527 350 562 3680.
381 527 522 570 Ajuga
539 522 663 560 Lae'nn.
1259 507 1446 549 Genus
1479 506 1717 548 dubium.

282 588 491 645 a.·Bugula
512 588 700 631 Tournef.
1148 581 1286 635 ὲ3682.
1318 583 1550 618 Hoslundia
1572 580 1697 620 Vahl.

252 675 576 720 AffinitaS·
634 682 835 718 Labiatae
851 685 969 716 caule
988 684 1208 725 tetragonm
1234 680 1346 716 foliis
1364 682 1581 728 oppositis,
1613 683 1823 726 glandulis
1839 685 1941 719 olei-

115 738 214 775 reris
232 738 467 784 instructis,
500 740 594 774 flore
611 739 847 784 irregulari,
881 737 1125 772 staminibus
1144 741 1315 779 quatuor
1332 739 1562 781 didynamis
1584 749 1623 774 v.
1642 741 1818 785 duobus,
1849 750 1940 784 ger--

113 796 221 832 mine
240 796 475 838 quadrilobo
492 800 526 830 et
544 795 759 839 gemmulis
777 794 923 830 erectis
948 793 1285 828 distinetissimae
1310 800 1416 829 sunt.
1475 796 1668 831 Proxima
1690 800 1752 832 est
1775 797 1941 833 illarum

113 862 204 888 cum
228 851 505 887 Verbenaceis
536 856 574 886 et
597 850 863 893 Asperifoliis
895 850 1092 885 affinitas.
1148 850 1438 886 Verbenaceae
1469 852 1596 897 facie,
1629 856 1748 888 caule
1770 854 1940 896 saepius

114 912 344 952 tetragonss,
374 908 562 942 soliorum
578 907 619 941 in
639 907 843 949 plerisque
858 906 1081 941 insertione
1098 907 1304 951 opposita,
1336 908 1515 953 calycis,
1548 912 1724 945 corollae
1740 914 1776 946 et
1795 911 1941 945 stami-

110 974 206 1001 num
238 963 472 998 oeconomia
502 967 540 998 et
565 963 774 998 radiculae
800 963 882 998 situ
905 962 1036 997 infero
1060 972 1150 997 cum
1174 961 1360 998 Labiatis
1386 964 1651 1012 conveniunt,
1682 967 1878 1010 germinis
1900 970 1942 1002 et

110 1021 267 1056 fructus
292 1019 469 1064 fabrica,
502 1022 795 1063 gemmularum
820 1019 861 1054 in
886 1020 1126 1061 quibusdam
1153 1029 1316 1054 numero
1334 1025 1370 1055 et
1387 1022 1428 1054 in
1448 1022 1652 1063 plerisque
1667 1023 1790 1058 etiam
1807 1023 1940 1059 inser-

111 1076 241 1120 tione,
272 1078 561 1120 glandularum
577 1077 836 1111 oleiferarum
855 1076 1013 1111 defectu
1032 1076 1204 1118 deniqne
1222 1079 1271 1111 ab
1290 1076 1374 1110 illis
1392 1077 1591 1112 diversae.
1643 1079 1938 1127 Asperifoliae,

109 1134 236 1170 simili
266 1132 463 1176 germinis
493 1133 814 1168 conformatione
846 1134 1042 1178 donatae,
1089 1132 1200 1167 foliis
1239 1134 1430 1179 alternis,
1477 1133 1797 1182 indm-escentia,
1843 1135 1940 1173 flore

109 1189 311 1235 regulari,
343 1189 561 1225 staminum
580 1199 744 1224 numero
761 1189 967 1235 quinario,
1000 1190 1215 1232 gemmulis
1233 1190 1410 1224 inversis
1437 1194 1471 1224 et
1498 1193 1730 1233 embryonis
1754 1193 1942 1229 radicula

109 1255 262 1288 supera
286 1248 397 1280 nullo
421 1246 580 1289 negotio
605 1247 922 1290 distinguuntur.
984 1246 1191 1280 Remotior
1213 1250 1274 1281 est
1305 1256 1394 1281 cum
1412 1248 1768 1289 scrophularineis
1789 1250 1940 1285 simili-

110 1304 224 1348 tudo,
258 1311 360 1345 quae
376 1302 448 1337 vix
466 1302 546 1336 nisi
572 1305 727 1338 corolla
749 1302 908 1351 labiata
934 1305 971 1337 et
994 1303 1239 1337 staminibus
1265 1302 1496 1344 didynamis
1524 1313 1615 1338 cum
1630 1305 1819 1341 Labiatis
1844 1315 1940 1343 con-

108 1359 344 1403 venientes,
377 1358 548 1401 reliquis
577 1359 684 1395 notis
717 1360 903 1395 omnibus
933 1359 976 1394 in
1008 1364 1163 1395 tantum
1188 1360 1402 1408 recedunt,
1435 1365 1485 1410 ut*
1500 1369 1644 1396 revera
1666 1361 1809 1399 aflines
1831 1364 1942 1399 haud

108 1416 267 1459 possint
283 1415 435 1450 haberi.

251 1480 684 1536 Geographia.
751 1487 952 1524 Labiatae
982 1487 1024 1523 in
1055 1488 1292 1524 universum
1325 1488 1367 1524 in
1397 1489 1526 1524 veteri
1559 1493 1653 1525 orbe
1685 1489 1939 1533 frequentius

111 1551 232 1585 quam
250 1543 292 1578 in
308 1544 502 1578 America
518 1548 735 1579 nascentes
753 1544 1082 1587 frequentissime
1098 1547 1139 1581 in
1163 1546 1449 1587 hemisphaera
1470 1547 1647 1592 boreali,
1679 1547 1784 1583 inter
1805 1543 1880 1582 40ο
1900 1552 1940 1583 et

110 1595 184 1634 50⁰
200 1601 245 1634 L.
265 1601 308 1634 B.
328 1606 594 1644 generantur,
627 1610 792 1636 numero
810 1601 913 1638 inter
936 1602 1111 1644 tropicos
1136 1607 1171 1637 et
1194 1612 1338 1637 versus
1365 1601 1500 1645 poluln
1522 1603 1746 1639 imminuto.
1806 1605 1939 1640 Trans

110 1656 392 1698 capricornum
432 1665 551 1693 rarae
587 1658 794 1703 habitant,
842 1670 863 1693 e
892 1658 1182 1704 ,frigidissimis
1219 1660 1429 1700 utriusque
1460 1659 1749 1702 hemisphaerii
1781 1663 1938 1697 exules.

106 1713 275 1747 Paucae
299 1713 459 1754 species
476 1723 547 1756 per
563 1715 767 1755 Europam
788 1723 942 1750 omnem
962 1717 1154 1757 vulgares
1170 1715 1212 1750 in
1229 1716 1444 1759 Lapponia
1460 1716 1658 1752 habitant.
1716 1718 1939 1755 Australa-

109 1768 222 1805 sicae
242 1771 462 1812 pleraeque
479 1771 888 1806 Prostantherearum
905 1771 1054 1806 tribum
1072 1772 1292 1808 efformant.

250 1833 613 1884 &ualitates
640 1844 678 1876 et
701 1847 871 1880 usus·
932 1842 1118 1885 Qualitas
1136 1843 1401 1878 Labiatarum
1426 1853 1478 1878 ex
1494 1845 1582 1879 oleo
1600 1845 1806 1893 aethereo,
1839 1847 1938 1881 sub-

109 1896 265 1934 stantia
281 1897 510 1933 extractis-a
526 1906 667 1933 amara
685 1901 722 1933 et
739 1908 760 1933 e
777 1899 916 1934 resina
932 1908 1094 1945 amara,
1125 1899 1168 1934 in
1187 1900 1394 1942 plerisque
1411 1910 1502 1936 cum
1520 1901 1635 1936 acido
1651 1901 1940 1938 mimotannico

107 1954 343 2002 conjuncta,
375 1955 543 1999 pendet,
576 1959 611 1990 et
630 1955 927 1998 nonnisijuxta
944 1956 1147 1991 diversam
1165 1957 1336 1991 istarum
1352 1957 1393 1991 in
1410 1957 1540 1992 variis
1556 1957 1773 2000 speciebus
1791 1957 1940 1994 misce-

107 2012 192 2046 lam
215 2011 352 2056 varia,
382 2003 613 2046 'naturalem
639 2021 832 2055 generum
855 2012 1095 2048 affinitatem
1112 2015 1187 2048 sub
1205 2016 1280 2048 hoc
1297 2014 1436 2049 ordine
1451 2014 1714 2050 militantium
1729 2017 1939 2051 luculento

110 2066 340 2102 testimonio
357 2068 577 2103 confirmat.
624 2069 720 2103 Oleo
739 2071 945 2115 aethereo,
977 2069 1019 2104 in
1037 2070 1245 2112 plerisque
1262 2078 1430 2106 amoeno
1448 2071 1490 2105 in
1507 2070 1652 2113 paucis
1670 2073 1936 2117 graveolenti‚

109 2125 215 2166 quod
232 2125 283 2159 ad
299 2133 422 2160 unam
440 2133 579 2159 omnes
596 2124 639 2160 in
655 2126 866 2168 glandulis
883 2126 1058 2170 propriis
1073 2129 1150 2161 sub
1175 2127 1422 2169 epidermide
1445 2127 1623 2171 partium
1647 2130 1941 2165 herbacearum

108 2179 201 2216 sitis
231 2185 396 2226 gerunt,
433 2181 625 2217 virtutem
656 2182 858 2224 plurimae
888 2183 1034 2218 debent
1063 2192 1163 2226 pure
1193 2185 1479 2230 aromaticam,
1512 2184 1622 2219 aliae
1651 2186 1939 2221 accedentibus

107 2245 237 2279 aequo
252 2238 428 2280 pondere
444 2238 690 2273 substantiis
707 2239 859 2274 amaris
877 2240 1305 2276 aromatico-amarae
1321 2245 1437 2285 sunt,
1469 2241 1512 2276 in
1535 2242 1700 2287 paucis,
1735 2245 1889 2277 retruso
1913 2251 1940 2277 a

106 2293 248 2329 resina
275 2294 478 2337 principio
509 2303 646 2330 amaro
677 2299 714 2330 et
746 2295 864 2331 acido
888 2299 976 2332 oleo
1000 2299 1207 2343 aethereo,
1239 2298 1304 2333 vis
1335 2298 1773 2345 amaro-adstringens
1803 2299 1939 2341 purior

106 2349 268 2386 emicat.
325 2351 609 2397 Aromaticae‚
637 2353 760 2394 juxta
790 2353 997 2389 diversam
1020 2354 1289 2399 stearopteni,
1322 2355 1427 2396 quod
1452 2357 1584 2390 oleum
1608 2355 1773 2390 illarum
1799 2358 1939 2391 aethe-

107 2415 219 2442 reum
243 2407 439 2454 continet,
471 2407 647 2444 indolem
671 2409 927 2452 aliquomodo
950 2410 1116 2456 variae,
1148 2411 1295 2453 partim
1319 2405 1426 2446 inter
1453 2412 1635 2447 ciborum
1666 2412 1935 2459 condimenta,

106 2462 212 2499 inter
234 2465 377 2500 odores
402 2468 440 2499 et
463 2464 696 2500 suffimenta
720 2466 982 2513 adhibentur,
1014 2468 1160 2509 partim
1186 2468 1304 2510 aquis
1328 2469 1543 2503 medicatis
1560 2469 1856 2511 praeparandis
1872 2468 1937 2504 in-

109 2519 313 2565 serviunt,
359 2523 583 2556 nonnullae
613 2521 733 2557 etiam
761 2524 867 2558 inter
895 2527 1053 2567 legales
1090 2525 1317 2560 medicinas
1354 2529 1631 2561 numerantur.
1705 2525 1939 2563 purissima

108 2576 303 2612 aromatis
327 2576 393 2611 vis
418 2577 460 2612 in
484 2578 684 2623 Menthis,
717 2581 891 2625 Thymo,
925 2581 1082 2627 ocimo,
1115 2581 1320 2627 Melissis,
1361 2582 1539 2624 aliisque
1562 2581 1601 2616 id
1627 2591 1757 2625 genus
1780 2582 1936 2626 plantis

108 2632 276 2677 emicat,
310 2641 478 2674 quarum
497 2634 602 2668 inter
618 2635 796 2670 remedia
818 2636 1076 2672 stimulantia
1103 2637 1292 2680 frequens
1315 2638 1354 2673 fit
1379 2647 1494 2674 usus.
1553 2635 1755 2672 Menthae
1770 2638 1936 2684 piperi-

109 2692 180 2723 tae
195 2690 324 2724 Huds.
344 2689 384 2724 in
401 2690 554 2733 Anglia
570 2695 712 2732 sponte
729 2693 936 2727 nascentis
948 2719 958 2739 ,
989 2694 1176 2736 vulgaris
1193 2696 1394 2729 hortorum
1410 2693 1606 2740 hospitis,
1631 2695 1826 2737 primaria
1842 2697 1936 2731 laus

107 2749 191 2790 est,
223 2745 354 2781 minor
379 2750 442 2781 est
464 2744 668 2780 Meathae
692 2745 840 2781 viridis
863 2749 981 2784 Linn.
1007 2747 1225 2791 [menthae
1247 2755 1393 2786 acutae
1417 2760 1449 2786 s.
1475 2746 1682 2787 Romanae
1710 2761 1750 2788 v.
1775 2751 1937 2788 sativae

107 2801 246 2846 Offic.)
274 2802 419 2838 fervor.
479 2805 575 2839 Oleo
600 2807 787 2839 aethereo
811 2805 1057 2848 principium
1085 2806 1314 2842 resinosum
1340 2807 1572 2842 amaricans
1601 2810 1771 2849 nuptum
1801 2812 1875 2845 est.
1893 2808 1937 2844 in

90 2855 287 2905 ‚Mentha
321 2859 466 2904 crispa
495 2860 638 2907 Lirin„
678 2862 797 2903 cujus
827 2861 1018 2898 virtutem
1048 2863 1328 2898 stimulantem
1358 2864 1558 2906 plurimae
1588 2863 1770 2911 species,
1808 2860 1939 2900 multa

79 2905 86 2910 ⁸
105 2915 324 2951 formarum
340 2917 540 2952 varietate
556 2917 599 2952 in
615 2918 793 2952 humidis
810 2923 848 2953 et
869 2919 1082 2961 paludosis
1099 2921 1288 2962 Europae
1312 2920 1470 2955 mediae
1494 2924 1532 2954 et
1554 2921 1751 2956 australis
1774 2921 1934 2968 obviae,

107 2969 379 3014 aemulantur.
438 2970 618 3008 Mentha
640 2972 864 3020 syl-cestris
886 2976 1006 3010 Linn.
1033 2975 1112 3019 (Μ.
1136 2977 1355 3019 sylvestris
1379 2986 1417 3012 se
1439 2976 1590 3019 equina
1612 2977 1720 3012 alias
1744 2980 1935 3014 Mentha-

107 3031 234 3065 strum
265 3027 424 3075 Ostia),
457 3027 636 3063 Mentha
666 3030 875 3077 aquatica
903 3033 1023 3068 Linn.
1057 3031 1319 3075 (Balsamum
1352 3035 1534 3076 palustre
1564 3033 1724 3078 Offic.]‚
1757 3031 1936 3068 Mentha

104 3082 276 3130 gentilis
291 3085 411 3122 Linn.
430 3085 622 3130 (Mentha
637 3089 873 3124 balsamina
889 3088 1026 3133 Offic.)
1043 3117 1053 3136 ‚
1085 3087 1263 3123 Mentha
1287 3089 1432 3124 salica
1455 3090 1575 3126 Linn.
1603 3094 1641 3125 et
1664 3087 1841 3124 Mentha
1863 3100 1936 3124 ro-

108 3138 340 3188 tmedq'folia
349 3142 670 3186 Linn.(ll1entha
687 3147 782 3180 alba
795 3144 931 3188 Offic.)
948 3156 1000 3181 ex
1016 3146 1186 3182 istarum
1203 3156 1369 3182 numero
1385 3150 1494 3182 sunt.
1529 3144 1742 3192 pulegium
1761 3145 1937 3194 vulgare

105 3198 213 3233 Mill.
231 3195 424 3239 (Mentha
439 3200 652 3243 Pulegium
668 3201 814 3244 Linn.)
839 3207 877 3236 et
895 3200 1066 3237 Preslia
1083 3201 1258 3238 cervina
1273 3205 1440 3238 Fresen.
1465 3201 1705 3247 (Pulegiunr
1723 3205 1936 3241 cervinum

106 3252 246 3297 (mic.)
265 3253 462 3290 affinitate
480 3258 518 3291 et
533 3256 764 3307 virtute—his
783 3259 963 3301 proxime
979 3261 1189 3295 accedunt.
1255 3257 1408 3305 Thyna·
1427 3259 1587 3302 species
1609 3261 1809 3303 plurimae
1831 3261 1938 3297 inter

108 3310 290 3346 ciborum
320 3311 578 3348 condimenta
606 3315 645 3349 et
670 3314 896 3350 medicinas
919 3317 1164 3352 aromaticas
1187 3316 1446 3352 stimulantes
1471 3316 1550 3352 olei
1571 3317 1751 3352 aetherei
1775 3317 1937 3354 fervore

108 3368 454 3404 commendantur.
521 3365 704 3415 Thymas
724 3367 959 3416 Serpyllum
980 3373 1101 3409 Linn.
1127 3373 1352 3417 (Quende1‚
1385 3374 1522 3408 Herba
1537 3373 1717 3416 serpylli
1732 3372 1869 3418 Offic.)
1896 3377 1936 3410 et

115 3420 301 3470 Thymus
318 3422 511 3470 vulgaris
527 3426 647 3462 Linn.
672 3425 918 3470 (romischer
934 3430 1116 3472 Quendel
1128 3456 1138 3476 ,
1170 3431 1307 3465 Herba
1323 3429 1469 3472 'rhymi
1486 3428 1624 3474 Ostia.)
1648 3439 1670 3465 e
1685 3431 1936 3467 nostratibus
1953 3427 1956 3430 ’

111 3478 156 3516 in
177 3480 350 3517 officinis
368 3483 582 3518 habentur.
646 3479 850 3529 Thyniam
867 3484 1103 3532 capitatum
1121 3486 1242 3523 Link.
1261 3486 1459 3528 [Herbam
1477 3485 1623 3529 'thymi
1640 3480 1781 3524 cretici
1796 3486 1935 3532 offic.)
