2147 3756
937 104 1054 155 545

424 316 593 363 ordo
624 312 1570 365 ccxxlll.1'amariseineae.

225 417 423 468 Herbae
455 419 810 476 suffiuticosae,
838 416 1058 482 fruteces
1086 434 1129 466 v.
1166 417 1474 465 arbusculae.
1537 419 1680 467 Folea
1710 419 1907 482 alterna,

86 481 292 548 sessilia,
339 491 543 548 minuta,
591 490 948 547 subimbricata,
997 489 1373 547 carnosiuscula‚
1421 488 1653 536 interdum
1685 494 1912 556 amplexi-

87 562 262 619 cantia,
309 562 640 625 integerrima,
696 577 841 626 saepe
886 561 1147 624 impresso-
1159 568 1404 623 punctata,
1457 560 1732 625 plerumque
1780 564 1911 625 glau-

87 633 353 690 cescentia,
411 633 708 696 exstipulata.
795 633 967 679 Flores
1010 631 1237 694 perfecti,
1286 631 1553 694 regulares,
1602 633 1648 679 in
1693 649 1911 683 racemos

85 705 316 767 spicatos,
351 704 552 751 ramulos
586 704 890 750 terminantes
923 701 1160 765 dispositi,
1193 701 1442 764 pedit-,eliis
1474 702 1669 752 bractea
1694 705 1910 753 suffultis.

85 774 180 822 albi
226 792 269 821 v.
318 776 462 823 rosei.
549 776 705 836 Calyoe
750 774 894 831 liber,
939 773 1223 835 persistens,
1269 773 1626 837 pentaphyllus,
1673 791 1719 823 v.
1756 777 1912 824 rarius

86 846 420 909 tetraphyilus,
468 845 645 891 foliolis
684 843 966 900 imbricatiS,
1013 843 1276 901 biseriatis,
1325 843 1556 892 interdum
1595 845 1697 894 basi
1736 848 1914 895 cohae-

84 918 315 964 rentibus.
399 916 628 962 Corollae
659 915 817 977 petala
858 914 1084 978 quinque,
1133 916 1439 978 receptaculo
1480 916 1682 976 inserta,
1731 919 1912 983 calycis

84 987 261 1034 foliolis
306 985 514 1043 alterna,
565 985 878 1032 aestivatione
926 984 1198 1042 imbricata,
1246 988 1608 1053 marcescentia.
1689 990 1914 1038 Stamina

83 1058 251 1123 petalis
283 1073 477 1104 numero
510 1057 727 1120 aequalia
759 1065 806 1103 et
836 1056 1018 1102 alterna
1048 1072 1090 1102 v.
1127 1055 1287 1119 dupla,
1323 1056 1444 1102 nunc
1479 1056 1599 1105 disci
1634 1075 1659 1105 e
1692 1070 1914 1124 recepta-

86 1129 192 1177 culo
233 1129 324 1175 orti
364 1129 564 1191 margini
603 1128 803 1184 inserta,
852 1127 1050 1190 geminis
1091 1126 1303 1189 ejusdem
1344 1126 1558 1175 dentibus
1597 1129 1697 1177 basi
1744 1133 1913 1196 stipata

86 1209 135 1252 et
173 1200 347 1259 libera,
396 1216 518 1246 nunc
558 1197 862 1246 immediatim
901 1198 1207 1261 receptaculo
1248 1199 1491 1261 imposita,
1523 1200 1800 1262 filamentz's
1843 1204 1913 1250 in-

86 1275 222 1321 ferne
250 1275 295 1320 in
321 1272 477 1321 tubum
505 1271 915 1320 membranaceum
941 1270 1150 1327 coalitis,
1186 1285 1390 1332 superne
1416 1269 1595 1317 liberis.
1653 1275 1913 1322 Antherae

83 1346 346 1403 introrsae,
396 1344 706 1404 biioculares,
755 1342 897 1390 dorso
931 1357 1071 1406 supra
1100 1340 1248 1389 basim
1281 1342 1514 1399 insertae,
1563 1342 1730 1391 loculis
1768 1361 1914 1409 appo-

84 1417 209 1474 sitis,
271 1415 679 1479 longitudinaliter
724 1413 1094 1463 dehiscentibus.
1188 1414 1389 1460 Germen
1437 1412 1661 1473 liberum,
1723 1418 1911 1475 sessile,

84 1489 360 1551 saepissime
392 1488 652 1550 trigonum,
693 1503 719 1534 e
753 1487 1070 1551 carpophyllis
1101 1485 1272 1544 tribus,
1321 1484 1473 1533 rarius
1505 1484 1686 1533 duobus
1717 1504 1764 1534 v.
1801 1505 1917 1553 qua-

73 1568 194 1606 tuor
229 1559 451 1606 valvatim
500 1559 716 1606 connatis
768 1560 1100 1622 compositum,
1164 1558 1554 1623 trophospermiis
1609 1558 1915 1623 parietalibus

84 1629 505 1694 longitudinalibus
544 1647 587 1677 v.
621 1630 946 1693 supra-basim
987 1629 1443 1693 deliquescentibus,
1494 1648 1597 1680 cum
1637 1633 1809 1681 suturis
1848 1632 1917 1681 ai·-

84 1702 393 1749 ternantibus.
459 1702 730 1749 Gemmzclae
762 1701 1010 1764 plurimae,
1044 1700 1413 1761 adscendenteS,
1447 1712 1724 1768 anatropae.
1788 1706 1924 1770 Style·

84 1773 569 1837 trophospermiorum
615 1788 836 1830 numere,
884 1772 1024 1819 liberi
1068 1789 1112 1819 v.
1159 1774 1398 1821 rarissime
1445 1776 1491 1821 in
1537 1792 1675 1822 unum
1723 1778 1911 1838 coaliti3

83 1846 316 1907 stigmata
363 1843 530 1890 obtusa
575 1859 618 1893 v.
665 1852 914 1890 truncato-
925 1842 1133 1891 dilatata.
1229 1846 1438 1912 Capsula
1483 1847 1812 1908 unilocularis,
1872 1866 1916 1899 v.

83 1915 474 1979 trophospermiis
506 1915 607 1961 basi
639 1914 1023 1979 productioribus
1060 1916 1246 1963 inferne
1286 1916 1518 1964 interdum
1558 1916 1770 1983 pseudo-
1780 1922 1918 1968 trilo-

85 1987 279 2045 cularis,
311 1987 583 2049 saepissime
615 1987 706 2032 tii·
729 1988 881 2033 rarius
913 1985 990 2033 bi·
1001 1985 1338 2050 quadrivalviS,
1369 1989 1514 2036 valvis
1539 1990 1695 2038 medio
1721 1993 1918 2056 tropho-

85 2059 288 2122 spermia
319 2058 476 2121 paullo
509 2073 649 2122 supra
678 2057 828 2104 basim
861 2056 1150 2114 desinentia,
1196 2075 1241 2105 v.
1275 2074 1300 2106 e
1331 2058 1434 2106 basi
1468 2063 1703 2110 crassiore
1735 2080 1917 2112 sursum

86 2128 463 2193 deliquescentia
503 2128 795 2192 gerentibus.
875 2130 1073 2177 Semina
1111 2129 1332 2192 plurima,
1379 2130 1744 2192 adscendentia,
1794 2136 1919 2183 inte-

87 2209 310 2265 gumento
366 2199 755 2260 membranaceo,
814 2197 875 2247 ad
927 2200 1168 2248 chalazam
1223 2201 1451 2264 apicalem
1505 2204 1613 2266 pilis
1667 2206 1916 2266 confertis,

87 2273 263 2320 erectis
310 2272 451 2335 louge
500 2287 833 2336 papposa„v.
880 2271 928 2318 in
973 2280 1177 2319 rostrum
1223 2281 1426 2331 rectum,
1487 2275 1597 2337 pilis
1648 2278 1918 2340 patentibus

84 2343 343 2407 plumosum
375 2342 625 2407 producta.
699 2342 992 2406 Embryom’s
1023 2343 1387 2402 exalbuminosi,
1435 2346 1700 2411 orthotropi
1733 2351 1918 2412 cotyle-

87 2416 236 2463 dones
266 2414 526 2477 oblongae,
575 2413 798 2472 obtusae,
843 2413 1015 2477 plano·
994 2429 1294 2473 -convexae,
1340 2417 1567 2489 radecula
1605 2417 1785 2479 brevis,
1835 2437 1917 2468 co-

86 2486 216 2544 nica,
248 2485 345 2532 hilo
377 2484 567 2533 basilari
597 2486 837 2556 proxima,
867 2484 1036 2534 infera.

860 2603 1144 2640 GENERA.

200 2688 326 2724 5482.
357 2686 584 2731 Myricarta
603 2683 731 2722 Desv.
795 2680 805 2690 ⁶
1137 2689 1262 2725 5484.
1292 2688 1489 2726 Tamarix
1505 2687 1630 2730 Lr’nn.

200 2746 326 2781 5483.
357 2745 608 2781 Trichaurus
626 2741 729 2781 Arn.

228 2835 712 2884 Affinitas100m0
729 2840 943 2890 germinis,
968 2842 1130 2880 fructus
1147 2846 1184 2881 et
1199 2844 1369 2881 seminis
1387 2845 1547 2884 fabrica
1563 2845 1915 2899 distinctissimus‚

86 2898 210 2940 etiam
239 2902 381 2938 habitu
410 2900 610 2948 insignis,
643 2901 738 2937 hinc
768 2900 1044 2937 mediantibus
1075 2902 1411 2939 Reaumuriaceis
1441 2905 1493 2940 ad
1522 2905 1820 2948 Hypericineas
1846 2917 1919 2944 ac·

87 2959 215 3006 cedit,
245 2959 363 2995 illinc
386 2960 440 2995 ad
461 2958 781 3002 Lythrariaceas
802 2958 955 3006 vergit,
986 2967 1013 2994 a
1036 2959 1183 3001 quibus
1206 2959 1407 3002 imprimis
1429 2963 1586 2997 corolla
1609 2965 1648 2998 et
1671 2963 1919 3002 staminibus

87 3017 346 3058 receptaculo
375 3015 565 3062 insertis,
604 3016 719 3052 disco
758 3024 903 3058 nempe
933 3015 1187 3052 staminifero
1219 3025 1245 3052 a
1276 3012 1420 3060 calyce
1449 3018 1599 3064 libero,
1639 3019 1919 3064 distinguitur.

86 3072 292 3107 Remotior
312 3075 375 3108 est
396 3081 486 3109 cum
511 3072 667 3109 ordinis
689 3071 961 3116 parietalibus
984 3073 1266 3122 necessitudo,
1299 3078 1338 3110 et
1360 3075 1502 3118 aliqua
1524 3075 1646 3112 etiam
1663 3085 1754 3113 cum
1769 3078 1921 3123 salici·-
1978 3112 1979 3116 ,

85 3122 180 3165 neis
196 3129 402 3172 analogia.

232 3192 662 3250 Geographia.
721 3200 869 3236 Omnes
893 3197 937 3236 in
959 3200 1089 3237 veteri
1113 3202 1207 3237 orbe
1222 3200 1283 3237 cis
1301 3206 1558 3257 aequatorem
1574 3203 1783 3254 habitant,
1813 3204 1921 3244 inter

89 3251 165 3295 55θ
187 3259 226 3292 et
248 3252 294 3291 5⁰
308 3258 354 3292 L.
379 3258 425 3292 B.
448 3256 650 3292 inclusae.
706 3257 1058 3300 Frequentissime
1081 3257 1124 3298 in
1147 3258 1328 3302 regionis
1350 3260 1671 3296 mediterraneae
1693 3270 1766 3299 ora
1785 3263 1922 3300 orlen-

89 3313 165 3348 tali
195 3316 233 3348 et
259 3313 380 3356 juxta
402 3312 536 3349 Asiae
564 3312 724 3350 mediae
743 3315 865 3350 lacus
886 3318 1134 3363 nascuntur,
1165 3315 1290 3368 etiam
1313 3317 1422 3360 apud
1442 3326 1517 3352 nos
1540 3317 1764 3356 rivulorum
1784 3319 1921 3357 flumi-

86 3378 214 3405 numv
216 3380 236 3406 e
253 3369 365 3412 ripas
382 3371 576 3406 colentes.

232 3432 597 3485 Quantates
629 3441 671 3476 et
698 3444 869 3479 usus.
911 3440 1070 3478 ‘Virtus
1095 3438 1356 3485 adstringens
1379 3444 1439 3479 est
1463 3444 1502 3478 et
1524 3451 1685 3493 amara,
1717 3449 1757 3483 et
1778 3457 1801 3483 e
1822 3450 1922 3485 sub-

89 3494 244 3534 stantia
261 3496 454 3548 tannina,
471 3495 612 3535 resina
628 3498 667 3534 et
683 3498 772 3534 oleo
790 3499 978 3535 aethereo
992 3499 1188 3544 pendens.
1220 3496 1488 3546 Myrz‘carz'oee
1498 3502 1920 3555 germam‘caeDesv.,
