2147 3756
959 129 1077 179 585

109 301 228 364 gati,
269 300 420 347 rarius
451 299 495 345 in
530 299 664 362 apice
695 298 977 345 ramulorum
1010 298 1304 362 glomeratim
1338 299 1564 357 conferti,
1605 299 1717 346 nudi
1747 317 1789 347 v.
1822 300 1931 347 bra-

109 371 278 418 cteolis
316 369 790 433 squamaeformibus,
837 369 1094 416 imbricatis
1133 370 1293 417 cincti.
1373 370 1528 431 Calyae
1566 369 1710 429 liber,
1756 372 1849 417 tri·
1880 388 1928 417 v.

108 442 346 489 rarissime
386 439 642 504 diphyllus,
689 441 865 487 foliolis
903 441 1214 488 aestivatione
1246 440 1531 497 imbricatis,
1582 442 1820 487 coriaceis
1852 451 1933 487 aut

108 513 297 574 saepius
329 511 702 558 membranaceis
736 520 784 559 et
812 511 1071 558 bracteolis
1104 511 1436 558 conformibus.
1515 512 1742 557 Corollae
1776 511 1933 573 petala

108 583 415 645 receptaculo
464 583 667 640 inserta,
719 583 896 646 calycis
940 582 1118 628 foliolis
1158 598 1351 630 numero
1391 582 1608 645 aequalia
1648 589 1695 627 et
1734 582 1930 639 alterna,

108 651 275 701 iisdem
303 654 471 699 similia
495 671 535 701 v.
567 652 833 700 distinctius
860 652 1113 710 corollina,
1146 652 1423 700 brevissime
1449 652 1776 715 unguiculata,
1810 667 1933 698 mar-

108 725 686 787 cescenti-persistentia.
769 725 991 771 Stamina
1029 723 1096 784 (in
1135 723 1328 771 floribus
1365 724 1658 788 pistilligeris
1695 721 1933 769 rudimen-

107 796 246 853 taria)
297 811 400 841 cum
450 795 616 857 petalis
661 797 867 851 inserta,
915 792 1081 841 iisdem
1128 810 1323 841 numero
1370 795 1586 858 aequalia
1631 802 1679 841 et
1717 793 1926 851 alterna3

93 865 368 930 filamente's
407 865 727 923 filiformibus,
774 866 1001 921 exsertiS,
1049 863 1235 923 liberis,
1283 875 1390 929 post
1420 865 1720 912 antherarum
1754 865 1932 928 lapsum

105 935 490 1001 persistentibus,
537 937 758 982 antherz's
802 936 1057 993 extrorsis,
1109 935 1473 994 bilocularibus,
1529 934 1934 999 subgloboso-di-

106 1006 258 1070 dymis
302 1022 348 1053 v.
400 1005 641 1068 oblongis,
690 1004 1100 1068 longitudinaliter
1145 1004 1517 1054 dehiscentibus.
1613 1009 1814 1054 Germen
1861 1007 1932 1071 (in

105 1076 299 1124 floribus
331 1077 650 1140 staminigeris
682 1076 1086 1134 rudimentarium)
1123 1075 1255 1124 disco
1294 1078 1528 1134 insidens,
1578 1076 1928 1140 subglobosum,

106 1147 184 1195 di-
209 1148 298 1193 tri·
322 1147 477 1195 hexa-
502 1148 886 1211 enneaphyllum‚
914 1148 1326 1211 carpophyllorum
1357 1148 1643 1211 marginibus
1669 1148 1933 1195 introssexis

106 1218 384 1266 columellae
425 1219 650 1265 centralis
694 1219 1018 1276 tenuissimae,
1067 1216 1249 1265 demum
1291 1219 1571 1266 obliteratae
1604 1228 1760 1266 costas
1792 1219 1934 1266 attin-

105 1289 324 1354 gentibus
372 1289 873 1337 tri-novemloculare.
953 1290 1226 1338 Gemmulae
1263 1290 1309 1336 in
1351 1289 1519 1337 loculis
1551 1290 1821 1347 solitariae,
1872 1305 1934 1337 ex

103 1361 263 1423 anguli
312 1361 534 1407 centralis
580 1359 682 1406 basi
728 1358 1104 1418 adscendentes,
1169 1370 1447 1424 anatropae.
1534 1361 1701 1423 Stylzcs
1750 1361 1928 1418 brevis,

103 1432 352 1495 angulatus
397 1448 441 1478 v.
479 1431 744 1490 subnullus3
793 1433 972 1494 stigma
1016 1431 1471 1490 radiato-lobatum,
1519 1430 1639 1479 lobis
1685 1432 1931 1489 truncatis,

106 1502 340 1550 laciniatis
371 1519 413 1551 v.
445 1502 945 1565 inciso-pinnatifidiS.
1018 1505 1192 1566 Drupa
1231 1503 1454 1561 baccata,
1501 1502 1775 1566 sphaerica,
1821 1501 1933 1549 sub-

105 1573 356 1638 depressa,
404 1574 538 1637 apice
577 1573 872 1631 umbilicata,
921 1572 997 1620 di-
1026 1574 1117 1620 tri·
1148 1574 1301 1622 hexa-
1333 1590 1690 1638 enneapyrena,
1735 1574 1929 1638 pyrenis

104 1646 150 1692 in
183 1646 258 1692 axi
292 1644 659 1692 cohaerentibus
689 1661 736 1692 v.
774 1643 1028 1702 distinctis,
1078 1646 1255 1704 osseis,
1295 1646 1665 1709 monospermis.'
1734 1646 1932 1692 Semina

103 1716 150 1763 in
183 1715 351 1762 loculis
383 1715 618 1774 solitaria,
657 1731 870 1780 pyrenae
905 1716 1095 1764 cavitati
1128 1717 1415 1780 conformia,
1456 1715 1789 1779 triangular-ia,
1824 1731 1934 1762 ere-

104 1795 203 1845 cta,
249 1788 574 1850 integumento
608 1787 995 1845 membranaceo,
1033 1788 1181 1834 tenui.
1254 1786 1466 1850 Embryo
1499 1788 1547 1833 in
1577 1787 1655 1833 axi
1686 1786 1931 1844 albuminis

103 1856 249 1906 dense
283 1859 471 1905 carnosi
503 1857 830 1922 orthotropus,
866 1857 1076 1921 ejusdem
1107 1859 1210 1906 fere
1244 1858 1564 1922 longitudine,
1598 1867 1754 1916 teres3
1795 1865 1932 1920 coty-

103 1929 358 1977 les-donibus
403 1928 825 1994 semicylindricis,
870 1929 1114 1989 brevibus,
1162 1928 1366 1989 obtusis,
1418 1930 1645 1978 radicula
1682 1929 1780 1977 hilo
1819 1944 1930 1994 pro-

103 2001 251 2061 xima,
284 2000 453 2048 infera.

879 2120 1164 2157 GENERA.

214 2203 339 2240 5760.
372 2201 543 2239 Corema
559 2200 670 2238 Don.
1161 2205 1287 2242 5762.
1319 2203 1525 2242 Ceratiola
1541 2200 1588 2240 L.
1606 2202 1651 2241 C.
1670 2201 1792 2239 Rich.

214 2261 338 2296 5761.
369 2261 611 2303 Empetrum
626 2258 832 2311 Touran.

126 2396 129 2398 .
241 2353 567 2399 Affinitas.
626 2361 730 2396 ordo
753 2369 930 2407 parvus,
963 2359 1033 2396 diu
1056 2362 1106 2397 ob
1134 2359 1322 2399 habitum
1352 2361 1565 2408 fallacem,
1598 2370 1690 2397 cum
1712 2359 1931 2407 Ericineis,

102 2416 250 2461 quibus
272 2419 386 2452 nullo
409 2418 525 2453 modo
548 2416 708 2464 affinis,
741 2417 959 2463 confusuS,
993 2417 1263 2454 Celastrineis
1294 2422 1334 2454 et
1355 2418 1679 2462 Euphorbiaceis
1708 2417 1932 2463 proximus,

102 2477 153 2510 ab
170 2474 235 2509 liis
252 2472 478 2509 seminibus
495 2473 664 2522 erectis,
696 2473 849 2510 abillis
867 2476 1021 2511 corolla
1043 2478 1082 2511 et
1109 2474 1358 2513 staminibus
1380 2477 1639 2519 receptaculo
1663 2473 1832 2511 insertis
1857 2473 1936 2511 im·

102 2530 247 2576 primis
264 2529 497 2565 distinctus

246 2592 680 2649 Geographia.
747 2601 916 2644 Species
947 2609 1126 2649 paucae,
1171 2611 1245 2646 per
1274 2602 1478 2646 Europam
1508 2602 1686 2639 mediam
1715 2603 1935 2645 alpestrem

102 2659 143 2694 et
163 2659 389 2704 borealem,
418 2657 701 2705 Lusitaniam,
732 2657 966 2695 Americam
988 2661 1194 2696 borealem
1218 2661 1256 2696 et
1278 2659 1487 2703 regionem
1503 2658 1824 2715 magellaniscam
1848 2657 1933 2694 dis-

102 2723 248 2760 persae
263 2715 464 2750 habitant.
691 2716 693 2718 “

245 2778 612 2831 Quantates
637 2785 675 2822 et
696 2790 865 2824 usu·-
923 2785 1044 2822 Folia
1065 2788 1300 2830 baccaeque
1331 2786 1535 2824 acidulae.
1593 2783 1792 2832 Empetrz‘
1817 2781 1935 2831 nigra*

103 2840 262 2879 fructus
278 2851 426 2886 sapore
442 2838 626 2889 acidulo,
658 2842 818 2886 ingrato
835 2843 991 2890 donati,
1024 2843 1068 2879 in
1083 2845 1249 2887 Europa
1271 2844 1505 2879 subarctica
1527 2845 1811 2889 comeduntur,
1841 2842 1931 2878 vir-

103 2902 188 2935 tute
204 2899 515 2935 antiscorbutici
533 2903 569 2934 et
586 2899 789 2935 diuretici.
847 2901 1105 2937 Fermentum
1121 2900 1310 2936 vinosum
1328 2910 1379 2936 ex
1394 2900 1460 2936 his
1478 2900 1754 2936 Gronlandiae
1770 2899 1934 2934 incolae

102 2959 263 3000 parant.
325 2954 564 2991 Coremata's
580 2959 732 2993 baccae
749 2958 869 2993 albae
889 2954 1256 3000 (Camerz‘nleeira)
1276 2965 1302 2992 a
1316 2956 1530 2993 Lusitanis
1549 2956 1792 2993 adhibentur
1814 2964 1934 3000 prae-

102 3013 286 3056 parando
300 3013 413 3058 potui
429 3013 612 3062 acidulo,
645 3022 763 3057 quem
778 3012 1108 3052 febricitantibus
1123 3014 1405 3052 commendant
1420 3013 1567 3051 medici
1582 3015 1816 3059 populares.

421 3177 594 3223 ordo
625 3176 939 3225 ccxnw.
1003 3161 1611 3228 Stackhousiaceae·

249 3277 441 3326 Her-bae
487 3295 748 3344 perennes,
810 3280 1044 3330 interdum
1090 3282 1503 3340 suffrutescentes,
1566 3297 1709 3329 succo
1757 3296 1926 3344 aqueo.

53 3344 58 3352 ⁵
104 3351 246 3398 Folia
285 3350 490 3408 alterna,
537 3352 791 3416 simplicia,
837 3354 1167 3417 integerrima,
1214 3353 1446 3401 interdum
1487 3353 1929 3414 minuta‚-ste‘pulis

105 3419 166 3468 ad
203 3420 349 3469 basim
389 3421 612 3485 geminis,
659 3423 994 3473 minutissimis.
1084 3426 1255 3473 Flores
1290 3425 1516 3488 perfecti,
1564 3423 1836 3487 regulares,
1883 3423 1931 3468 in

107 3493 261 3556 spicas
314 3493 612 3551 terminales,
672 3494 1038 3560 simplicissimas
1092 3495 1329 3561 dispositi,
1391 3495 1562 3560 singuli
1607 3493 1924 3542 tribracteati.
