2147 3756
1096 114 1216 167 492

245 292 360 336 sunt,
390 290 436 324 ut
456 285 548 325 istis
570 286 823 332 aliquomodo
848 291 1071 338 analogus,
1102 292 1216 327 nullo
1239 291 1356 328 modo
1379 290 1514 328 affinis
1530 291 1661 336 possit
1675 290 1830 332 haberi.
1889 293 2062 340 Propin-

245 345 366 388 quius
383 345 540 381 accedit
555 347 606 381 ad
623 346 782 382 ordines
800 346 1040 393 parietales,
1071 346 1178 383 inter
1193 356 1292 391 quos
1308 348 1586 397 Passifloreis,
1617 350 1817 394 imprimis
1833 351 1969 388 affinis
1986 356 2061 400 est,

245 401 442 445 germinis
466 401 547 438 situ
573 401 676 437 satis
702 402 933 438 distinctus.
990 402 1126 439 Etiam
1142 403 1315 442 Loaseis
1339 405 1611 441 conterminus
1635 410 1715 454 est,
1747 409 1975 444 Gronoviae
1990 418 2064 452 ge-

243 466 342 492 nere
365 457 469 492 inter
491 461 701 499 utrumque
725 457 903 492 ordinem
926 459 1167 502 ambigente.
1225 460 1430 496 Remotior
1446 470 1535 497 cum
1551 462 1828 510 Papayaceis,
1860 464 2065 509 Begonia·

245 513 332 549 ceis
356 517 394 549 et
411 514 594 559 Caeteis,
627 513 810 556 proxima
834 516 873 549 et
895 513 1065 550 indubia
1081 525 1173 551 cum
1188 517 1483 553 Nhandirobeis
1497 544 1507 564 ,
1540 518 1662 555 etiam
1679 519 1945 561 qualitatibus
1963 529 2063 556 con-

243 569 402 606 firmata
424 569 696 605 necessitudo.
755 570 915 606 Genera
937 571 1066 607 denuo
1090 574 1165 609 sub
1189 572 1377 610 incudem
1399 575 1652 622 revocanda,
1684 575 1867 612 stabilito
1896 576 2065 620 praevie

245 628 523 662 characterum
540 625 581 660 in
596 627 672 660 hoc
687 625 827 661 ordine
843 629 995 663 valore.

388 688 818 745 Geographia·
877 696 1197 734 Cucurbitaceae
1223 697 1266 734 in
1287 698 1523 743 regionibus
1547 699 1715 743 tropicis
1738 700 2065 745 subtropicisque

244 752 369 789 totius
392 752 500 787 orbis
525 751 689 798 obviae,
721 751 765 788 in
789 753 1022 796 temperatis
1045 763 1182 801 rarae,
1215 764 1238 790 e
1260 755 1422 800 frigidis
1445 758 1608 803 exules,
1640 755 1817 792 maximo
1839 767 2005 793 numero
2020 758 2065 795 in

241 810 384 845 Indiae
420 807 632 843 orientalis
668 812 777 844 terra
805 809 1038 846 continente
1067 810 1343 859 reperiuntur,
1382 812 1426 847 in
1455 812 1651 848 America
1679 813 1789 848 haud
1819 813 2065 856 frequentes.

242 865 364 902 Vitae
395 864 574 907 spatium
604 867 777 907 angusto
807 866 1015 910 plerisque
1044 868 1173 903 limite
1203 868 1572 916 circumscriptum,
1603 869 1832 912 paucisque
1853 871 2064 907 mensibus

243 921 417 957 aestivis
440 923 691 969 absolutum,
723 922 970 966 tropicarum
992 926 1132 968 plures
1148 924 1272 962 etiam
1286 925 1331 962 in
1346 925 1579 971 regionibus
1596 926 1830 971 temperatis
1847 929 1957 963 alere
1974 936 2067 972 per-

243 977 379 1015 mittit.

383 1039 748 1094 QualitatGS
770 1051 811 1086 et
832 1054 999 1091 usus.
1055 1053 1262 1095 Ingentem
1286 1052 1329 1088 in
1352 1051 1507 1095 plantis
1527 1051 1835 1090 Cucurbitaceis
1852 1052 2064 1097 qualitatis

242 1103 508 1141 differentiam
526 1105 616 1148 quis
633 1107 831 1153 crederet,
861 1110 1069 1144 Melonum
1086 1118 1261 1151 pepones
1279 1119 1369 1144 cum
1387 1109 1722 1152 colocynthidum
1739 1109 1936 1146 fructibus
1954 1119 2066 1147 com-

240 1169 413 1208 parans3
438 1162 578 1197 eadem
595 1164 728 1197 tamen
745 1163 787 1198 in
805 1163 1011 1207 plerisque
1027 1164 1159 1201 virtus
1176 1167 1259 1211 est,
1283 1164 1508 1201 innumeris
1525 1167 1656 1201 solum
1673 1166 1869 1209 gradibus
1885 1166 2063 1214 diversa,

239 1226 280 1253 v.
304 1227 375 1260 pro
392 1226 633 1261 organorum
652 1219 890 1256 diversitate
905 1220 1042 1268 varia,
1075 1224 1144 1257 aut
1161 1222 1448 1257 accedentibus
1465 1221 1708 1257 substantiis
1725 1222 2062 1270 indifferentibus,

240 1273 442 1317 imprimis
467 1277 687 1322 sacellam,
720 1279 899 1323 retrusa,
931 1277 975 1312 in
999 1277 1095 1313 aliis
1119 1277 1239 1313 etiam
1262 1279 1401 1314 adulto
1427 1277 1582 1325 fructu,
1613 1277 1656 1312 in
1673 1277 1770 1314 aliis
1789 1281 1883 1314 ante
1898 1281 2063 1321 plenam

239 1331 513 1367 maturitatem
535 1332 745 1373 potentior.
803 1334 907 1368 Nam
932 1335 1152 1376 pleraeque
1175 1334 1417 1370 substantiis
1443 1334 1594 1370 amaris
1619 1334 1857 1370 extractivis
1881 1334 2067 1372 subresi-

239 1387 455 1434 nosisque,
489 1396 596 1422 nunc
622 1391 843 1430 crystallos
868 1387 1155 1437 formantibus,
1187 1400 1295 1426 nunc
1319 1391 1362 1426 in
1386 1393 1606 1433 crystallos
1630 1390 1738 1426 coire
1761 1391 2064 1437 recusantibuS‚

238 1444 431 1479 virtutem
455 1445 598 1479 debent
623 1445 798 1480 drastice
820 1450 1062 1490 purgantem
1085 1449 1124 1481 et
1145 1447 1377 1493 emeticam,
1411 1455 1515 1489 quae
1537 1446 1581 1481 in
1595 1447 1735 1482 multis
1751 1450 1990 1495 vehemens,
2021 1447 2066 1484 in

239 1500 338 1536 aliis
369 1500 504 1535 mitior
535 1501 862 1548 deprehenditur,
894 1502 939 1538 in
961 1502 1168 1546 plerisque
1191 1505 1243 1538 ad
1266 1503 1370 1538 imas
1394 1503 1554 1538 radices
1579 1506 1760 1550 retrusa,
1790 1503 1834 1540 in
1855 1503 2068 1540 nonnullis

239 1556 438 1593 indomita
462 1556 504 1592 in
528 1557 713 1599 pulposis
737 1558 938 1595 fructibus
961 1562 1115 1604 regnat.
1174 1561 1222 1595 In
1245 1562 1464 1595 multarum
1487 1560 1628 1595 baccis
1652 1567 1833 1595 amarum
1857 1560 1900 1595 in
1917 1560 2066 1596 cortice

238 1614 401 1659 haeret,
433 1615 561 1658 pulpa
576 1621 751 1650 carnosa
767 1618 986 1662 saccharo,
1018 1625 1154 1661 mucO,
1188 1616 1367 1663 salibus,
1399 1616 1530 1651 acidis
1546 1615 1710 1662 liberis,
1742 1617 2066 1660 substantiisque

239 1670 476 1706 aromaticis
500 1670 691 1716 gravida,
724 1671 863 1715 gustui
886 1673 1207 1719 commendatur,
1240 1673 1439 1715 qualitate
1463 1672 1586 1708 etiam
1607 1672 1651 1708 in
1666 1672 1730 1707 his
1749 1675 1798 1707 ab
1815 1676 1949 1708 aetate
1965 1681 2066 1716 pen-

240 1727 379 1775 dente,
413 1730 452 1762 et
473 1731 569 1762 ante
592 1727 781 1769 adeptam
802 1729 1076 1765 maturitatem
1100 1732 1138 1764 et
1160 1732 1283 1772 plena
1299 1732 1432 1764 aetate
1449 1729 1580 1764 varia.
1639 1728 1805 1765 Semina
1821 1731 1908 1764 oleo
1925 1729 2067 1774 pingui

238 1783 328 1820 miti
351 1781 529 1832 scatent,
561 1782 772 1819 rarissime
796 1785 1068 1821 amaritudine
1091 1785 1316 1827 inquinata.
1374 1787 1585 1822 Nostrates
1607 1785 1760 1820 radicis
1785 1785 1934 1821 virtute
1957 1795 2068 1822 com-

239 1841 494 1878 mendantur.
553 1837 774 1886 Bryonme
805 1839 929 1875 albae
957 1835 1326 1886 Linn.⁴[0⁷c'pmetioc
1355 1837 1560 1886 μέλαινα)
1592 1845 1631 1877 et
1660 1838 1878 1887 Bryom'ae
1901 1839 2066 1876 dz'oz'cem

237 1898 361 1935 Linn.
380 1888 616 1940 [ἄμπελος
641 1891 796 1944 λευκή)
826 1897 945 1933 radix
973 1898 1114 1934 valida
1146 1898 1294 1942 [vulgo
1322 1895 1574 1942 zaunmzbe)
1606 1907 1728 1934 succo
1758 1901 1890 1934 lacteo
1920 1901 2065 1946 scatet,

240 1954 363 1991 etiam
379 1956 515 1996 amylo
531 1953 691 2001 gravis,
723 1954 884 1997 saporis
903 1955 1034 2002 acris,
1067 1955 1217 2002 amari,
1250 1955 1385 1991 odoris
1400 1958 1658 1990 vehementer
1673 1955 1882 1991 nauseosi.
1938 1956 2067 1998 Lym-

239 2013 324 2056 pha
352 2010 625 2046 substantiam
656 2019 838 2046 amaram
871 2009 1177 2057 (Bryom‘nam)
1211 2015 1249 2047 et
1273 2011 1505 2048 acredinem
1528 2011 1736 2047 volatilem
1756 2011 1886 2059 vehit,
1918 2012 2067 2054 quibus

240 2068 425 2103 effectum
448 2066 625 2102 drastice
648 2071 887 2111 purgantem
906 2069 1033 2104 debet.
1092 2068 1229 2104 Radix
1244 2078 1387 2104 recens
1405 2072 1537 2103 cutem
1553 2066 1775 2115 rubefacit,
1807 2071 1847 2103 et
1862 2067 2068 2104 abdomini

240 2123 432 2166 imposita
448 2125 585 2158 alvum
602 2126 746 2160 movet.
806 2123 927 2160 Sicca
941 2125 1076 2161 minus
1091 2127 1216 2161 valet.
1266 2126 1422 2160 Fecula
1436 2123 1641 2167 Bryoniae
1659 2125 1808 2160 dudum
1826 2133 1876 2160 ex
1892 2124 2069 2162 officinis

240 2181 376 2224 pulsa.
435 2176 631 2224 Brgsom’a
654 2179 903 2214 americum
919 2181 1039 2216 Linn.
1062 2184 1101 2216 et
1117 2179 1312 2226 Bryom'a
1329 2179 1539 2228 africana
1555 2181 1714 2216 Thunb.
1739 2181 1893 2217 colonis
1914 2180 2068 2217 radicis

239 2235 436 2273 nostratis
458 2237 548 2270 loco
571 2239 645 2271 est.
703 2236 979 2273 Brasilienses
996 2237 1200 2280 Bryoniae
1225 2235 1454 2283 (Ta-mma,
1484 2231 1686 2271 Abobora
1708 2233 1758 2270 do
1783 2239 1920 2284 mam,
1953 2232 2066 2270 Abo-

240 2289 391 2334 re‘nlta)
417 2294 465 2327 ob
488 2292 679 2328 virtutem
700 2297 938 2336 purgantem
962 2302 987 2328 a
1011 2294 1380 2338 peregrinatoribus
1397 2294 1609 2340 laudatae,
1642 2292 1848 2330 botanicis
1864 2303 1944 2329 non
1960 2292 2065 2330 satis

241 2353 375 2386 notae.
435 2346 653 2394 Bryom'ae
678 2347 943 2398 abyssz'ne’cae
965 2352 1080 2386 Lam.
1105 2350 1282 2386 radicem
1305 2353 1459 2386 coctam
1480 2349 1653 2386 innocue
1670 2349 1824 2386 comedi
1842 2349 2067 2394 perhibent.

240 2407 289 2442 In
328 2403 531 2448 plerisque
570 2405 777 2441 amarities
793 2400 849 2441 'in
880 2405 1081 2443 fructibus
1110 2406 1281 2442 maturis
1311 2407 1474 2443 residet.
1544 2404 1721 2441 Cz'trullz·
1752 2403 2066 2452 Colocyntlez'dis

241 2463 408 2497 Schrad.
428 2461 654 2509 (Handal),
675 2464 839 2504 plantae
857 2471 1032 2510 annuae,
1054 2462 1099 2498 in
1115 2463 1276 2498 Oriente
1292 2467 1436 2506 sponte
1453 2464 1687 2512 crescentis,
1712 2463 1869 2499 fructus
1888 2462 2066 2498 omnium

241 2517 490 2563 amarissimi
514 2521 629 2564 sunt,
662 2519 795 2553 odoris
814 2519 1050 2566 subdulcis,
1080 2520 1295 2566 nauseosi,
1327 2520 1369 2555 in
1386 2522 1511 2563 pulpa
1526 2520 1750 2564 spongiosa
1766 2521 1898 2555 oleum
1914 2518 2067 2562 pingue

241 2583 445 2620 amarum,
478 2574 657 2610 resinam
674 2578 711 2610 et
727 2576 1001 2611 substantiam
1018 2576 1286 2612 extractivam
1305 2574 1700 2633 <Cottaeque-lanam)
1720 2579 1919 2621 gerentes.
1979 2576 2064 2610 Hos

236 2632 324 2674 jam
347 2630 553 2666 veteribus
577 2634 624 2666 ob
650 2631 839 2667 virtutem
863 2633 1083 2668 drasticam
1106 2633 1360 2680 notissimos,
1393 2633 1571 2668 siccatos
1595 2637 1634 2668 et
1650 2633 1798 2668 cortice
1814 2641 1887 2668 suo
1904 2633 2065 2667 orbatos

241 2697 294 2722 ex
309 2687 470 2722 Oriente
485 2688 709 2733 advehunt,
741 2696 834 2723 nam
852 2688 921 2730 qui
939 2689 1278 2731 colocynthidum
1293 2689 1454 2725 nomine
1470 2689 1513 2724 in
1528 2691 1692 2733 Europa
1709 2689 1810 2725 culti
1825 2690 2062 2734 nascuntur,

240 2754 264 2780 e
290 2741 544 2778 Cae-urbicae
561 2743 793 2778 aurantius
808 2745 955 2781 Willd.
981 2749 1020 2781 et
1047 2743 1303 2780 Cur-urbicae
1320 2742 1513 2794 ov‘is'erae
1529 2746 1648 2781 Linn.
1674 2745 1942 2781 varietatibus
1959 2743 2066 2779 satis

240 2800 492 2836 derivantur.
557 2797 779 2835 Ecbalz‘um
801 2804 971 2848 agreste
994 2801 1214 2839 Reichenb.
1239 2801 1513 2845 (Momordica
1534 2801 1758 2837 Elaterium
1780 2800 1921 2845 Linn.,
1952 2793 2064 2839 σίκυς

239 2850 406 2905 ἄγριος,
424 2857 545 2895 Kitsa
559 2853 741 2893 alhemar
756 2858 896 2905 Arab.,
915 2859 1021 2893 unde
1039 2859 1231 2894 cucumis
1249 2858 1436 2894 asininus
1452 2857 1605 2903 Ostia),
1629 2860 1770 2900 planta
1788 2856 1830 2891 in
1847 2855 2010 2891 Oriente
2026 2858 2066 2891 et

241 2913 416 2949 Graecia
438 2914 644 2959 vulgaris,
675 2914 881 2950 veteribus
899 2916 986 2957 jam
1009 2918 1057 2950 ob
1074 2914 1277 2958 insignem
1294 2914 1408 2950 succi
1425 2914 1651 2949 amaritiem
1670 2916 1708 2949 et
1723 2912 1808 2948 vim
1825 2915 2065 2956 purgantem

238 2971 431 3016 laudata,
464 2978 553 3005 raro
584 2979 692 3004 nunc
715 2978 740 3004 a
761 2970 931 3006 medicis
954 2970 1179 3006 adhibetur.
1239 2972 1394 3006 Succus
1426 2969 1700 3015 substantias,
1733 2968 2002 3004 extractivam
2026 2971 2066 3003 et

240 3026 469 3063 resinosam
493 3023 814 3073 (Elaterinamj,
847 3027 1061 3061 admodum
1085 3034 1248 3063 amaras
1263 3025 1387 3062 vehit.
1448 3022 1688 3059 Elalerz'um
1712 3035 1733 3061 e
1756 3025 1957 3061 fructibus
1974 3033 2066 3060 mu-

241 3082 404 3128 ricatis,
435 3081 504 3124 qui
527 3082 757 3118 maturitate
781 3090 806 3117 a
829 3083 1057 3125 pedunculo
1080 3082 1224 3129 soluti,
1257 3092 1278 3118 e
1296 3082 1386 3117 basi
1402 3079 1606 3126 perforata
1621 3084 1830 3125 lympham
1846 3080 2066 3124 mucilagi—

240 3147 404 3186 nosam,
435 3138 660 3174 seminibus
687 3138 857 3185 foetam,
881 3147 972 3174 cum
987 3139 1139 3181 impetu
1155 3140 1397 3186 explodunt,
1423 3143 1630 3186 paratum,
1656 3137 1946 3180 antiquissima
1960 3146 2066 3172 mer-

243 3204 311 3231 ces
328 3199 410 3241 est,
436 3195 556 3230 hodie
572 3195 614 3230 in
633 3194 811 3230 tabernis
829 3203 935 3231 rara.
993 3197 1102 3230 Inter
1117 3199 1381 3239 gerontogeas
1399 3196 1576 3238 tropicas
1593 3198 1632 3230 et
1648 3193 1904 3237 subtropicas
1922 3192 2064 3229 fructi-

242 3254 320 3288 bus
345 3251 497 3287 amaris
525 3254 730 3287 salutares
748 3247 905 3296 Lnffae
926 3251 1196 3287 nominandae
1211 3255 1325 3299 sunt,
1358 3261 1527 3294 quarum
1545 3261 1722 3294 pepones
1738 3249 1942 3286 immaturi
1958 3249 2065 3284 inter

244 3308 503 3350 quotidianos
533 3307 645 3343 cibos
675 3308 783 3350 apud
812 3309 933 3344 Indos
963 3311 1003 3343 et
1024 3308 1184 3344 Arabes
1213 3313 1499 3356 numerantur,
1529 3308 1679 3344 litaturi
1708 3305 2063 3343 vehementissime

243 3368 431 3407 purgant.
466 3365 575 3399 Idem
593 3365 641 3399 de
664 3361 976 3399 Tre’clmsantlee
992 3363 1179 3410 anguina
1195 3365 1314 3401 Linn.
1333 3365 1509 3408 aliisque
1525 3364 1821 3409 congeneribus
1837 3364 1960 3399 valet.
1998 3361 2063 3396 Ex

243 3419 503 3456 Americanis
521 3418 782 3457 Momordcca
798 3419 1048 3469 operculum
1064 3421 1184 3458 Linn.
1207 3426 1246 3458 et
1263 3419 1526 3460 Momordica
1535 3429 1732 3471 purgans
1747 3419 1867 3459 Linn.
1884 3417 2063 3469 remedia

245 3475 425 3512 drastica
440 3479 645 3520 praebent.
