<?xml version="1.0" encoding="UTF-8"?>
<!DOCTYPE html PUBLIC "-//W3C//DTD XHTML 1.0 Transitional//EN"
    "http://www.w3.org/TR/xhtml1/DTD/xhtml1-transitional.dtd">
<html xmlns="http://www.w3.org/1999/xhtml" xml:lang="en" lang="en">
 <head>
  <title>
</title>
<meta http-equiv="Content-Type" content="text/html;charset=utf-8" />
  <meta name='ocr-system' content='tesseract 3.04.00' />
  <meta name='ocr-capabilities' content='ocr_page ocr_carea ocr_par ocr_line ocrx_word'/>
</head>
<body>
  <div class='ocr_page' id='page_1' title='image "./enchiridionbotan00endl/enchiridionbotan00endl_0079.png"; bbox 0 0 2147 3756; ppageno 0'>
   <div class='ocr_carea' id='block_1_1' title="bbox 950 116 1022 167">
    <p class='ocr_par' dir='ltr' id='par_1_1' title="bbox 950 116 1022 167">
     <span class='ocr_line' id='line_1_1' title="bbox 950 116 1022 167; baseline -0.042 0"><span class='ocrx_word' id='word_1_1' title='bbox 950 116 1022 167; x_wconf 84' lang='lat'>61</span> 
     </span>
    </p>
   </div>
   <div class='ocr_carea' id='block_1_2' title="bbox 1001 192 1160 201">
    <p class='ocr_par' dir='ltr' id='par_1_2' title="bbox 1001 192 1160 201">
     <span class='ocr_line' id='line_1_2' title="bbox 1001 192 1160 201; baseline 0 3555"><span class='ocrx_word' id='word_1_2' title='bbox 1001 192 1160 201; x_wconf 95' lang='lat' dir='ltr'> </span> 
     </span>
    </p>
   </div>
   <div class='ocr_carea' id='block_1_3' title="bbox 66 286 1900 394">
    <p class='ocr_par' dir='ltr' id='par_1_3' title="bbox 66 286 1900 394">
     <span class='ocr_line' id='line_1_3' title="bbox 72 286 1900 340; baseline -0.002 -9"><span class='ocrx_word' id='word_1_3' title='bbox 72 299 152 332; x_wconf 85' lang='lat' dir='ltr'>tate</span> <span class='ocrx_word' id='word_1_4' title='bbox 182 302 272 330; x_wconf 91' lang='lat' dir='ltr'>cum</span> <span class='ocrx_word' id='word_1_5' title='bbox 296 291 474 340; x_wconf 83' lang='lat' dir='ltr'>Palmis,</span> <span class='ocrx_word' id='word_1_6' title='bbox 506 289 760 336; x_wconf 80' lang='lat' dir='ltr'>perigonium</span> <span class='ocrx_word' id='word_1_7' title='bbox 789 289 1043 335; x_wconf 86' lang='lat' dir='ltr'>gramineum</span> <span class='ocrx_word' id='word_1_8' title='bbox 1064 286 1387 336; x_wconf 82' lang='lat' dir='ltr'>perficientibus,</span> <span class='ocrx_word' id='word_1_9' title='bbox 1419 291 1457 324; x_wconf 86' lang='lat' dir='ltr'>et</span> <span class='ocrx_word' id='word_1_10' title='bbox 1477 291 1746 334; x_wconf 82' lang='lat' dir='ltr'>carpophylla</span> <span class='ocrx_word' id='word_1_11' title='bbox 1769 289 1811 327; x_wconf 89' lang='lat' dir='ltr'>in</span> <span class='ocrx_word' id='word_1_12' title='bbox 1835 291 1900 328; x_wconf 89' lang='lat' dir='ltr'>in-</span> 
     </span>
     <span class='ocr_line' id='line_1_4' title="bbox 66 346 1621 394; baseline -0.004 -6"><span class='ocrx_word' id='word_1_13' title='bbox 66 351 170 389; x_wconf 80' lang='lat' dir='ltr'>fimis</span> <span class='ocrx_word' id='word_1_14' title='bbox 186 351 252 387; x_wconf 89' lang='lat' dir='ltr'>his</span> <span class='ocrx_word' id='word_1_15' title='bbox 271 350 409 386; x_wconf 88' lang='lat' dir='ltr'>formis</span> <span class='ocrx_word' id='word_1_16' title='bbox 425 357 651 392; x_wconf 87' lang='lat' dir='ltr'>suppressa</span> <span class='ocrx_word' id='word_1_17' title='bbox 666 348 741 385; x_wconf 89' lang='lat' dir='ltr'>rite</span> <span class='ocrx_word' id='word_1_18' title='bbox 758 347 1084 394; x_wconf 79' lang='lat' dir='ltr'>explicantibus,</span> <span class='ocrx_word' id='word_1_19' title='bbox 1115 346 1429 382; x_wconf 88' lang='lat' dir='ltr'>Arundarbores</span> <span class='ocrx_word' id='word_1_20' title='bbox 1445 350 1621 382; x_wconf 87' lang='lat' dir='ltr'>monent.</span> 
     </span>
    </p>
   </div>
   <div class='ocr_carea' id='block_1_4' title="bbox 66 411 1901 917">
    <p class='ocr_par' dir='ltr' id='par_1_4' title="bbox 66 411 1901 917">
     <span class='ocr_line' id='line_1_5' title="bbox 211 411 1896 470; baseline -0.004 -10"><span class='ocrx_word' id='word_1_21' title='bbox 211 411 639 470; x_wconf 65' lang='lat' dir='ltr'>Geographia.</span> <span class='ocrx_word' id='word_1_22' title='bbox 701 418 896 455; x_wconf 84' lang='lat' dir='ltr'>Gramina</span> <span class='ocrx_word' id='word_1_23' title='bbox 911 420 1022 453; x_wconf 82' lang='lat' dir='ltr'>laeta</span> <span class='ocrx_word' id='word_1_24' title='bbox 1037 418 1232 460; x_wconf 83' lang='lat' dir='ltr'>praebent</span> <span class='ocrx_word' id='word_1_25' title='bbox 1247 414 1474 459; x_wconf 78' lang='lat' dir='ltr'>pecudibus</span> <span class='ocrx_word' id='word_1_26' title='bbox 1491 425 1650 459; x_wconf 85' lang='lat' dir='ltr'>pascua</span> <span class='ocrx_word' id='word_1_27' title='bbox 1666 421 1704 454; x_wconf 90' lang='lat' dir='ltr'>et</span> <span class='ocrx_word' id='word_1_28' title='bbox 1720 419 1896 454; x_wconf 87' lang='lat' dir='ltr'>humano</span> 
     </span>
     <span class='ocr_line' id='line_1_6' title="bbox 69 472 1900 525; baseline -0.003 -10"><span class='ocrx_word' id='word_1_29' title='bbox 69 478 208 525; x_wconf 83' lang='lat' dir='ltr'>generi</span> <span class='ocrx_word' id='word_1_30' title='bbox 225 486 449 523; x_wconf 78' lang='lat' dir='ltr'>annonam,</span> <span class='ocrx_word' id='word_1_31' title='bbox 480 475 628 518; x_wconf 90' lang='lat' dir='ltr'>ubique</span> <span class='ocrx_word' id='word_1_32' title='bbox 646 479 843 512; x_wconf 86' lang='lat' dir='ltr'>terrarum</span> <span class='ocrx_word' id='word_1_33' title='bbox 865 474 988 511; x_wconf 79' lang='lat' dir='ltr'>obvia</span> <span class='ocrx_word' id='word_1_34' title='bbox 1005 477 1042 509; x_wconf 86' lang='lat' dir='ltr'>et</span> <span class='ocrx_word' id='word_1_35' title='bbox 1057 473 1187 509; x_wconf 91' lang='lat' dir='ltr'>nullis</span> <span class='ocrx_word' id='word_1_36' title='bbox 1205 472 1452 509; x_wconf 89' lang='lat' dir='ltr'>stationibus</span> <span class='ocrx_word' id='word_1_37' title='bbox 1469 476 1653 510; x_wconf 82' lang='lat' dir='ltr'>exclusa.</span> <span class='ocrx_word' id='word_1_38' title='bbox 1714 476 1900 510; x_wconf 85' lang='lat' dir='ltr'>Maxima</span> 
     </span>
     <span class='ocr_line' id='line_1_7' title="bbox 70 531 1900 580; baseline -0.003 -9"><span class='ocrx_word' id='word_1_39' title='bbox 70 540 131 572; x_wconf 89' lang='lat' dir='ltr'>est</span> <span class='ocrx_word' id='word_1_40' title='bbox 154 535 476 580; x_wconf 81' lang='lat' dir='ltr'>individuorum,</span> <span class='ocrx_word' id='word_1_41' title='bbox 509 536 545 568; x_wconf 91' lang='lat' dir='ltr'>et</span> <span class='ocrx_word' id='word_1_42' title='bbox 570 542 649 568; x_wconf 88' lang='lat' dir='ltr'>non</span> <span class='ocrx_word' id='word_1_43' title='bbox 673 533 826 577; x_wconf 85' lang='lat' dir='ltr'>exigua</span> <span class='ocrx_word' id='word_1_44' title='bbox 847 531 1078 575; x_wconf 82' lang='lat' dir='ltr'>specierum</span> <span class='ocrx_word' id='word_1_45' title='bbox 1101 532 1176 566; x_wconf 90' lang='lat' dir='ltr'>sub</span> <span class='ocrx_word' id='word_1_46' title='bbox 1202 531 1314 565; x_wconf 90' lang='lat' dir='ltr'>coelo</span> <span class='ocrx_word' id='word_1_47' title='bbox 1340 533 1558 573; x_wconf 90' lang='lat' dir='ltr'>temperato</span> <span class='ocrx_word' id='word_1_48' title='bbox 1589 531 1900 573; x_wconf 81' lang='lat' dir='ltr'>hemisphaerae</span> 
     </span>
     <span class='ocr_line' id='line_1_8' title="bbox 66 587 1898 638; baseline -0.003 -10"><span class='ocrx_word' id='word_1_49' title='bbox 66 592 263 638; x_wconf 84' lang='lat' dir='ltr'>borealiS,</span> <span class='ocrx_word' id='word_1_50' title='bbox 296 593 403 627; x_wconf 89' lang='lat' dir='ltr'>laeto</span> <span class='ocrx_word' id='word_1_51' title='bbox 434 592 638 633; x_wconf 88' lang='lat' dir='ltr'>pratorum</span> <span class='ocrx_word' id='word_1_52' title='bbox 668 590 813 625; x_wconf 86' lang='lat' dir='ltr'>aulaeo</span> <span class='ocrx_word' id='word_1_53' title='bbox 841 590 1029 635; x_wconf 79' lang='lat' dir='ltr'>decorae,</span> <span class='ocrx_word' id='word_1_54' title='bbox 1061 587 1192 631; x_wconf 87' lang='lat' dir='ltr'>copia.</span> <span class='ocrx_word' id='word_1_55' title='bbox 1249 587 1436 631; x_wconf 75' lang='lat' dir='ltr'>Augetur</span> <span class='ocrx_word' id='word_1_56' title='bbox 1457 596 1602 623; x_wconf 85' lang='lat' dir='ltr'>versus</span> <span class='ocrx_word' id='word_1_57' title='bbox 1626 592 1898 633; x_wconf 82' lang='lat' dir='ltr'>aequatorem,</span> 
     </span>
     <span class='ocr_line' id='line_1_9' title="bbox 70 644 1898 692; baseline -0.002 -9"><span class='ocrx_word' id='word_1_58' title='bbox 70 649 329 684; x_wconf 71' lang='lat' dir='ltr'>decrescente</span> <span class='ocrx_word' id='word_1_59' title='bbox 346 647 647 683; x_wconf 77' lang='lat' dir='ltr'>individuorum</span> <span class='ocrx_word' id='word_1_60' title='bbox 671 646 920 692; x_wconf 79' lang='lat' dir='ltr'>frequentia,</span> <span class='ocrx_word' id='word_1_61' title='bbox 953 644 1181 687; x_wconf 87' lang='lat' dir='ltr'>specierum</span> <span class='ocrx_word' id='word_1_62' title='bbox 1204 652 1418 690; x_wconf 88' lang='lat' dir='ltr'>numerus,</span> <span class='ocrx_word' id='word_1_63' title='bbox 1451 645 1523 679; x_wconf 88' lang='lat' dir='ltr'>sed</span> <span class='ocrx_word' id='word_1_64' title='bbox 1546 644 1590 679; x_wconf 92' lang='lat' dir='ltr'>in</span> <span class='ocrx_word' id='word_1_65' title='bbox 1613 647 1800 680; x_wconf 85' lang='lat' dir='ltr'>arborum</span> <span class='ocrx_word' id='word_1_66' title='bbox 1826 654 1898 680; x_wconf 77' lang='lat' dir='ltr'>ex-</span> 
     </span>
     <span class='ocr_line' id='line_1_10' title="bbox 68 700 1898 749; baseline -0.001 -11"><span class='ocrx_word' id='word_1_67' title='bbox 68 710 255 741; x_wconf 82' lang='lat' dir='ltr'>crescunt</span> <span class='ocrx_word' id='word_1_68' title='bbox 280 705 458 747; x_wconf 85' lang='lat' dir='ltr'>speciem</span> <span class='ocrx_word' id='word_1_69' title='bbox 484 703 710 739; x_wconf 89' lang='lat' dir='ltr'>subsidere</span> <span class='ocrx_word' id='word_1_70' title='bbox 728 702 902 747; x_wconf 78' lang='lat' dir='ltr'>fervido,</span> <span class='ocrx_word' id='word_1_71' title='bbox 934 710 1038 743; x_wconf 87' lang='lat' dir='ltr'>quae</span> <span class='ocrx_word' id='word_1_72' title='bbox 1054 701 1171 736; x_wconf 89' lang='lat' dir='ltr'>nobis</span> <span class='ocrx_word' id='word_1_73' title='bbox 1188 700 1333 735; x_wconf 91' lang='lat' dir='ltr'>humili</span> <span class='ocrx_word' id='word_1_74' title='bbox 1351 700 1532 743; x_wconf 85' lang='lat' dir='ltr'>caespite</span> <span class='ocrx_word' id='word_1_75' title='bbox 1547 701 1681 736; x_wconf 78' lang='lat' dir='ltr'>virent</span> <span class='ocrx_word' id='word_1_76' title='bbox 1697 701 1898 749; x_wconf 85' lang='lat' dir='ltr'>gramina,</span> 
     </span>
     <span class='ocr_line' id='line_1_11' title="bbox 67 756 1897 806; baseline -0.004 -8"><span class='ocrx_word' id='word_1_77' title='bbox 67 762 217 798; x_wconf 86' lang='lat' dir='ltr'>latiora</span> <span class='ocrx_word' id='word_1_78' title='bbox 235 762 414 805; x_wconf 82' lang='lat' dir='ltr'>pandunt</span> <span class='ocrx_word' id='word_1_79' title='bbox 441 760 562 806; x_wconf 85' lang='lat' dir='ltr'>folia,</span> <span class='ocrx_word' id='word_1_80' title='bbox 595 759 830 802; x_wconf 81' lang='lat' dir='ltr'>passimque</span> <span class='ocrx_word' id='word_1_81' title='bbox 853 761 1021 801; x_wconf 84' lang='lat' dir='ltr'>urgente</span> <span class='ocrx_word' id='word_1_82' title='bbox 1044 756 1266 800; x_wconf 90' lang='lat' dir='ltr'>rapidioris</span> <span class='ocrx_word' id='word_1_83' title='bbox 1290 757 1527 793; x_wconf 87' lang='lat' dir='ltr'>incrementi</span> <span class='ocrx_word' id='word_1_84' title='bbox 1549 759 1733 804; x_wconf 81' lang='lat' dir='ltr'>luxurie,</span> <span class='ocrx_word' id='word_1_85' title='bbox 1766 758 1897 802; x_wconf 74' lang='lat' dir='ltr'>flores,</span> 
     </span>
     <span class='ocr_line' id='line_1_12' title="bbox 68 813 1901 862; baseline -0.002 -8"><span class='ocrx_word' id='word_1_86' title='bbox 68 828 169 861; x_wconf 89' lang='lat' dir='ltr'>quos</span> <span class='ocrx_word' id='word_1_87' title='bbox 187 820 292 861; x_wconf 84' lang='lat' dir='ltr'>apud</span> <span class='ocrx_word' id='word_1_88' title='bbox 312 828 386 852; x_wconf 88' lang='lat' dir='ltr'>nos</span> <span class='ocrx_word' id='word_1_89' title='bbox 404 817 478 852; x_wconf 90' lang='lat' dir='ltr'>rite</span> <span class='ocrx_word' id='word_1_90' title='bbox 492 816 723 860; x_wconf 85' lang='lat' dir='ltr'>perficiunt,</span> <span class='ocrx_word' id='word_1_91' title='bbox 756 815 921 857; x_wconf 80' lang='lat' dir='ltr'>organis</span> <span class='ocrx_word' id='word_1_92' title='bbox 939 813 1184 849; x_wconf 85' lang='lat' dir='ltr'>sexualibus</span> <span class='ocrx_word' id='word_1_93' title='bbox 1200 822 1272 855; x_wconf 87' lang='lat' dir='ltr'>per</span> <span class='ocrx_word' id='word_1_94' title='bbox 1289 814 1453 850; x_wconf 81' lang='lat' dir='ltr'>diversa</span> <span class='ocrx_word' id='word_1_95' title='bbox 1467 815 1717 862; x_wconf 83' lang='lat' dir='ltr'>segregatis,</span> <span class='ocrx_word' id='word_1_96' title='bbox 1748 814 1901 858; x_wconf 86' lang='lat' dir='ltr'>imper-</span> 
     </span>
     <span class='ocr_line' id='line_1_13' title="bbox 70 870 1354 917; baseline -0.005 -6"><span class='ocrx_word' id='word_1_97' title='bbox 70 875 255 911; x_wconf 84' lang='lat' dir='ltr'>fectiores</span> <span class='ocrx_word' id='word_1_98' title='bbox 272 873 493 917; x_wconf 85' lang='lat' dir='ltr'>proferunt.</span> <span class='ocrx_word' id='word_1_99' title='bbox 551 871 688 907; x_wconf 85' lang='lat' dir='ltr'>Minor</span> <span class='ocrx_word' id='word_1_100' title='bbox 703 874 766 907; x_wconf 85' lang='lat' dir='ltr'>est</span> <span class='ocrx_word' id='word_1_101' title='bbox 782 875 894 907; x_wconf 88' lang='lat' dir='ltr'>trans</span> <span class='ocrx_word' id='word_1_102' title='bbox 913 870 1205 913; x_wconf 84' lang='lat' dir='ltr'>Capricornum</span> <span class='ocrx_word' id='word_1_103' title='bbox 1223 870 1354 912; x_wconf 89' lang='lat' dir='ltr'>copia.</span> 
     </span>
    </p>
   </div>
   <div class='ocr_carea' id='block_1_5' title="bbox 65 935 1900 1207">
    <p class='ocr_par' dir='ltr' id='par_1_5' title="bbox 65 935 1900 1207">
     <span class='ocr_line' id='line_1_14' title="bbox 207 935 1900 986; baseline -0.002 -7"><span class='ocrx_word' id='word_1_104' title='bbox 207 946 268 979; x_wconf 90' lang='lat' dir='ltr'>De</span> <span class='ocrx_word' id='word_1_105' title='bbox 285 946 486 979; x_wconf 88' lang='lat' dir='ltr'>cultarum</span> <span class='ocrx_word' id='word_1_106' title='bbox 501 941 710 978; x_wconf 86' lang='lat' dir='ltr'>natalibus</span> <span class='ocrx_word' id='word_1_107' title='bbox 728 941 882 977; x_wconf 85' lang='lat' dir='ltr'>frustra</span> <span class='ocrx_word' id='word_1_108' title='bbox 898 940 1145 984; x_wconf 84' lang='lat' dir='ltr'>quaerimus.</span> <span class='ocrx_word' id='word_1_109' title='bbox 1202 940 1375 976; x_wconf 83' lang='lat' dir='ltr'>Avenae</span> <span class='ocrx_word' id='word_1_110' title='bbox 1391 943 1429 976; x_wconf 91' lang='lat' dir='ltr'>et</span> <span class='ocrx_word' id='word_1_111' title='bbox 1445 942 1648 978; x_wconf 86' lang='lat' dir='ltr'>Hordeum</span> <span class='ocrx_word' id='word_1_112' title='bbox 1663 941 1705 978; x_wconf 84' lang='lat' dir='ltr'>ln</span> <span class='ocrx_word' id='word_1_113' title='bbox 1722 935 1900 986; x_wconf 82' lang='lat' dir='ltr'>regioni-</span> 
     </span>
     <span class='ocr_line' id='line_1_15' title="bbox 65 997 1900 1046; baseline -0.003 -7"><span class='ocrx_word' id='word_1_114' title='bbox 65 1004 142 1039; x_wconf 84' lang='lat' dir='ltr'>bus</span> <span class='ocrx_word' id='word_1_115' title='bbox 165 999 582 1046; x_wconf 86' lang='lat' dir='ltr'>septemtrionalibus,</span> <span class='ocrx_word' id='word_1_116' title='bbox 615 1000 761 1034; x_wconf 69' lang='lat' dir='ltr'>Sec-ale</span> <span class='ocrx_word' id='word_1_117' title='bbox 785 1002 824 1033; x_wconf 83' lang='lat' dir='ltr'>et</span> <span class='ocrx_word' id='word_1_118' title='bbox 847 998 1044 1033; x_wconf 75' lang='lat' dir='ltr'>Triticum</span> <span class='ocrx_word' id='word_1_119' title='bbox 1066 998 1110 1033; x_wconf 91' lang='lat' dir='ltr'>in</span> <span class='ocrx_word' id='word_1_120' title='bbox 1133 997 1368 1039; x_wconf 82' lang='lat' dir='ltr'>temperatis</span> <span class='ocrx_word' id='word_1_121' title='bbox 1392 997 1723 1042; x_wconf 81' lang='lat' dir='ltr'>frequentissime</span> <span class='ocrx_word' id='word_1_122' title='bbox 1754 1009 1900 1035; x_wconf 89' lang='lat' dir='ltr'>serun-</span> 
     </span>
     <span class='ocr_line' id='line_1_16' title="bbox 68 1053 1899 1105; baseline -0.001 -12"><span class='ocrx_word' id='word_1_123' title='bbox 68 1061 154 1105; x_wconf 87' lang='lat' dir='ltr'>tur,</span> <span class='ocrx_word' id='word_1_124' title='bbox 186 1058 409 1093; x_wconf 86' lang='lat' dir='ltr'>succedunt</span> <span class='ocrx_word' id='word_1_125' title='bbox 431 1055 473 1091; x_wconf 91' lang='lat' dir='ltr'>in</span> <span class='ocrx_word' id='word_1_126' title='bbox 490 1055 757 1091; x_wconf 85' lang='lat' dir='ltr'>calidioribus</span> <span class='ocrx_word' id='word_1_127' title='bbox 775 1056 860 1090; x_wconf 89' lang='lat' dir='ltr'>Zea</span> <span class='ocrx_word' id='word_1_128' title='bbox 878 1058 914 1089; x_wconf 90' lang='lat' dir='ltr'>et</span> <span class='ocrx_word' id='word_1_129' title='bbox 933 1055 1087 1101; x_wconf 88' lang='lat' dir='ltr'>Oryza,</span> <span class='ocrx_word' id='word_1_130' title='bbox 1120 1053 1195 1089; x_wconf 89' lang='lat' dir='ltr'>illa</span> <span class='ocrx_word' id='word_1_131' title='bbox 1212 1053 1475 1090; x_wconf 82' lang='lat' dir='ltr'>Americanis</span> <span class='ocrx_word' id='word_1_132' title='bbox 1493 1056 1765 1102; x_wconf 87' lang='lat' dir='ltr'>praedilecta,</span> <span class='ocrx_word' id='word_1_133' title='bbox 1796 1059 1899 1091; x_wconf 88' lang='lat' dir='ltr'>haec</span> 
     </span>
     <span class='ocr_line' id='line_1_17' title="bbox 66 1110 1900 1161; baseline -0.002 -11"><span class='ocrx_word' id='word_1_134' title='bbox 66 1114 108 1150; x_wconf 87' lang='lat' dir='ltr'>in</span> <span class='ocrx_word' id='word_1_135' title='bbox 136 1114 242 1149; x_wconf 87' lang='lat' dir='ltr'>Asia</span> <span class='ocrx_word' id='word_1_136' title='bbox 278 1113 498 1156; x_wconf 88' lang='lat' dir='ltr'>plurimum</span> <span class='ocrx_word' id='word_1_137' title='bbox 533 1114 663 1161; x_wconf 87' lang='lat' dir='ltr'>culta,</span> <span class='ocrx_word' id='word_1_138' title='bbox 708 1112 931 1149; x_wconf 85' lang='lat' dir='ltr'>maximam</span> <span class='ocrx_word' id='word_1_139' title='bbox 965 1110 1136 1147; x_wconf 88' lang='lat' dir='ltr'>humani</span> <span class='ocrx_word' id='word_1_140' title='bbox 1172 1110 1334 1154; x_wconf 86' lang='lat' dir='ltr'>generis</span> <span class='ocrx_word' id='word_1_141' title='bbox 1365 1114 1523 1155; x_wconf 86' lang='lat' dir='ltr'>partem</span> <span class='ocrx_word' id='word_1_142' title='bbox 1552 1112 1779 1149; x_wconf 83' lang='lat' dir='ltr'>Seminibus</span> <span class='ocrx_word' id='word_1_143' title='bbox 1810 1113 1900 1148; x_wconf 85' lang='lat' dir='ltr'>suis</span> 
     </span>
     <span class='ocr_line' id='line_1_18' title="bbox 67 1173 318 1207; baseline 0 0"><span class='ocrx_word' id='word_1_144' title='bbox 67 1173 318 1207; x_wconf 86' lang='lat' dir='ltr'>sustentans.</span> 
     </span>
    </p>
   </div>
   <div class='ocr_carea' id='block_1_6' title="bbox 63 1233 1953 1743">
    <p class='ocr_par' dir='ltr' id='par_1_6' title="bbox 63 1233 1953 1743">
     <span class='ocr_line' id='line_1_19' title="bbox 207 1233 1898 1287; baseline -0.002 -8"><span class='ocrx_word' id='word_1_145' title='bbox 207 1233 572 1287; x_wconf 61' lang='lat' dir='ltr'>Qualitates</span> <span class='ocrx_word' id='word_1_146' title='bbox 602 1243 642 1277; x_wconf 85' lang='lat' dir='ltr'>et</span> <span class='ocrx_word' id='word_1_147' title='bbox 669 1245 838 1279; x_wconf 73' lang='lat' dir='ltr'>usus.</span> <span class='ocrx_word' id='word_1_148' title='bbox 897 1237 1175 1283; x_wconf 81' lang='lat' dir='ltr'>Qualitatibus</span> <span class='ocrx_word' id='word_1_149' title='bbox 1200 1237 1396 1275; x_wconf 79' lang='lat' dir='ltr'>Gramina</span> <span class='ocrx_word' id='word_1_150' title='bbox 1418 1240 1614 1283; x_wconf 87' lang='lat' dir='ltr'>pleraque</span> <span class='ocrx_word' id='word_1_151' title='bbox 1635 1240 1898 1276; x_wconf 83' lang='lat' dir='ltr'>conveniunt.</span> 
     </span>
     <span class='ocr_line' id='line_1_20' title="bbox 66 1295 1900 1343; baseline -0.001 -8"><span class='ocrx_word' id='word_1_152' title='bbox 66 1297 222 1336; x_wconf 78' lang='lat' dir='ltr'>Culmis</span> <span class='ocrx_word' id='word_1_153' title='bbox 252 1299 519 1341; x_wconf 89' lang='lat' dir='ltr'>plurimorum</span> <span class='ocrx_word' id='word_1_154' title='bbox 548 1300 721 1333; x_wconf 90' lang='lat' dir='ltr'>multum</span> <span class='ocrx_word' id='word_1_155' title='bbox 752 1301 883 1333; x_wconf 88' lang='lat' dir='ltr'>terrae</span> <span class='ocrx_word' id='word_1_156' title='bbox 907 1295 1100 1343; x_wconf 85' lang='lat' dir='ltr'>siliceae,</span> <span class='ocrx_word' id='word_1_157' title='bbox 1136 1295 1337 1339; x_wconf 86' lang='lat' dir='ltr'>imprimis</span> <span class='ocrx_word' id='word_1_158' title='bbox 1361 1296 1405 1331; x_wconf 91' lang='lat' dir='ltr'>in</span> <span class='ocrx_word' id='word_1_159' title='bbox 1429 1296 1614 1333; x_wconf 89' lang='lat' dir='ltr'>cuticula</span> <span class='ocrx_word' id='word_1_160' title='bbox 1635 1297 1824 1343; x_wconf 87' lang='lat' dir='ltr'>latentis,</span> <span class='ocrx_word' id='word_1_161' title='bbox 1857 1298 1900 1333; x_wconf 91' lang='lat' dir='ltr'>in</span> 
     </span>
     <span class='ocr_line' id='line_1_21' title="bbox 63 1352 1901 1401; baseline -0.002 -10"><span class='ocrx_word' id='word_1_162' title='bbox 63 1357 437 1392; x_wconf 86' lang='lat' dir='ltr'>Bambusacearum</span> <span class='ocrx_word' id='word_1_163' title='bbox 459 1355 577 1390; x_wconf 87' lang='lat' dir='ltr'>nodis</span> <span class='ocrx_word' id='word_1_164' title='bbox 602 1354 645 1389; x_wconf 93' lang='lat' dir='ltr'>in</span> <span class='ocrx_word' id='word_1_165' title='bbox 670 1356 955 1390; x_wconf 88' lang='lat' dir='ltr'>concrementa</span> <span class='ocrx_word' id='word_1_166' title='bbox 977 1355 1168 1388; x_wconf 88' lang='lat' dir='ltr'>morbosa</span> <span class='ocrx_word' id='word_1_167' title='bbox 1191 1352 1340 1401; x_wconf 54' lang='lat' dir='ltr'>(vulgo</span> <span class='ocrx_word' id='word_1_168' title='bbox 1365 1353 1618 1399; x_wconf 82' lang='lat' dir='ltr'>Tabaschir]</span> <span class='ocrx_word' id='word_1_169' title='bbox 1645 1356 1901 1400; x_wconf 81' lang='lat' dir='ltr'>coalescens,</span> 
     </span>
     <span class='ocr_line' id='line_1_22' title="bbox 64 1409 1900 1458; baseline -0.001 -10"><span class='ocrx_word' id='word_1_170' title='bbox 64 1412 298 1449; x_wconf 86' lang='lat' dir='ltr'>substantia</span> <span class='ocrx_word' id='word_1_171' title='bbox 313 1412 572 1448; x_wconf 86' lang='lat' dir='ltr'>albuminosa</span> <span class='ocrx_word' id='word_1_172' title='bbox 588 1415 626 1448; x_wconf 86' lang='lat' dir='ltr'>et</span> <span class='ocrx_word' id='word_1_173' title='bbox 641 1411 891 1458; x_wconf 77' lang='lat' dir='ltr'>extractiva,</span> <span class='ocrx_word' id='word_1_174' title='bbox 925 1410 992 1445; x_wconf 90' lang='lat' dir='ltr'>cui</span> <span class='ocrx_word' id='word_1_175' title='bbox 1008 1409 1198 1445; x_wconf 85' lang='lat' dir='ltr'>nonnihil</span> <span class='ocrx_word' id='word_1_176' title='bbox 1220 1410 1349 1446; x_wconf 89' lang='lat' dir='ltr'>calcis</span> <span class='ocrx_word' id='word_1_177' title='bbox 1371 1412 1653 1453; x_wconf 85' lang='lat' dir='ltr'>phosphoreae</span> <span class='ocrx_word' id='word_1_178' title='bbox 1675 1410 1900 1447; x_wconf 85' lang='lat' dir='ltr'>admixtum</span> 
     </span>
     <span class='ocr_line' id='line_1_23' title="bbox 65 1466 1953 1516; baseline -0.002 -10"><span class='ocrx_word' id='word_1_179' title='bbox 65 1479 158 1506; x_wconf 88' lang='lat' dir='ltr'>esse</span> <span class='ocrx_word' id='word_1_180' title='bbox 188 1471 312 1516; x_wconf 91' lang='lat' dir='ltr'>solet,</span> <span class='ocrx_word' id='word_1_181' title='bbox 359 1471 397 1504; x_wconf 89' lang='lat' dir='ltr'>et</span> <span class='ocrx_word' id='word_1_182' title='bbox 426 1477 577 1513; x_wconf 84' lang='lat' dir='ltr'>magna</span> <span class='ocrx_word' id='word_1_183' title='bbox 605 1467 915 1504; x_wconf 88' lang='lat' dir='ltr'>mucosacchari</span> <span class='ocrx_word' id='word_1_184' title='bbox 944 1467 1054 1504; x_wconf 88' lang='lat' dir='ltr'>inest</span> <span class='ocrx_word' id='word_1_185' title='bbox 1083 1466 1213 1510; x_wconf 85' lang='lat' dir='ltr'>copia.</span> <span class='ocrx_word' id='word_1_186' title='bbox 1288 1467 1422 1502; x_wconf 86' lang='lat' dir='ltr'>Culmi</span> <span class='ocrx_word' id='word_1_187' title='bbox 1450 1467 1707 1504; x_wconf 87' lang='lat' dir='ltr'>subterranei</span> <span class='ocrx_word' id='word_1_188' title='bbox 1741 1466 1907 1511; x_wconf 83' lang='lat' dir='ltr'>[rhizc-·</span> <span class='ocrx_word' id='word_1_189' title='bbox 1944 1493 1953 1497; x_wconf 86' lang='lat'>.-</span> 
     </span>
     <span class='ocr_line' id='line_1_24' title="bbox 63 1523 1901 1573; baseline -0.001 -10"><span class='ocrx_word' id='word_1_190' title='bbox 63 1526 221 1573; x_wconf 84' lang='lat' dir='ltr'>mata],</span> <span class='ocrx_word' id='word_1_191' title='bbox 252 1527 540 1562; x_wconf 89' lang='lat' dir='ltr'>nonnullorum</span> <span class='ocrx_word' id='word_1_192' title='bbox 570 1525 760 1562; x_wconf 90' lang='lat' dir='ltr'>sacchari</span> <span class='ocrx_word' id='word_1_193' title='bbox 789 1524 988 1572; x_wconf 89' lang='lat' dir='ltr'>speciem,</span> <span class='ocrx_word' id='word_1_194' title='bbox 1011 1527 1211 1560; x_wconf 86' lang='lat' dir='ltr'>-mannato</span> <span class='ocrx_word' id='word_1_195' title='bbox 1242 1523 1420 1560; x_wconf 86' lang='lat' dir='ltr'>similem</span> <span class='ocrx_word' id='word_1_196' title='bbox 1449 1524 1679 1572; x_wconf 87' lang='lat' dir='ltr'>continent,</span> <span class='ocrx_word' id='word_1_197' title='bbox 1721 1525 1787 1560; x_wconf 91' lang='lat' dir='ltr'>cui</span> <span class='ocrx_word' id='word_1_198' title='bbox 1817 1526 1901 1561; x_wconf 82' lang='lat' dir='ltr'>vim</span> 
     </span>
     <span class='ocr_line' id='line_1_25' title="bbox 64 1581 1901 1628; baseline -0.001 -9"><span class='ocrx_word' id='word_1_199' title='bbox 64 1583 366 1619; x_wconf 85' lang='lat' dir='ltr'>medicatricem</span> <span class='ocrx_word' id='word_1_200' title='bbox 398 1584 563 1628; x_wconf 87' lang='lat' dir='ltr'>debent,</span> <span class='ocrx_word' id='word_1_201' title='bbox 604 1582 870 1626; x_wconf 88' lang='lat' dir='ltr'>plurimorum</span> <span class='ocrx_word' id='word_1_202' title='bbox 900 1581 1088 1617; x_wconf 89' lang='lat' dir='ltr'>diuretici</span> <span class='ocrx_word' id='word_1_203' title='bbox 1116 1582 1331 1617; x_wconf 89' lang='lat' dir='ltr'>habentur.</span> <span class='ocrx_word' id='word_1_204' title='bbox 1388 1582 1436 1616; x_wconf 90' lang='lat' dir='ltr'>In</span> <span class='ocrx_word' id='word_1_205' title='bbox 1465 1581 1692 1617; x_wconf 88' lang='lat' dir='ltr'>seminibus</span> <span class='ocrx_word' id='word_1_206' title='bbox 1722 1583 1901 1618; x_wconf 83' lang='lat' dir='ltr'>omnium</span> 
     </span>
     <span class='ocr_line' id='line_1_26' title="bbox 63 1638 1900 1683; baseline 0 -8"><span class='ocrx_word' id='word_1_207' title='bbox 63 1644 226 1683; x_wconf 88' lang='lat' dir='ltr'>praeter</span> <span class='ocrx_word' id='word_1_208' title='bbox 256 1641 451 1682; x_wconf 84' lang='lat' dir='ltr'>majorem</span> <span class='ocrx_word' id='word_1_209' title='bbox 474 1639 602 1682; x_wconf 73' lang='lat' dir='ltr'>amyli</span> <span class='ocrx_word' id='word_1_210' title='bbox 625 1638 785 1682; x_wconf 82' lang='lat' dir='ltr'>copiam</span> <span class='ocrx_word' id='word_1_211' title='bbox 815 1642 854 1674; x_wconf 88' lang='lat' dir='ltr'>et</span> <span class='ocrx_word' id='word_1_212' title='bbox 882 1641 1044 1683; x_wconf 82' lang='lat' dir='ltr'>gluten,</span> <span class='ocrx_word' id='word_1_213' title='bbox 1090 1640 1332 1673; x_wconf 82' lang='lat' dir='ltr'>saccharum</span> <span class='ocrx_word' id='word_1_214' title='bbox 1361 1640 1437 1673; x_wconf 87' lang='lat' dir='ltr'>sub</span> <span class='ocrx_word' id='word_1_215' title='bbox 1469 1638 1763 1682; x_wconf 84' lang='lat' dir='ltr'>germinatione</span> <span class='ocrx_word' id='word_1_216' title='bbox 1791 1639 1900 1675; x_wconf 90' lang='lat' dir='ltr'>inci-</span> 
     </span>
     <span class='ocr_line' id='line_1_27' title="bbox 64 1694 1493 1743; baseline -0.002 -11"><span class='ocrx_word' id='word_1_217' title='bbox 64 1697 200 1740; x_wconf 87' lang='lat' dir='ltr'>piente</span> <span class='ocrx_word' id='word_1_218' title='bbox 218 1700 402 1743; x_wconf 86' lang='lat' dir='ltr'>auctum,</span> <span class='ocrx_word' id='word_1_219' title='bbox 434 1696 621 1731; x_wconf 88' lang='lat' dir='ltr'>nonnihil</span> <span class='ocrx_word' id='word_1_220' title='bbox 638 1695 717 1731; x_wconf 89' lang='lat' dir='ltr'>olei</span> <span class='ocrx_word' id='word_1_221' title='bbox 733 1695 899 1738; x_wconf 86' lang='lat' dir='ltr'>pinguis</span> <span class='ocrx_word' id='word_1_222' title='bbox 917 1698 956 1730; x_wconf 89' lang='lat' dir='ltr'>et</span> <span class='ocrx_word' id='word_1_223' title='bbox 971 1697 1083 1731; x_wconf 87' lang='lat' dir='ltr'>sales</span> <span class='ocrx_word' id='word_1_224' title='bbox 1100 1694 1208 1728; x_wconf 85' lang='lat' dir='ltr'>varii</span> <span class='ocrx_word' id='word_1_225' title='bbox 1224 1694 1493 1737; x_wconf 88' lang='lat' dir='ltr'>reperiuntur.</span> 
     </span>
    </p>
   </div>
   <div class='ocr_carea' id='block_1_7' title="bbox 64 1761 1913 2042">
    <p class='ocr_par' dir='ltr' id='par_1_7' title="bbox 64 1761 1913 2042">
     <span class='ocr_line' id='line_1_28' title="bbox 125 1761 1900 1818; baseline -0.002 -16"><span class='ocrx_word' id='word_1_226' title='bbox 125 1812 147 1818; x_wconf 23' lang='grc' dir='ltr'>ἢ</span> <span class='ocrx_word' id='word_1_227' title='bbox 204 1768 370 1803; x_wconf 88' lang='lat' dir='ltr'>Paucae</span> <span class='ocrx_word' id='word_1_228' title='bbox 387 1766 656 1809; x_wconf 84' lang='lat' dir='ltr'>qualitatibus</span> <span class='ocrx_word' id='word_1_229' title='bbox 674 1768 900 1801; x_wconf 87' lang='lat' dir='ltr'>abnormes.</span> <span class='ocrx_word' id='word_1_230' title='bbox 945 1766 978 1800; x_wconf 90' lang='lat' dir='ltr'>E</span> <span class='ocrx_word' id='word_1_231' title='bbox 996 1763 1223 1800; x_wconf 56' lang='lat' dir='ltr'>seminibus</span> <span class='ocrx_word' id='word_1_232' title='bbox 1240 1761 1356 1798; x_wconf 82' lang='lat' dir='ltr'>Lolii</span> <span class='ocrx_word' id='word_1_233' title='bbox 1372 1762 1669 1809; x_wconf 74' lang='lat' dir='ltr'>temulentiL.,</span> <span class='ocrx_word' id='word_1_234' title='bbox 1702 1766 1900 1809; x_wconf 78' lang='lat' dir='ltr'>graminis</span> 
     </span>
     <span class='ocr_line' id='line_1_29' title="bbox 65 1812 1913 1868; baseline 0 -9"><span class='ocrx_word' id='word_1_235' title='bbox 65 1825 173 1867; x_wconf 88' lang='lat' dir='ltr'>apud</span> <span class='ocrx_word' id='word_1_236' title='bbox 191 1833 264 1859; x_wconf 91' lang='lat' dir='ltr'>nos</span> <span class='ocrx_word' id='word_1_237' title='bbox 280 1822 468 1868; x_wconf 87' lang='lat' dir='ltr'>vulgaris</span> <span class='ocrx_word' id='word_1_238' title='bbox 487 1826 523 1858; x_wconf 90' lang='lat' dir='ltr'>et</span> <span class='ocrx_word' id='word_1_239' title='bbox 540 1824 648 1866; x_wconf 87' lang='lat' dir='ltr'>apud</span> <span class='ocrx_word' id='word_1_240' title='bbox 665 1824 824 1865; x_wconf 89' lang='lat' dir='ltr'>plebem</span> <span class='ocrx_word' id='word_1_241' title='bbox 846 1821 1048 1866; x_wconf 88' lang='lat' dir='ltr'>suspecti,</span> <span class='ocrx_word' id='word_1_242' title='bbox 1080 1821 1356 1857; x_wconf 88' lang='lat' dir='ltr'>substantiam</span> <span class='ocrx_word' id='word_1_243' title='bbox 1378 1822 1631 1858; x_wconf 86' lang='lat' dir='ltr'>narcoticam</span> <span class='ocrx_word' id='word_1_244' title='bbox 1648 1812 1913 1868; x_wconf 62' lang='lat' dir='ltr'>[Loliinamj</span> 
     </span>
     <span class='ocr_line' id='line_1_30' title="bbox 64 1876 1901 1926; baseline -0.001 -10"><span class='ocrx_word' id='word_1_245' title='bbox 64 1880 246 1926; x_wconf 84' lang='lat' dir='ltr'>extrahi,</span> <span class='ocrx_word' id='word_1_246' title='bbox 278 1880 424 1916; x_wconf 90' lang='lat' dir='ltr'>mirum</span> <span class='ocrx_word' id='word_1_247' title='bbox 447 1883 522 1915; x_wconf 90' lang='lat' dir='ltr'>est.</span> <span class='ocrx_word' id='word_1_248' title='bbox 582 1876 804 1914; x_wconf 79' lang='lat' dir='ltr'>Molim’am</span> <span class='ocrx_word' id='word_1_249' title='bbox 829 1878 998 1913; x_wconf 78' lang='lat' dir='ltr'>variam</span> <span class='ocrx_word' id='word_1_250' title='bbox 1016 1880 1128 1914; x_wconf 84' lang='lat' dir='ltr'>Schr.</span> <span class='ocrx_word' id='word_1_251' title='bbox 1147 1878 1346 1920; x_wconf 87' lang='lat' dir='ltr'>jumentis</span> <span class='ocrx_word' id='word_1_252' title='bbox 1370 1879 1563 1915; x_wconf 84' lang='lat' dir='ltr'>infestum</span> <span class='ocrx_word' id='word_1_253' title='bbox 1578 1883 1736 1923; x_wconf 86' lang='lat' dir='ltr'>putant.</span> <span class='ocrx_word' id='word_1_254' title='bbox 1796 1876 1901 1915; x_wconf 73' lang='lat' dir='ltr'>Fes-</span> 
     </span>
     <span class='ocr_line' id='line_1_31' title="bbox 68 1930 1902 1984; baseline 0.002 -13"><span class='ocrx_word' id='word_1_255' title='bbox 68 1941 168 1972; x_wconf 68' lang='lat' dir='ltr'>tucci</span> <span class='ocrx_word' id='word_1_256' title='bbox 193 1934 532 1984; x_wconf 68' lang='lat' dir='ltr'>quadrideatata</span> <span class='ocrx_word' id='word_1_257' title='bbox 553 1937 715 1982; x_wconf 88' lang='lat' dir='ltr'>Kunth,</span> <span class='ocrx_word' id='word_1_258' title='bbox 746 1930 864 1982; x_wconf 70' lang='lat' dir='ltr'>{apud</span> <span class='ocrx_word' id='word_1_259' title='bbox 881 1936 1098 1979; x_wconf 81' lang='lat' dir='ltr'>Quitenses</span> <span class='ocrx_word' id='word_1_260' title='bbox 1116 1932 1289 1978; x_wconf 74' lang='lat' dir='ltr'>(quibus</span> <span class='ocrx_word' id='word_1_261' title='bbox 1303 1938 1428 1981; x_wconf 84' lang='lat' dir='ltr'>vulgo</span> <span class='ocrx_word' id='word_1_262' title='bbox 1444 1935 1631 1981; x_wconf 85' lang='lat' dir='ltr'>Pigonil]</span> <span class='ocrx_word' id='word_1_263' title='bbox 1654 1937 1902 1981; x_wconf 82' lang='lat' dir='ltr'>frequentis-</span> 
     </span>
     <span class='ocr_line' id='line_1_32' title="bbox 65 1991 1456 2042; baseline -0.002 -10"><span class='ocrx_word' id='word_1_264' title='bbox 65 1994 167 2032; x_wconf 86' lang='lat' dir='ltr'>sime</span> <span class='ocrx_word' id='word_1_265' title='bbox 184 2004 393 2042; x_wconf 86' lang='lat' dir='ltr'>crescens,</span> <span class='ocrx_word' id='word_1_266' title='bbox 425 1994 547 2030; x_wconf 87' lang='lat' dir='ltr'>valde</span> <span class='ocrx_word' id='word_1_267' title='bbox 562 2002 772 2029; x_wconf 88' lang='lat' dir='ltr'>venenosa</span> <span class='ocrx_word' id='word_1_268' title='bbox 788 1995 827 2028; x_wconf 88' lang='lat' dir='ltr'>et</span> <span class='ocrx_word' id='word_1_269' title='bbox 841 1992 1056 2037; x_wconf 81' lang='lat' dir='ltr'>pecoribus</span> <span class='ocrx_word' id='word_1_270' title='bbox 1071 1991 1280 2028; x_wconf 87' lang='lat' dir='ltr'>mortifera</span> <span class='ocrx_word' id='word_1_271' title='bbox 1297 1992 1456 2030; x_wconf 89' lang='lat' dir='ltr'>dicitur.</span> 
     </span>
    </p>
   </div>
   <div class='ocr_carea' id='block_1_8' title="bbox 64 2062 1903 3538">
    <p class='ocr_par' dir='ltr' id='par_1_8' title="bbox 64 2062 1902 2455">
     <span class='ocr_line' id='line_1_33' title="bbox 210 2062 1901 2113; baseline 0.002 -13"><span class='ocrx_word' id='word_1_272' title='bbox 210 2062 626 2112; x_wconf 79' lang='lat' dir='ltr'>Calamagrostidum</span> <span class='ocrx_word' id='word_1_273' title='bbox 656 2066 783 2100; x_wconf 88' lang='lat' dir='ltr'>herba</span> <span class='ocrx_word' id='word_1_274' title='bbox 811 2072 1013 2106; x_wconf 84' lang='lat' dir='ltr'>exsucca,</span> <span class='ocrx_word' id='word_1_275' title='bbox 1049 2063 1202 2099; x_wconf 89' lang='lat' dir='ltr'>nostris</span> <span class='ocrx_word' id='word_1_276' title='bbox 1232 2064 1426 2108; x_wconf 82' lang='lat' dir='ltr'>gregibus</span> <span class='ocrx_word' id='word_1_277' title='bbox 1454 2064 1631 2113; x_wconf 86' lang='lat' dir='ltr'>intacta,</span> <span class='ocrx_word' id='word_1_278' title='bbox 1669 2065 1707 2102; x_wconf 91' lang='lat' dir='ltr'>si</span> <span class='ocrx_word' id='word_1_279' title='bbox 1738 2065 1901 2104; x_wconf 79' lang='lat' dir='ltr'>afame</span> 
     </span>
     <span class='ocr_line' id='line_1_34' title="bbox 66 2120 1902 2169; baseline 0.001 -10"><span class='ocrx_word' id='word_1_280' title='bbox 66 2122 221 2159; x_wconf 86' lang='lat' dir='ltr'>coactis</span> <span class='ocrx_word' id='word_1_281' title='bbox 238 2122 457 2169; x_wconf 81' lang='lat' dir='ltr'>manditur,</span> <span class='ocrx_word' id='word_1_282' title='bbox 484 2122 626 2158; x_wconf 86' lang='lat' dir='ltr'>fauces</span> <span class='ocrx_word' id='word_1_283' title='bbox 643 2121 850 2167; x_wconf 83' lang='lat' dir='ltr'>sauciare,</span> <span class='ocrx_word' id='word_1_284' title='bbox 875 2120 1074 2165; x_wconf 87' lang='lat' dir='ltr'>deglutita</span> <span class='ocrx_word' id='word_1_285' title='bbox 1089 2120 1288 2156; x_wconf 88' lang='lat' dir='ltr'>intestina</span> <span class='ocrx_word' id='word_1_286' title='bbox 1302 2122 1465 2156; x_wconf 89' lang='lat' dir='ltr'>laedere</span> <span class='ocrx_word' id='word_1_287' title='bbox 1481 2124 1607 2169; x_wconf 89' lang='lat' dir='ltr'>solet,</span> <span class='ocrx_word' id='word_1_288' title='bbox 1631 2122 1711 2158; x_wconf 88' lang='lat' dir='ltr'>imo</span> <span class='ocrx_word' id='word_1_289' title='bbox 1729 2133 1902 2160; x_wconf 83' lang='lat' dir='ltr'>enecare</span> 
     </span>
     <span class='ocr_line' id='line_1_35' title="bbox 68 2174 1902 2226; baseline 0.001 -11"><span class='ocrx_word' id='word_1_290' title='bbox 68 2184 199 2223; x_wconf 89' lang='lat' dir='ltr'>potest</span> <span class='ocrx_word' id='word_1_291' title='bbox 214 2179 398 2216; x_wconf 88' lang='lat' dir='ltr'>laesione</span> <span class='ocrx_word' id='word_1_292' title='bbox 411 2178 654 2215; x_wconf 88' lang='lat' dir='ltr'>mechanica</span> <span class='ocrx_word' id='word_1_293' title='bbox 669 2178 968 2214; x_wconf 89' lang='lat' dir='ltr'>intestinorum.</span> <span class='ocrx_word' id='word_1_294' title='bbox 1026 2178 1138 2213; x_wconf 88' lang='lat' dir='ltr'>Idem</span> <span class='ocrx_word' id='word_1_295' title='bbox 1154 2179 1202 2213; x_wconf 86' lang='lat' dir='ltr'>de</span> <span class='ocrx_word' id='word_1_296' title='bbox 1220 2174 1366 2223; x_wconf 80' lang='lat' dir='ltr'>Stipae</span> <span class='ocrx_word' id='word_1_297' title='bbox 1381 2187 1493 2214; x_wconf 84' lang='lat' dir='ltr'>noxa</span> <span class='ocrx_word' id='word_1_298' title='bbox 1507 2181 1637 2226; x_wconf 80' lang='lat' dir='ltr'>valet,</span> <span class='ocrx_word' id='word_1_299' title='bbox 1670 2182 1902 2223; x_wconf 87' lang='lat' dir='ltr'>glumarum</span> 
     </span>
     <span class='ocr_line' id='line_1_36' title="bbox 66 2235 1898 2281; baseline 0 -8"><span class='ocrx_word' id='word_1_300' title='bbox 66 2237 209 2273; x_wconf 90' lang='lat' dir='ltr'>aristis</span> <span class='ocrx_word' id='word_1_301' title='bbox 226 2236 372 2280; x_wconf 84' lang='lat' dir='ltr'>rigidis</span> <span class='ocrx_word' id='word_1_302' title='bbox 389 2246 461 2279; x_wconf 90' lang='lat' dir='ltr'>per</span> <span class='ocrx_word' id='word_1_303' title='bbox 476 2235 755 2280; x_wconf 88' lang='lat' dir='ltr'>lanigerorum</span> <span class='ocrx_word' id='word_1_304' title='bbox 769 2237 905 2271; x_wconf 86' lang='lat' dir='ltr'>vellus</span> <span class='ocrx_word' id='word_1_305' title='bbox 923 2237 1055 2270; x_wconf 90' lang='lat' dir='ltr'>cutem</span> <span class='ocrx_word' id='word_1_306' title='bbox 1070 2235 1379 2277; x_wconf 84' lang='lat' dir='ltr'>penetrantibus</span> <span class='ocrx_word' id='word_1_307' title='bbox 1402 2235 1576 2281; x_wconf 87' lang='lat' dir='ltr'>infesta,</span> <span class='ocrx_word' id='word_1_308' title='bbox 1609 2237 1718 2273; x_wconf 87' lang='lat' dir='ltr'>alias</span> <span class='ocrx_word' id='word_1_309' title='bbox 1740 2237 1898 2273; x_wconf 88' lang='lat' dir='ltr'>insons.</span> 
     </span>
     <span class='ocr_line' id='line_1_37' title="bbox 64 2291 1902 2339; baseline 0.002 -12"><span class='ocrx_word' id='word_1_310' title='bbox 64 2291 218 2328; x_wconf 85' lang='lat' dir='ltr'>Bromi</span> <span class='ocrx_word' id='word_1_311' title='bbox 225 2292 457 2339; x_wconf 79' lang='lat' dir='ltr'>purgantis</span> <span class='ocrx_word' id='word_1_312' title='bbox 471 2295 518 2328; x_wconf 90' lang='lat' dir='ltr'>L.</span> <span class='ocrx_word' id='word_1_313' title='bbox 536 2292 578 2328; x_wconf 90' lang='lat' dir='ltr'>in</span> <span class='ocrx_word' id='word_1_314' title='bbox 593 2291 881 2335; x_wconf 85' lang='lat' dir='ltr'>Pensylvania</span> <span class='ocrx_word' id='word_1_315' title='bbox 903 2294 941 2327; x_wconf 85' lang='lat' dir='ltr'>et.</span> <span class='ocrx_word' id='word_1_316' title='bbox 959 2292 1127 2327; x_wconf 83' lang='lat' dir='ltr'>Canada</span> <span class='ocrx_word' id='word_1_317' title='bbox 1148 2291 1332 2335; x_wconf 85' lang='lat' dir='ltr'>indigeni</span> <span class='ocrx_word' id='word_1_318' title='bbox 1359 2292 1478 2328; x_wconf 89' lang='lat' dir='ltr'>radix</span> <span class='ocrx_word' id='word_1_319' title='bbox 1500 2293 1739 2330; x_wconf 83' lang='lat' dir='ltr'>cathartica.</span> <span class='ocrx_word' id='word_1_320' title='bbox 1798 2295 1902 2330; x_wconf 88' lang='lat' dir='ltr'>Rhi-</span> 
     </span>
     <span class='ocr_line' id='line_1_38' title="bbox 65 2346 1902 2400; baseline 0 -13"><span class='ocrx_word' id='word_1_321' title='bbox 65 2351 238 2387; x_wconf 86' lang='lat' dir='ltr'>zomatis</span> <span class='ocrx_word' id='word_1_322' title='bbox 270 2348 420 2385; x_wconf 81' lang='lat' dir='ltr'>Bromi</span> <span class='ocrx_word' id='word_1_323' title='bbox 449 2346 690 2384; x_wconf 73' lang='lat' dir='ltr'>cathartici</span> <span class='ocrx_word' id='word_1_324' title='bbox 708 2351 779 2396; x_wconf 91' lang='lat' dir='ltr'>L.,</span> <span class='ocrx_word' id='word_1_325' title='bbox 818 2348 1002 2385; x_wconf 83' lang='lat' dir='ltr'>Chilenis</span> <span class='ocrx_word' id='word_1_326' title='bbox 1032 2351 1106 2386; x_wconf 87' lang='lat' dir='ltr'>sub</span> <span class='ocrx_word' id='word_1_327' title='bbox 1136 2348 1301 2385; x_wconf 89' lang='lat' dir='ltr'>nomine</span> <span class='ocrx_word' id='word_1_328' title='bbox 1331 2348 1480 2385; x_wconf 86' lang='lat' dir='ltr'>Guilno</span> <span class='ocrx_word' id='word_1_329' title='bbox 1510 2350 1737 2400; x_wconf 87' lang='lat' dir='ltr'>notissimi,</span> <span class='ocrx_word' id='word_1_330' title='bbox 1778 2359 1902 2396; x_wconf 86' lang='lat' dir='ltr'>sapor</span> 
     </span>
     <span class='ocr_line' id='line_1_39' title="bbox 65 2407 900 2455; baseline -0.004 -11"><span class='ocrx_word' id='word_1_331' title='bbox 65 2407 196 2455; x_wconf 88' lang='lat' dir='ltr'>acris,</span> <span class='ocrx_word' id='word_1_332' title='bbox 228 2407 410 2444; x_wconf 85' lang='lat' dir='ltr'>infusum</span> <span class='ocrx_word' id='word_1_333' title='bbox 426 2409 688 2442; x_wconf 86' lang='lat' dir='ltr'>vehementer</span> <span class='ocrx_word' id='word_1_334' title='bbox 703 2414 900 2450; x_wconf 86' lang='lat' dir='ltr'>purgans.</span> 
     </span>
    </p>

    <p class='ocr_par' dir='ltr' id='par_1_9' title="bbox 67 2460 1903 2625">
     <span class='ocr_line' id='line_1_40' title="bbox 206 2460 1903 2506; baseline 0.001 -8"><span class='ocrx_word' id='word_1_335' title='bbox 206 2460 516 2499; x_wconf 64' lang='lat' dir='ltr'>Anthoxcmtlzi</span> <span class='ocrx_word' id='word_1_336' title='bbox 529 2461 705 2498; x_wconf 71' lang='lat' dir='ltr'>odorati</span> <span class='ocrx_word' id='word_1_337' title='bbox 716 2465 762 2499; x_wconf 85' lang='lat' dir='ltr'><strong>L.</strong></span> <span class='ocrx_word' id='word_1_338' title='bbox 778 2465 905 2499; x_wconf 84' lang='lat' dir='ltr'>herba</span> <span class='ocrx_word' id='word_1_339' title='bbox 919 2463 1163 2499; x_wconf 86' lang='lat' dir='ltr'>nostratium</span> <span class='ocrx_word' id='word_1_340' title='bbox 1185 2466 1391 2506; x_wconf 87' lang='lat' dir='ltr'>pratorum</span> <span class='ocrx_word' id='word_1_341' title='bbox 1416 2462 1532 2500; x_wconf 84' lang='lat' dir='ltr'>foeno</span> <span class='ocrx_word' id='word_1_342' title='bbox 1553 2473 1685 2501; x_wconf 80' lang='lat' dir='ltr'>suave</span> <span class='ocrx_word' id='word_1_343' title='bbox 1707 2464 1903 2502; x_wconf 89' lang='lat' dir='ltr'>conciliat</span> 
     </span>
     <span class='ocr_line' id='line_1_41' title="bbox 67 2517 1902 2567; baseline 0.001 -11"><span class='ocrx_word' id='word_1_344' title='bbox 67 2529 217 2557; x_wconf 88' lang='lat' dir='ltr'>aroma.</span> <span class='ocrx_word' id='word_1_345' title='bbox 276 2517 597 2567; x_wconf 81' lang='lat' dir='ltr'>Andropogom‘s</span> <span class='ocrx_word' id='word_1_346' title='bbox 627 2520 788 2564; x_wconf 87' lang='lat' dir='ltr'>species</span> <span class='ocrx_word' id='word_1_347' title='bbox 818 2522 1044 2556; x_wconf 88' lang='lat' dir='ltr'>nonnullae</span> <span class='ocrx_word' id='word_1_348' title='bbox 1067 2521 1176 2563; x_wconf 84' lang='lat' dir='ltr'>apud</span> <span class='ocrx_word' id='word_1_349' title='bbox 1198 2521 1320 2556; x_wconf 87' lang='lat' dir='ltr'>Indos</span> <span class='ocrx_word' id='word_1_350' title='bbox 1345 2525 1576 2557; x_wconf 87' lang='lat' dir='ltr'>crescentes</span> <span class='ocrx_word' id='word_1_351' title='bbox 1600 2521 1784 2559; x_wconf 84' lang='lat' dir='ltr'>validius</span> <span class='ocrx_word' id='word_1_352' title='bbox 1807 2531 1902 2558; x_wconf 91' lang='lat' dir='ltr'>aro-</span> 
     </span>
     <span class='ocr_line' id='line_1_42' title="bbox 68 2577 1792 2625; baseline 0 -11"><span class='ocrx_word' id='word_1_353' title='bbox 68 2577 262 2625; x_wconf 87' lang='lat' dir='ltr'>maticae,</span> <span class='ocrx_word' id='word_1_354' title='bbox 294 2581 381 2614; x_wconf 90' lang='lat' dir='ltr'>oleo</span> <span class='ocrx_word' id='word_1_355' title='bbox 398 2581 586 2614; x_wconf 88' lang='lat' dir='ltr'>aethereo</span> <span class='ocrx_word' id='word_1_356' title='bbox 603 2577 756 2621; x_wconf 81' lang='lat' dir='ltr'>foetae,</span> <span class='ocrx_word' id='word_1_357' title='bbox 790 2577 900 2613; x_wconf 88' lang='lat' dir='ltr'>acidi</span> <span class='ocrx_word' id='word_1_358' title='bbox 916 2577 1105 2613; x_wconf 80' lang='lat' dir='ltr'>benzoici</span> <span class='ocrx_word' id='word_1_359' title='bbox 1121 2577 1316 2621; x_wconf 82' lang='lat' dir='ltr'>exiguam</span> <span class='ocrx_word' id='word_1_360' title='bbox 1332 2578 1556 2621; x_wconf 88' lang='lat' dir='ltr'>portionem</span> <span class='ocrx_word' id='word_1_361' title='bbox 1572 2578 1792 2615; x_wconf 85' lang='lat' dir='ltr'>continent.</span> 
     </span>
    </p>

    <p class='ocr_par' dir='ltr' id='par_1_10' title="bbox 64 2631 1903 3079">
     <span class='ocr_line' id='line_1_43' title="bbox 205 2631 1902 2682; baseline 0.001 -12"><span class='ocrx_word' id='word_1_362' title='bbox 205 2636 316 2671; x_wconf 89' lang='lat' dir='ltr'>Inter</span> <span class='ocrx_word' id='word_1_363' title='bbox 345 2635 542 2670; x_wconf 71' lang='lat' dir='ltr'>Gramma</span> <span class='ocrx_word' id='word_1_364' title='bbox 570 2634 795 2670; x_wconf 87' lang='lat' dir='ltr'>officinalia</span> <span class='ocrx_word' id='word_1_365' title='bbox 823 2633 1051 2677; x_wconf 87' lang='lat' dir='ltr'>principem</span> <span class='ocrx_word' id='word_1_366' title='bbox 1085 2636 1222 2670; x_wconf 90' lang='lat' dir='ltr'>locum</span> <span class='ocrx_word' id='word_1_367' title='bbox 1259 2637 1368 2670; x_wconf 88' lang='lat' dir='ltr'>tenet</span> <span class='ocrx_word' id='word_1_368' title='bbox 1409 2632 1600 2680; x_wconf 66' lang='lat' dir='ltr'>„Radix</span> <span class='ocrx_word' id='word_1_369' title='bbox 1634 2631 1902 2682; x_wconf 78' lang='lat' dir='ltr'>Gramim‘s,“</span> 
     </span>
     <span class='ocr_line' id='line_1_44' title="bbox 64 2688 1901 2737; baseline 0 -9"><span class='ocrx_word' id='word_1_370' title='bbox 64 2691 155 2728; x_wconf 75' lang='lat' dir='ltr'>sive</span> <span class='ocrx_word' id='word_1_371' title='bbox 177 2688 333 2726; x_wconf 81' lang='lat' dir='ltr'>Tritici</span> <span class='ocrx_word' id='word_1_372' title='bbox 346 2690 600 2735; x_wconf 61' lang='lat' dir='ltr'>(Agropyrn</span> <span class='ocrx_word' id='word_1_373' title='bbox 625 2689 810 2736; x_wconf 76' lang='lat' dir='ltr'>repentis</span> <span class='ocrx_word' id='word_1_374' title='bbox 827 2692 872 2725; x_wconf 90' lang='lat' dir='ltr'>L.</span> <span class='ocrx_word' id='word_1_375' title='bbox 899 2688 1236 2737; x_wconf 81' lang='lat' dir='ltr'>(Queckengras,</span> <span class='ocrx_word' id='word_1_376' title='bbox 1269 2691 1429 2736; x_wconf 82' lang='lat' dir='ltr'>Payer]</span> <span class='ocrx_word' id='word_1_377' title='bbox 1446 2691 1596 2734; x_wconf 85' lang='lat' dir='ltr'>ubique</span> <span class='ocrx_word' id='word_1_378' title='bbox 1616 2692 1661 2728; x_wconf 91' lang='lat' dir='ltr'>in</span> <span class='ocrx_word' id='word_1_379' title='bbox 1678 2693 1800 2728; x_wconf 87' lang='lat' dir='ltr'>cultis</span> <span class='ocrx_word' id='word_1_380' title='bbox 1814 2695 1901 2729; x_wconf 89' lang='lat' dir='ltr'>Eu-</span> 
     </span>
     <span class='ocr_line' id='line_1_45' title="bbox 64 2746 1903 2794; baseline 0.001 -10"><span class='ocrx_word' id='word_1_381' title='bbox 64 2757 189 2792; x_wconf 88' lang='lat' dir='ltr'>ropae</span> <span class='ocrx_word' id='word_1_382' title='bbox 220 2748 446 2785; x_wconf 89' lang='lat' dir='ltr'>crescentis</span> <span class='ocrx_word' id='word_1_383' title='bbox 478 2746 601 2783; x_wconf 91' lang='lat' dir='ltr'>culmi</span> <span class='ocrx_word' id='word_1_384' title='bbox 624 2746 882 2784; x_wconf 88' lang='lat' dir='ltr'>subterranei</span> <span class='ocrx_word' id='word_1_385' title='bbox 906 2747 1030 2794; x_wconf 90' lang='lat' dir='ltr'>rami,</span> <span class='ocrx_word' id='word_1_386' title='bbox 1060 2750 1266 2782; x_wconf 88' lang='lat' dir='ltr'>hortorum</span> <span class='ocrx_word' id='word_1_387' title='bbox 1289 2748 1434 2790; x_wconf 81' lang='lat' dir='ltr'>pestis.</span> <span class='ocrx_word' id='word_1_388' title='bbox 1493 2749 1648 2785; x_wconf 86' lang='lat' dir='ltr'>Variae</span> <span class='ocrx_word' id='word_1_389' title='bbox 1670 2749 1714 2784; x_wconf 92' lang='lat' dir='ltr'>in</span> <span class='ocrx_word' id='word_1_390' title='bbox 1737 2750 1903 2793; x_wconf 87' lang='lat' dir='ltr'>Europa</span> 
     </span>
     <span class='ocr_line' id='line_1_46' title="bbox 64 2803 1901 2854; baseline 0.001 -13"><span class='ocrx_word' id='word_1_391' title='bbox 64 2804 240 2842; x_wconf 84' lang='lat' dir='ltr'>australi</span> <span class='ocrx_word' id='word_1_392' title='bbox 258 2809 293 2841; x_wconf 91' lang='lat' dir='ltr'>et</span> <span class='ocrx_word' id='word_1_393' title='bbox 312 2806 421 2848; x_wconf 79' lang='lat' dir='ltr'>apud</span> <span class='ocrx_word' id='word_1_394' title='bbox 444 2809 608 2840; x_wconf 87' lang='lat' dir='ltr'>exteras</span> <span class='ocrx_word' id='word_1_395' title='bbox 632 2807 774 2848; x_wconf 87' lang='lat' dir='ltr'>gentes</span> <span class='ocrx_word' id='word_1_396' title='bbox 798 2803 927 2839; x_wconf 87' lang='lat' dir='ltr'>radici</span> <span class='ocrx_word' id='word_1_397' title='bbox 949 2803 1123 2839; x_wconf 85' lang='lat' dir='ltr'>nostrati</span> <span class='ocrx_word' id='word_1_398' title='bbox 1145 2803 1450 2840; x_wconf 87' lang='lat' dir='ltr'>substituuntur</span> <span class='ocrx_word' id='word_1_399' title='bbox 1467 2805 1702 2841; x_wconf 83' lang='lat' dir='ltr'>Graminum</span> <span class='ocrx_word' id='word_1_400' title='bbox 1724 2806 1901 2854; x_wconf 88' lang='lat' dir='ltr'>species,</span> 
     </span>
     <span class='ocr_line' id='line_1_47' title="bbox 64 2859 1903 2906; baseline 0 -7"><span class='ocrx_word' id='word_1_401' title='bbox 64 2862 328 2906; x_wconf 85' lang='lat' dir='ltr'>mucilaginis</span> <span class='ocrx_word' id='word_1_402' title='bbox 361 2861 496 2898; x_wconf 89' lang='lat' dir='ltr'>dulcis</span> <span class='ocrx_word' id='word_1_403' title='bbox 528 2860 648 2905; x_wconf 86' lang='lat' dir='ltr'>copia</span> <span class='ocrx_word' id='word_1_404' title='bbox 677 2861 787 2896; x_wconf 88' lang='lat' dir='ltr'>haud</span> <span class='ocrx_word' id='word_1_405' title='bbox 809 2859 1039 2896; x_wconf 84' lang='lat' dir='ltr'>inferiores.</span> <span class='ocrx_word' id='word_1_406' title='bbox 1097 2861 1145 2896; x_wconf 90' lang='lat' dir='ltr'>In</span> <span class='ocrx_word' id='word_1_407' title='bbox 1165 2860 1332 2903; x_wconf 87' lang='lat' dir='ltr'>Europa</span> <span class='ocrx_word' id='word_1_408' title='bbox 1354 2861 1654 2898; x_wconf 87' lang='lat' dir='ltr'>mediterranea</span> <span class='ocrx_word' id='word_1_409' title='bbox 1675 2862 1903 2899; x_wconf 80' lang='lat' dir='ltr'>rhizomata</span> 
     </span>
     <span class='ocr_line' id='line_1_48' title="bbox 71 2915 1901 2966; baseline 0.001 -14"><span class='ocrx_word' id='word_1_410' title='bbox 71 2917 230 2953; x_wconf 82' lang='lat' dir='ltr'>Tritici</span> <span class='ocrx_word' id='word_1_411' title='bbox 240 2917 390 2965; x_wconf 79' lang='lat' dir='ltr'>glauci</span> <span class='ocrx_word' id='word_1_412' title='bbox 401 2918 515 2955; x_wconf 83' lang='lat' dir='ltr'>Desf.</span> <span class='ocrx_word' id='word_1_413' title='bbox 532 2921 568 2954; x_wconf 91' lang='lat' dir='ltr'>et</span> <span class='ocrx_word' id='word_1_414' title='bbox 592 2915 750 2952; x_wconf 81' lang='lat' dir='ltr'>Tritici</span> <span class='ocrx_word' id='word_1_415' title='bbox 755 2915 905 2962; x_wconf 67' lang='lat' dir='ltr'>juncea·</span> <span class='ocrx_word' id='word_1_416' title='bbox 917 2919 964 2952; x_wconf 88' lang='lat' dir='ltr'>L.</span> <span class='ocrx_word' id='word_1_417' title='bbox 981 2917 1025 2953; x_wconf 87' lang='lat' dir='ltr'>in</span> <span class='ocrx_word' id='word_1_418' title='bbox 1039 2925 1158 2952; x_wconf 91' lang='lat' dir='ltr'>usum</span> <span class='ocrx_word' id='word_1_419' title='bbox 1174 2917 1375 2953; x_wconf 89' lang='lat' dir='ltr'>medicum</span> <span class='ocrx_word' id='word_1_420' title='bbox 1390 2917 1652 2961; x_wconf 88' lang='lat' dir='ltr'>colliguntur.</span> <span class='ocrx_word' id='word_1_421' title='bbox 1701 2917 1901 2966; x_wconf 73' lang='lat' dir='ltr'>Cynodon</span> 
     </span>
     <span class='ocr_line' id='line_1_49' title="bbox 67 2971 1900 3024; baseline 0.002 -15"><span class='ocrx_word' id='word_1_422' title='bbox 67 2973 290 3022; x_wconf 59' lang='lat' dir='ltr'>Dae-tylon</span> <span class='ocrx_word' id='word_1_423' title='bbox 318 2978 364 3012; x_wconf 90' lang='lat' dir='ltr'>L.</span> <span class='ocrx_word' id='word_1_424' title='bbox 396 2975 441 3011; x_wconf 92' lang='lat' dir='ltr'>in</span> <span class='ocrx_word' id='word_1_425' title='bbox 469 2975 618 3011; x_wconf 88' lang='lat' dir='ltr'>Italiae</span> <span class='ocrx_word' id='word_1_426' title='bbox 648 2974 826 3010; x_wconf 84' lang='lat' dir='ltr'>officinis</span> <span class='ocrx_word' id='word_1_427' title='bbox 856 2977 1027 3017; x_wconf 89' lang='lat' dir='ltr'>prostat.</span> <span class='ocrx_word' id='word_1_428' title='bbox 1097 2971 1295 3019; x_wconf 70' lang='lat' dir='ltr'>Cynodon</span> <span class='ocrx_word' id='word_1_429' title='bbox 1325 2972 1488 3008; x_wconf 77' lang='lat' dir='ltr'>lineare</span> <span class='ocrx_word' id='word_1_430' title='bbox 1517 2975 1664 3012; x_wconf 83' lang='lat' dir='ltr'>Willd.</span> <span class='ocrx_word' id='word_1_431' title='bbox 1694 2975 1737 3012; x_wconf 92' lang='lat' dir='ltr'>in</span> <span class='ocrx_word' id='word_1_432' title='bbox 1767 2976 1900 3024; x_wconf 82' lang='lat' dir='ltr'>India,</span> 
     </span>
     <span class='ocr_line' id='line_1_50' title="bbox 66 3028 1779 3079; baseline 0.001 -12"><span class='ocrx_word' id='word_1_433' title='bbox 66 3028 348 3079; x_wconf 73' lang='lat' dir='ltr'>Andropogon</span> <span class='ocrx_word' id='word_1_434' title='bbox 365 3031 667 3077; x_wconf 77' lang='lat' dir='ltr'>(Anatherum)</span> <span class='ocrx_word' id='word_1_435' title='bbox 683 3029 866 3066; x_wconf 76' lang='lat' dir='ltr'>bicornis</span> <span class='ocrx_word' id='word_1_436' title='bbox 883 3033 929 3067; x_wconf 90' lang='lat' dir='ltr'>L.</span> <span class='ocrx_word' id='word_1_437' title='bbox 947 3030 990 3066; x_wconf 90' lang='lat' dir='ltr'>in</span> <span class='ocrx_word' id='word_1_438' title='bbox 1006 3031 1200 3067; x_wconf 86' lang='lat' dir='ltr'>America</span> <span class='ocrx_word' id='word_1_439' title='bbox 1216 3031 1414 3067; x_wconf 85' lang='lat' dir='ltr'>calidiore</span> <span class='ocrx_word' id='word_1_440' title='bbox 1429 3032 1779 3069; x_wconf 85' lang='lat' dir='ltr'>administrantur.</span> 
     </span>
    </p>

    <p class='ocr_par' dir='ltr' id='par_1_11' title="bbox 65 3084 1901 3361">
     <span class='ocr_line' id='line_1_51' title="bbox 207 3084 1899 3135; baseline 0.002 -12"><span class='ocrx_word' id='word_1_441' title='bbox 207 3087 377 3124; x_wconf 78' lang='lat' dir='ltr'>Hordei</span> <span class='ocrx_word' id='word_1_442' title='bbox 391 3086 583 3135; x_wconf 75' lang='lat' dir='ltr'>vulgaris</span> <span class='ocrx_word' id='word_1_443' title='bbox 598 3090 645 3124; x_wconf 87' lang='lat' dir='ltr'>L.</span> <span class='ocrx_word' id='word_1_444' title='bbox 662 3087 854 3133; x_wconf 62' lang='lat' dir='ltr'>(Germe)</span> <span class='ocrx_word' id='word_1_445' title='bbox 871 3090 907 3123; x_wconf 91' lang='lat' dir='ltr'>et</span> <span class='ocrx_word' id='word_1_446' title='bbox 924 3084 1094 3121; x_wconf 81' lang='lat' dir='ltr'>Hordei</span> <span class='ocrx_word' id='word_1_447' title='bbox 1105 3085 1281 3122; x_wconf 78' lang='lat' dir='ltr'>distichi</span> <span class='ocrx_word' id='word_1_448' title='bbox 1294 3089 1340 3124; x_wconf 89' lang='lat' dir='ltr'>L.</span> <span class='ocrx_word' id='word_1_449' title='bbox 1365 3088 1525 3125; x_wconf 88' lang='lat' dir='ltr'>semina</span> <span class='ocrx_word' id='word_1_450' title='bbox 1543 3090 1668 3126; x_wconf 88' lang='lat' dir='ltr'>cruda</span> <span class='ocrx_word' id='word_1_451' title='bbox 1691 3093 1730 3126; x_wconf 86' lang='lat' dir='ltr'>et</span> <span class='ocrx_word' id='word_1_452' title='bbox 1754 3099 1899 3126; x_wconf 83' lang='lat' dir='ltr'>excor-</span> 
     </span>
     <span class='ocr_line' id='line_1_52' title="bbox 68 3145 1901 3192; baseline -0.001 -9"><span class='ocrx_word' id='word_1_453' title='bbox 68 3147 194 3183; x_wconf 86' lang='lat' dir='ltr'>ticata</span> <span class='ocrx_word' id='word_1_454' title='bbox 218 3145 446 3189; x_wconf 77' lang='lat' dir='ltr'>[Hordeum</span> <span class='ocrx_word' id='word_1_455' title='bbox 461 3147 700 3181; x_wconf 81' lang='lat' dir='ltr'>mundatum</span> <span class='ocrx_word' id='word_1_456' title='bbox 724 3154 758 3181; x_wconf 89' lang='lat' dir='ltr'>s.</span> <span class='ocrx_word' id='word_1_457' title='bbox 782 3147 1006 3192; x_wconf 85' lang='lat' dir='ltr'>perlatum,</span> <span class='ocrx_word' id='word_1_458' title='bbox 1036 3147 1162 3189; x_wconf 81' lang='lat' dir='ltr'>vulgo</span> <span class='ocrx_word' id='word_1_459' title='bbox 1186 3145 1423 3192; x_wconf 81' lang='lat' dir='ltr'>Graupen),</span> <span class='ocrx_word' id='word_1_460' title='bbox 1455 3146 1551 3181; x_wconf 90' lang='lat' dir='ltr'>item</span> <span class='ocrx_word' id='word_1_461' title='bbox 1574 3146 1728 3188; x_wconf 85' lang='lat' dir='ltr'>primae</span> <span class='ocrx_word' id='word_1_462' title='bbox 1751 3147 1901 3191; x_wconf 86' lang='lat' dir='ltr'>germi-</span> 
     </span>
     <span class='ocr_line' id='line_1_53' title="bbox 68 3199 1901 3248; baseline 0 -9"><span class='ocrx_word' id='word_1_463' title='bbox 68 3204 226 3240; x_wconf 88' lang='lat' dir='ltr'>nationi</span> <span class='ocrx_word' id='word_1_464' title='bbox 251 3204 458 3248; x_wconf 89' lang='lat' dir='ltr'>subjecta,</span> <span class='ocrx_word' id='word_1_465' title='bbox 490 3202 636 3238; x_wconf 86' lang='lat' dir='ltr'>deinde</span> <span class='ocrx_word' id='word_1_466' title='bbox 653 3202 815 3238; x_wconf 89' lang='lat' dir='ltr'>siccata</span> <span class='ocrx_word' id='word_1_467' title='bbox 830 3205 870 3237; x_wconf 83' lang='lat' dir='ltr'>et</span> <span class='ocrx_word' id='word_1_468' title='bbox 884 3203 993 3237; x_wconf 86' lang='lat' dir='ltr'>mola</span> <span class='ocrx_word' id='word_1_469' title='bbox 1008 3201 1142 3237; x_wconf 85' lang='lat' dir='ltr'>fracta</span> <span class='ocrx_word' id='word_1_470' title='bbox 1160 3199 1378 3246; x_wconf 83' lang='lat' dir='ltr'>(maltum)</span> <span class='ocrx_word' id='word_1_471' title='bbox 1394 3202 1581 3247; x_wconf 84' lang='lat' dir='ltr'>vulgaris</span> <span class='ocrx_word' id='word_1_472' title='bbox 1598 3204 1706 3245; x_wconf 86' lang='lat' dir='ltr'>apud</span> <span class='ocrx_word' id='word_1_473' title='bbox 1723 3204 1901 3240; x_wconf 87' lang='lat' dir='ltr'>medicos</span> 
     </span>
     <span class='ocr_line' id='line_1_54' title="bbox 65 3255 1901 3305; baseline 0.001 -9"><span class='ocrx_word' id='word_1_474' title='bbox 65 3270 169 3297; x_wconf 84' lang='lat' dir='ltr'>usus</span> <span class='ocrx_word' id='word_1_475' title='bbox 199 3263 309 3297; x_wconf 87' lang='lat' dir='ltr'>sunt.</span> <span class='ocrx_word' id='word_1_476' title='bbox 363 3261 560 3303; x_wconf 82' lang='lat' dir='ltr'>Amylum</span> <span class='ocrx_word' id='word_1_477' title='bbox 587 3269 609 3295; x_wconf 92' lang='lat' dir='ltr'>e</span> <span class='ocrx_word' id='word_1_478' title='bbox 645 3256 803 3294; x_wconf 79' lang='lat' dir='ltr'>Tritici</span> <span class='ocrx_word' id='word_1_479' title='bbox 829 3255 1022 3305; x_wconf 79' lang='lat' dir='ltr'>vulgaris</span> <span class='ocrx_word' id='word_1_480' title='bbox 1044 3260 1092 3295; x_wconf 89' lang='lat' dir='ltr'>L.</span> <span class='ocrx_word' id='word_1_481' title='bbox 1124 3256 1365 3302; x_wconf 56' lang='lat' dir='ltr'>[lVeitzen]</span> <span class='ocrx_word' id='word_1_482' title='bbox 1396 3258 1623 3296; x_wconf 86' lang='lat' dir='ltr'>seminibus</span> <span class='ocrx_word' id='word_1_483' title='bbox 1652 3259 1697 3296; x_wconf 92' lang='lat' dir='ltr'>in</span> <span class='ocrx_word' id='word_1_484' title='bbox 1725 3259 1901 3298; x_wconf 84' lang='lat' dir='ltr'>officinis</span> 
     </span>
     <span class='ocr_line' id='line_1_55' title="bbox 68 3320 235 3361; baseline -0.012 -9"><span class='ocrx_word' id='word_1_485' title='bbox 68 3320 235 3361; x_wconf 87' lang='lat' dir='ltr'>prostat.</span> 
     </span>
    </p>

    <p class='ocr_par' dir='ltr' id='par_1_12' title="bbox 69 3368 1901 3538">
     <span class='ocr_line' id='line_1_56' title="bbox 211 3368 1901 3419; baseline 0.001 -11"><span class='ocrx_word' id='word_1_486' title='bbox 211 3368 425 3408; x_wconf 74' lang='lat' dir='ltr'>Sacclzari</span> <span class='ocrx_word' id='word_1_487' title='bbox 451 3371 674 3409; x_wconf 84' lang='lat' dir='ltr'>maximam</span> <span class='ocrx_word' id='word_1_488' title='bbox 703 3371 864 3416; x_wconf 88' lang='lat' dir='ltr'>copiam</span> <span class='ocrx_word' id='word_1_489' title='bbox 892 3370 1129 3416; x_wconf 84' lang='lat' dir='ltr'>largiuntur</span> <span class='ocrx_word' id='word_1_490' title='bbox 1157 3370 1282 3407; x_wconf 88' lang='lat' dir='ltr'>culmi</span> <span class='ocrx_word' id='word_1_491' title='bbox 1310 3371 1462 3419; x_wconf 81' lang='lat' dir='ltr'>validi,</span> <span class='ocrx_word' id='word_1_492' title='bbox 1507 3372 1690 3408; x_wconf 84' lang='lat' dir='ltr'>medulla</span> <span class='ocrx_word' id='word_1_493' title='bbox 1723 3381 1901 3411; x_wconf 86' lang='lat' dir='ltr'>succosa</span> 
     </span>
     <span class='ocr_line' id='line_1_57' title="bbox 69 3426 1900 3477; baseline 0.001 -11"><span class='ocrx_word' id='word_1_494' title='bbox 69 3429 190 3466; x_wconf 82' lang='lat' dir='ltr'>farcti</span> <span class='ocrx_word' id='word_1_495' title='bbox 217 3427 431 3464; x_wconf 69' lang='lat' dir='ltr'>saccharz·</span> <span class='ocrx_word' id='word_1_496' title='bbox 457 3426 735 3477; x_wconf 80' lang='lat' dir='ltr'>officinarum</span> <span class='ocrx_word' id='word_1_497' title='bbox 758 3427 826 3476; x_wconf 91' lang='lat' dir='ltr'>L.,</span> <span class='ocrx_word' id='word_1_498' title='bbox 857 3428 1055 3472; x_wconf 83' lang='lat' dir='ltr'>graminis</span> <span class='ocrx_word' id='word_1_499' title='bbox 1085 3428 1130 3463; x_wconf 76' lang='lat' dir='ltr'>In</span> <span class='ocrx_word' id='word_1_500' title='bbox 1157 3428 1276 3464; x_wconf 84' lang='lat' dir='ltr'>India</span> <span class='ocrx_word' id='word_1_501' title='bbox 1305 3428 1496 3464; x_wconf 84' lang='lat' dir='ltr'>orientali</span> <span class='ocrx_word' id='word_1_502' title='bbox 1524 3429 1759 3476; x_wconf 83' lang='lat' dir='ltr'>spontanei,</span> <span class='ocrx_word' id='word_1_503' title='bbox 1790 3440 1900 3467; x_wconf 84' lang='lat' dir='ltr'>nunc</span> 
     </span>
     <span class='ocr_line' id='line_1_58' title="bbox 69 3482 1897 3538; baseline 0 -14"><span class='ocrx_word' id='word_1_504' title='bbox 69 3486 179 3538; x_wconf 26' lang='lat' dir='ltr'>inter,</span> <span class='ocrx_word' id='word_1_505' title='bbox 199 3487 377 3533; x_wconf 86' lang='lat' dir='ltr'>tropicos</span> <span class='ocrx_word' id='word_1_506' title='bbox 402 3486 526 3524; x_wconf 89' lang='lat' dir='ltr'>totius</span> <span class='ocrx_word' id='word_1_507' title='bbox 548 3486 680 3536; x_wconf 88' lang='lat' dir='ltr'>orbis,</span> <span class='ocrx_word' id='word_1_508' title='bbox 711 3485 809 3525; x_wconf 86' lang='lat' dir='ltr'>olim</span> <span class='ocrx_word' id='word_1_509' title='bbox 833 3485 957 3523; x_wconf 85' lang='lat' dir='ltr'>etiam</span> <span class='ocrx_word' id='word_1_510' title='bbox 977 3485 1022 3523; x_wconf 90' lang='lat' dir='ltr'>in</span> <span class='ocrx_word' id='word_1_511' title='bbox 1037 3485 1202 3531; x_wconf 88' lang='lat' dir='ltr'>Europa</span> <span class='ocrx_word' id='word_1_512' title='bbox 1224 3484 1401 3524; x_wconf 86' lang='lat' dir='ltr'>australi</span> <span class='ocrx_word' id='word_1_513' title='bbox 1422 3484 1535 3522; x_wconf 90' lang='lat' dir='ltr'>culti.</span> <span class='ocrx_word' id='word_1_514' title='bbox 1595 3482 1685 3522; x_wconf 82' lang='lat' dir='ltr'>Zea</span> <span class='ocrx_word' id='word_1_515' title='bbox 1700 3483 1827 3534; x_wconf 71' lang='lat' dir='ltr'>Mays</span> <span class='ocrx_word' id='word_1_516' title='bbox 1849 3486 1897 3524; x_wconf 63' lang='lat'><strong>1..</strong></span> 
     </span>
    </p>
   </div>
  </div>
 </body>
</html>
