2147 3756
213 244 439 283 mentiloco
454 246 634 281 utuntur.
692 245 801 281 Idem
826 246 1088 287 capsularum
1112 242 1390 285 seminumque
1407 236 1924 292 zaneh0.r‚3112·13narunga
1947 246 2029 284 Dc.

212 303 319 346 apud
342 303 463 337 Indos
487 304 580 337 laus
604 305 676 337 est.
738 297 1058 346 Zantlcoaeyslecm
1086 297 1250 333 Rhetsa
1275 299 1358 335 Dc.
1383 298 1425 333 in
1441 298 1582 334 Indiae
1606 302 1808 337 montibus
1832 302 2028 340 nascitur.

211 361 359 396 cortex
382 358 548 394 interior
571 357 855 394 amaro—acris
880 360 952 391 est.
1011 357 1184 391 Fructus
1210 355 1411 391 immaturi
1437 355 1600 390 corticis
1618 357 1928 404 Aurantiorum,
1963 368 2030 394 se-

210 416 323 452 mina
338 414 499 457 piperis
525 413 631 458 nigri
657 422 842 456 saporem
868 412 1059 447 referunt.
1106 408 1389 456 zanclmffyli
1404 409 1698 459 pv'pericinc„
1731 413 1890 449 fruticis
1909 416 2029 457 japo-

165 464 167 466 ’
210 472 314 516 nici,
333 474 379 506 ob
396 471 571 506 omniurn
588 471 762 512 partium
780 477 918 503 aroma
935 476 1047 512 acre,
1066 469 1169 510 quod
1186 467 1376 509 Pyretnri
1395 467 1544 503 radicis
1560 467 1748 504 virtutem
1766 479 2031 513 saporemque

213 527 411 564 aemulari
430 527 632 569 perhibent
646 552 655 570 ‚
689 534 860 568 magnus
880 534 978 559 usus
997 528 1070 559 est.
1117 524 1321 566 Capsulae
1336 521 1502 568 piperis
1513 522 1710 568 japmeicz‘
1730 535 1769 561 v.
1791 524 2030 561 Hace-arma

210 582 412 630 Fagarae
431 583 588 618 nomine
604 582 643 615 in
661 581 933 616 mercimoniis
950 584 1057 615 sunt.
1092 576 1575 626 Zancleo.rylv‘fra.z·z‘nei
1590 581 1747 627 wind„
1776 582 1819 617 in
1835 583 2029 618 America

209 642 361 677 boreali
392 639 592 682 indigent,
626 642 764 672 cortex
788 647 876 671 cum
901 637 1072 679 aliquali
1097 639 1276 671 aromate
1300 636 1430 681 acm,
1464 643 1488 670 a
1512 637 1680 672 medicis
1705 639 2030 674 trans-atlanticis

209 698 315 733 inter
332 693 508 732 remedia
524 693 761 736 suum-ifica,
786 693 986 728 diuretica
1001 697 1038 727 et
1054 693 1400 735 antiodontalgica
1418 693 1720 734 praescribitur.
1762 690 2031 740 Zauthoxyli

212 752 377 788 ternam·
392 754 565 787 Swartz.
584 754 622 784 et.
641 746 909 795 Zanchoayli
926 747 1084 783 Claoae
1101 746 1302 782 Herculis
1319 749 1437 784 Linn.
1450 775 1459 792 ,
1478 749 1704 790 specierum
1722 750 2027 798 antillanarum‚

210 810 361 846 similis
381 818 490 844 usus.
550 807 683 848 nujus
700 806 860 852 cortici,
893 815 1017 848 saepe
1033 808 1117 840 loco
1136 805 1299 840 corticis
1318 805 1831 847 Geoltroyaejamaicensis
1848 807 1890 842 in
1906 809 2030 850 phar-

209 865 449 908 macopoliis
480 862 705 907 proposito,
738 862 858 897 etiam
888 862 1077 897 virtutem
1109 861 1476 904 antisyphiliticam
1509 861 1708 905 tribuunt,
1742 862 1840 898 folia
1871 871 2031 899 amaro-

208 920 504 964 adstringentia
520 918 711 954 remediis
726 919 975 954 vulnerariis
993 922 1273 954 accensentur.
1327 919 1359 952 E
1380 914 1846 963 Zcmt·lm.21ql2·}2cerota
1861 920 2028 967 Kunth„

208 978 361 1021 pariter
389 978 432 1012 in
461 975 635 1012 Antillis
666 975 905 1020 crescentis,
940 975 1052 1010 foliis
1083 977 1215 1010 oleum
1245 977 1496 1020 aethereum,
1537 984 1612 1017 quo
1642 978 1820 1011 membra
1851 976 2030 1011 dolentia

209 1037 385 1079 ungunt,
418 1037 597 1075 paratur.
659 1032 804 1067 Cortex
821 1031 1063 1066 sudorificus
1080 1034 1115 1065 et
1142 1030 1510 1066 flavo-tinctorius.
1569 1031 1743 1072 Lignum
1763 1028 2034 1077 Zauekes-yla·

211 1087 471 1135 emarginatz‘
486 1090 570 1123 Sw.
590 1086 770 1131 (lignum
788 1089 950 1132 Rorum,
969 1087 995 1123 i.
1013 1098 1046 1123 e.
1063 1086 1285 1130 Rhodium)
1304 1090 1456 1129 album,
1475 1088 1655 1132 densum,
1673 1089 1793 1123 odore
1809 1088 2031 1124 aromatico

208 1147 520 1182 commendatur.
582 1140 853 1189 Zantlmayli
871 1141 1065 1177 hiemalis
1089 1145 1146 1178 St.
1170 1143 1251 1178 Hil.
1277 1141 1557 1186 (Coentrilho)
1582 1144 1730 1178 cortice
1755 1144 1797 1179 in
1819 1147 2031 1187 pulverem

207 1205 370 1239 redacto
394 1200 671 1237 Brasilienses
695 1202 897 1236 adversus
923 1201 1081 1236 aurium
1107 1201 1263 1234 dolores
1287 1202 1468 1234 utuntur.
1526 1199 1760 1235 seminibus
1785 1203 1823 1235 et
1846 1200 2031 1244 capsulis

210 1256 482 1303 Zantlcoxyli
495 1255 663 1291 hostilis
681 1259 809 1293 Roxb.
828 1257 1057 1300 (Tej-loul)
1074 1256 1162 1291 Indi
1179 1255 1422 1290 monticolae
1440 1255 1573 1298 pisces
1590 1256 1793 1291 inebriare
1809 1259 1952 1293 solent.

347 1313 522 1348 Pteleae
541 1312 786 1361 trifoliatae
803 1314 943 1357 Linn.,
975 1313 1136 1348 fruticis
1154 1311 1566 1347 boreali-americani
1579 1339 1589 1358 ‚
1622 1311 1722 1347 folia
1739 1313 1831 1348 dum
1848 1316 2032 1349 teruntur

208 1372 505 1417 graveolentia,
521 1370 751 1414 vermifuga
767 1371 1005 1414 creduntur,
1024 1369 1118 1404 etin
1137 1368 1383 1410 deputandis
1402 1369 1607 1404 ulceribus
1626 1368 1718 1403 usui
1734 1373 1841 1404 sunt.
1872 1369 2033 1412 Capsu-

207 1432 274 1465 lae
294 1427 716 1463 amaro-aromaticae
734 1427 900 1461 Humuli
915 1425 1066 1468 Lupuli
1082 1427 1168 1460 loco
1187 1425 1433 1469 cerevisiae,
1466 1425 1539 1459 vix
1555 1425 1645 1460 sine
1662 1434 1788 1470 noxa,
1815 1426 2031 1463 adduntur.

213 1482 446 1518 Toddaliae
463 1481 689 1517 aculeatae
706 1484 819 1518 Pers.
831 1508 841 1527 ‚
866 1482 909 1517 in
925 1482 1029 1518 Asia
1047 1481 1203 1524 tropica
1219 1481 1461 1524 crescentis,
1480 1485 1617 1524 partes
1634 1490 1772 1517 omnes
1789 1482 2031 1518 aromatico-

208 1550 326 1577 acres
350 1544 388 1576 et
411 1547 596 1586 amarae,
627 1538 872 1575 medicinam
895 1538 1185 1575 stomachicam
1208 1541 1246 1574 et
1270 1537 1565 1586 antifebrnem,
1595 1547 1672 1574 nec
1694 1547 1776 1574 non
1798 1538 2032 1576 condimen-

213 1602 295 1635 tum
312 1598 491 1635 ciborum
507 1598 714 1640 praebent.

673 1759 845 1805 ordo
869 1756 1146 1805 OOLIII.
1203 1756 1566 1805 Diosmeae.

347 1863 657 1911 Arbusculae
702 1877 744 1910 v.
777 1858 1017 1923 frutices,
1064 1860 1303 1906 rarissime
1347 1859 1549 1908 herbae.
1624 1861 1768 1908 Folia
1801 1853 2037 1925 ‘opposita-

210 1952 251 1984 ν.
293 1934 495 1991 aherna,
543 1934 789 1990 coriacea‚
839 1931 1090 1995 simplicia,
1138 1939 1324 1977 ternata
1361 1947 1404 1979 v.
1442 1930 1822 1994 imparipinnata,
1869 1931 2029 1979 subtus

211 2006 486 2069 saepissime
527 2002 1095 2066 glanduloso-punctata,
1142 2000 1477 2063 integerrima,
1523 2002 1674 2048 rarius
1712 2002 1942 2050 serrulata
1986 2019 2029 2050 v.

214 2078 416 2133 sinuata,
450 2075 635 2138 punctis
669 2071 980 2136 glandulosis‚
1015 2072 1287 2133 saepissime
1319 2071 1566 2134 pellucidis
1599 2088 1870 2135 conspersa.
1930 2074 2032 2120 Sti-

204 2148 357 2210 pulae
388 2146 565 2202 nullae,
598 2161 640 2191 v.
667 2159 826 2190 earum
851 2143 957 2189 loeo
984 2140 1231 2205 glandulae
1258 2141 1313 2187 ad
1340 2141 1619 2205 petiolorum
1644 2142 1806 2189 basim.
1860 2143 2033 2190 Florcs

213 2217 419 2282 perfecti
456 2232 502 2263 v.
538 2215 777 2261 rarissime
818 2213 986 2260 abortu
1025 2212 1318 2274 imperfecti,
1367 2210 1617 2273 regulares
1648 2230 1690 2261 v.
1724 2213 2029 2276 irregulareS,

212 2288 434 2335 axillares
487 2294 566 2332 aut
620 2284 913 2341 terminales,
976 2283 1204 2338 conferti,
1267 2283 1594 2329 subumbellati
1646 2299 1688 2331 v.
1743 2283 2029 2348 corymbosi‚

210 2357 465 2414 bracteati,
506 2353 735 2402 interdum
769 2370 908 2417 supra
938 2353 1289 2415 receptaculum
1325 2354 1553 2410 conferti,
1588 2354 2028 2412 involucro-cincti,

146 2441 151 2445 ’
213 2428 456 2493 calycibus
488 2435 533 2473 et
567 2426 758 2473 corollis
789 2434 898 2472 tunc
925 2424 1174 2479 abortivis,
1209 2423 1298 2470 albi
1325 2432 1403 2470 aut
1426 2423 1757 2483 rubescentes,
1791 2425 2029 2473 rarissime

212 2502 541 2547 flavescentes.
624 2497 779 2558 Calyx
810 2494 1337 2559 quadri-quinquefidus
1368 2511 1411 2541 v.
1444 2496 1663 2558 partitus,
1695 2496 1954 2558 persistens
1983 2512 2038 2543 v..

214 2569 463 2626 deciduus,
497 2568 680 2615 laciniis
711 2567 1022 2614 aestivatione
1055 2565 1327 2612 imbricatis.
1406 2567 1632 2612 Corollae
1663 2566 1819 2629 petala
1851 2567 2029 2630 calycis

211 2641 397 2688 laciniis
444 2655 636 2685 numero
682 2638 920 2702 aequalia,
976 2634 1141 2683 iisdem
1187 2636 1369 2682 alterna
1414 2644 1463 2682 et
1506 2636 1709 2698 majora,
1764 2636 1847 2683 sub
1895 2635 2028 2683 disco

211 2712 364 2758 libero
397 2719 475 2757 aut
512 2709 747 2756 rarissime
786 2708 887 2754 basi
927 2708 1104 2771 calycis
1143 2705 1315 2753 adnato
1354 2708 1554 2764 inserta,
1602 2705 1802 2754 decidua
1840 2715 1920 2753 aut
1957 2708 2030 2753 in-

211 2782 394 2830 terdum
429 2781 752 2844 persistentia,
799 2779 1073 2842 plerumque
1114 2777 1264 2825 libera
1305 2786 1352 2824 et
1389 2777 1716 2840 unguiculata,
1758 2793 1846 2840 per
1884 2778 2028 2824 aesti-

210 2855 448 2899 vationem
494 2851 780 2898 convolutim
822 2858 901 2895 aut
940 2858 1158 2896 contorte
1198 2848 1468 2906 imbricata,
1519 2849 1670 2894 rarius
1710 2848 1802 2894 lata
1839 2847 1942 2894 basi
1981 2848 2028 2894 in

211 2924 369 2970 tubum
403 2922 747 2983 conglutinata,
780 2929 888 2966 tunc
914 2920 1185 2982 saepissime
1212 2919 1526 2965 aestivatione
1551 2918 1754 2975 Valvata,
1787 2919 2028 2966 rarissime

203 2994 382 3041 ,abortu
414 2993 551 3039 nulla.
617 2992 837 3038 Stamina
869 3006 971 3036 cum
1003 2990 1169 3052 petalis
1201 2990 1398 3045 inserta,
1430 2987 1595 3035 iisdem
1629 3004 1820 3035 numero
1854 3004 2030 3052 aequa-

213 3065 277 3111 lia
323 3073 371 3111 et
415 3063 617 3119 alterna,
665 3062 815 3107 rarius
862 3059 1022 3122 dupla,
1071 3069 1119 3105 et
1162 3068 1271 3106 tunc
1311 3060 1479 3121 petalis
1519 3060 1733 3121 opposita
1773 3058 2029 3117 (interdum

215 3136 353 3182 etiam
385 3134 672 3181 alternorum
702 3131 942 3190 nonnulla)
978 3130 1158 3176 sterilia
1188 3146 1234 3178 v.
1271 3130 1421 3176 saltim
1453 3129 1691 3177 breviora.
1753 3131 2026 3177 Fz'lamcnta

216 3205 450 3262 subulata,
500 3204 678 3261 libera,
724 3203 875 3249 rarius
922 3201 969 3247 in
1017 3200 1170 3248 tubum
1219 3200 1388 3247 coalita
1433 3217 1475 3247 v.
1515 3201 1682 3263 petalis
1721 3198 2024 3263 adglutinata.

216 3277 471 3324 Antherae
503 3275 734 3321 introrsae
767 3272 1072 3329 biloculares‚
1107 3270 1247 3318 dorso
1280 3287 1421 3334 supra
1451 3271 1596 3318 basim
1629 3272 1856 3328 insertae,
1895 3271 2027 3317 locu-

217 3345 275 3391 lis
305 3347 553 3409 appositis,
584 3344 847 3408 parallelis,
882 3342 1146 3404 contiguis,
1184 3342 1306 3388 intus
1340 3341 1747 3406 longitudinaliter
1778 3340 2028 3389 dehiscen-

218 3415 363 3476 tibus,
410 3416 690 3464 connectivo
731 3430 834 3462 cum
865 3414 1100 3463 filamento
1133 3413 1405 3474 articulato,
1454 3414 1589 3482 apice
1621 3413 1807 3478 saepius
1839 3412 1887 3461 in
1916 3426 2027 3476 pro-
