2147 3756
907 181 1018 232 661

190 352 555 406 &ualitates
588 359 626 395 et
654 363 823 398 usus.
884 357 1148 395 Substantias
1186 354 1489 399 adstringentes
1518 354 1560 392 in
1593 358 1877 401 plerarumque

49 416 236 460 partibus
255 419 513 461 praevalere,
547 416 670 455 etiam
687 426 738 451 ex
755 426 832 452 usu
851 417 1070 452 earundem
1088 413 1242 451 medico
1260 412 1383 448 facile
1400 415 1603 456 probatur.
1663 415 1879 450 Accedunt

47 473 92 510 in
115 474 327 509 nonnullis
347 474 550 517 principia
567 472 756 508 resinosa
770 476 809 508 et
825 476 1012 508 aethereo
1024 475 1212 516 -oleosa,
1243 467 1411 506 minima
1427 471 1662 511 plerumque
1680 471 1876 517 portione,

47 530 313 573 paucissimis
336 538 430 566 vero
457 529 679 572 peculiaris
703 529 854 564 indolis
878 531 1024 564 acredo
1049 533 1123 565 est.
1181 529 1228 563 In
1246 526 1487 569 quibusdam
1505 526 1679 562 achenia
1692 530 1877 573 baccata,

46 587 90 622 in
121 587 219 622 aliis
251 596 468 622 succosum
500 586 705 622 fructuum
737 588 1039 628 receptaculum
1069 595 1110 621 v.
1143 587 1309 627 calyces
1343 582 1504 618 carnosi
1528 583 1644 618 acido
1667 583 1816 618 malico
1840 587 1879 619 et

46 643 210 689 citrico,
237 652 326 678 cum
343 653 459 679 muco
477 647 512 678 et
530 645 726 678 saccharo
743 642 889 689 mixto,
916 651 1101 686 saporem
1119 645 1276 686 gratum
1294 643 1332 676 et
1349 640 1537 675 virtutem
1555 638 1877 686 refrigerantem,

45 699 326 736 antibiliosam
350 704 385 735 et
414 700 772 735 antiscorbuticam
801 690 984 734 debent.'
1018 699 1139 734 Acidi
1163 696 1458 740 hydrocyanici
1480 696 1522 732 in
1539 695 1879 741 Spiraeacearum

45 756 213 793 floribus
230 757 409 800 vestigia
428 758 476 792 de
492 756 692 792 affinitate
709 765 800 791 cum
817 755 1088 800 Amygdaleis
1104 758 1281 791 monent.

186 842 321 877 Rosas
352 840 444 884 quis
467 840 624 877 nescit?
658 840 810 875 formae
834 840 978 876 decore
1006 842 1042 875 et
1066 839 1202 875 odoris
1227 838 1435 875 suavitate
1457 837 1563 874 inter
1586 834 1881 881 pulcherrimos

45 897 155 933 orbis
186 898 389 940 terraquei
418 898 538 933 flores
568 897 800 932 venustatis
832 896 1105 939 principatum
1133 905 1207 933 suo
1239 896 1377 940 generi
1399 895 1673 931 vindicantes,
1734 892 1881 928 Centi-

36 953 184 1004 folz‘ae
214 954 320 990 inter
352 957 428 990 has
458 953 657 998 eminent,
689 953 857 988 incertis
888 953 1120 1000 natalibus,
1153 956 1188 989 et
1219 953 1434 988 innumera
1465 952 1678 988 varietate.
1736 952 1883 988 Petala

47 1010 353 1054 suaveolentia,
385 1009 546 1052 saporis
566 1009 634 1045 ubi
651 1009 822 1052 primum
839 1010 1108 1053 degustantur
1125 1009 1277 1054 dulcis,
1294 1009 1448 1055 ,deinde
1465 1018 1555 1044 cum
1572 1009 1713 1052 aliqua
1729 1009 1883 1044 amari-

51 1068 192 1103 tudine
215 1068 373 1112 acerbi,
406 1067 597 1102 remediis
619 1066 767 1101 leniter
789 1066 1162 1113 adstringentibus,
1192 1068 1230 1102 et
1253 1068 1341 1101 oleo
1356 1069 1563 1111 aethereo,
1596 1066 1701 1108 quod
1718 1069 1880 1112 gerunt,

47 1125 202 1160 modice
224 1114 553 1170 stimulantibus,
585 1124 922 1170 adnumerantur,
956 1127 994 1159 et
1011 1124 1130 1159 varia
1145 1125 1411 1168 praeparata,
1443 1122 1588 1166 quibus
1605 1131 1751 1158 nomen
1770 1123 1882 1170 dant,

45 1181 340 1224 ingrediuntur.
399 1179 595 1216 Proxima
610 1177 891 1214 damascenae
914 1180 1046 1225 gloria
1063 1184 1144 1226 est,
1177 1179 1338 1222 quaein
1360 1180 1487 1215 hortis
1504 1182 1738 1222 perpetuum
1756 1179 1882 1216 floret.

52 1234 250 1272 Gallicae
268 1239 414 1280 -petala
436 1237 619 1273 validIus
643 1236 915 1280 adstringunt.
975 1234 1207 1271 Moschum
1229 1236 1308 1272 olei
1324 1236 1502 1272 aetherei
1520 1236 1779 1272 feracissima
1794 1245 1885 1272 cre-

50 1295 179 1342 ditur,
211 1294 391 1339 ingentis
415 1294 521 1329 inter
546 1294 807 1329 orientalium
833 1295 1069 1337 populorum
1093 1293 1283 1330 lautitias
1306 1292 1454 1329 famae.
1514 1294 1656 1328 Oleum
1679 1294 1884 1330 Rosarum

46 1351 171 1388 etiam
189 1361 210 1386 e
228 1349 347 1386 Rosa
363 1351 692 1396 semperve'rente
709 1354 747 1386 et
764 1348 907 1385 indica
924 1351 1062 1393 parari
1078 1354 1250 1386 constat.
1289 1349 1633 1392 Sempervirentis
1652 1350 1745 1385 flore
1760 1352 1883 1392 pleno

46 1408 152 1445 inter
181 1411 393 1444 hortenses
424 1407 716 1450 antiquissima
745 1407 951 1444 memoria.
1010 1407 1137 1443 Istius
1169 1406 1319 1450 petalis
1352 1408 1489 1442 alvum
1521 1406 1683 1450 egregie
1712 1407 1883 1451 purgari

47 1465 272 1510 perhibent.
328 1467 439 1501 Inter
467 1468 670 1500 nostrates
693 1464 851 1498 canina
876 1463 1183 1508 (cynosbatosj
1208 1463 1398 1507 vulgaris
1422 1463 1592 1499 notitiae
1617 1466 1698 1509 est,
1729 1466 1885 1500 multae

48 1523 156 1566 apud
175 1526 311 1565 patres
329 1521 450 1557 etiam
467 1520 508 1556 in
524 1521 728 1556 medicina
744 1522 893 1557 laudis.
941 1522 1111 1557 Radicis
1128 1521 1319 1557 corticem
1336 1522 1388 1556 ad
1406 1520 1522 1556 canis
1543 1520 1673 1556 rabidi
1689 1530 1884 1569 morsum,

47 1582 186 1624 petala
215 1582 253 1615 et
283 1578 456 1614 achenia
484 1580 532 1613 ob
565 1578 754 1614 virtutem
782 1582 1045 1626 purgantem,
1077 1582 1138 1625 et,
1170 1579 1208 1614 si
1236 1578 1393 1614 siccata
1416 1577 1588 1624 fuerint,
1621 1577 1886 1621 adstringen-

48 1640 126 1672 tem
153 1638 446 1671 commendant.
505 1635 681 1678 calyces
706 1636 867 1671 baccati
891 1632 1037 1678 [vulgo
1057 1632 1320 1681 Hagebucte,
1356 1631 1713 1680 Hetscleepetscla)
1741 1644 1884 1671 muco·

49 1695 269 1738 saccharo,
295 1691 469 1738 gummi,
489 1691 691 1735 principio
710 1692 913 1738 resinoso,
931 1693 1048 1728 acido
1065 1692 1204 1728 citrico
1222 1696 1257 1728 et
1275 1692 1443 1737 manco,
1462 1701 1537 1727 nec
1553 1701 1634 1726 non
1650 1693 1888 1728 substantia

52 1750 333 1793 adstringente
358 1748 477 1795 foeti,
511 1757 536 1784 a
560 1749 727 1784 nuculis
749 1749 913 1785 liberati
937 1753 1082 1785 etcum
1099 1752 1297 1786 saccliaro
1315 1748 1420 1784 cocti
1436 1758 1475 1784 v,
1492 1748 1535 1783 in
1553 1751 1706 1792 pultem
1723 1748 1888 1784 densati

51 1807 186 1842 cibum
203 1808 320 1852 dant,
354 1806 490 1850 aegris
508 1804 611 1842 febri
629 1806 813 1853 putrida,
846 1809 1056 1853 scorbuto,
1087 1816 1126 1842 v.
1145 1807 1230 1842 alvi
1248 1806 1361 1842 fluxu
1379 1805 1666 1842 laborantibus
1681 1815 1888 1842 commen-

50 1864 248 1909 dandum,
281 1863 470 1907 plurimis
494 1862 616 1898 etiam
640 1862 746 1898 inter
768 1863 1014 1899 ferculorum
1030 1864 1220 1899 lautitias
1236 1867 1461 1906 acceptum.
1519 1862 1744 1908 Deglutitis
1761 1865 1888 1899 ache-

49 1921 131 1956 niis
149 1920 323 1956 comosis
341 1919 556 1955 vermiculi
575 1920 617 1955 in
634 1919 842 1955 intestinis
860 1921 1115 1963 hospitantes
1131 1925 1385 1956 everruntur.
1431 1919 1633 1963 Cynipum
1650 1919 1732 1955 ictu
1750 1919 1792 1955 in
1808 1922 1887 1956 hoc

49 1977 197 2014 frutice
228 1979 364 2021 gallae
394 1981 643 2022 nascuntur,
675 1977 776 2012 setis
806 1977 1138 2019 musciformibus
1160 1977 1350 2013 horridae
1373 1974 1521 2021 (vulgo
1548 1973 1717 2023 Fungar·
1742 1973 1886 2010 Rosa-

48 2043 142 2069 rum
155 2060 165 2078 ,
193 2031 437 2080 Bedeguar‚
457 2029 643 2079 Spongia
662 2031 915 2079 cynosbacae',
932 2034 1234 2081 SelilafapfeD,
1260 2036 1461 2071 adversus
1478 2038 1594 2069 omne
1610 2033 1739 2070 morbi
1756 2041 1888 2077 genus

50 2091 146 2127 olim
171 2092 486 2127 commendatae.
544 2092 670 2126 Lecto
695 2094 929 2127 substratae
953 2101 1139 2128 somnum
1162 2092 1386 2130 conciliare
1407 2091 1624 2127 hodiedum
1648 2089 1888 2143 affllurimis

52 2149 284 2186 creduntur.
343 2144 485 2182 Lutea
500 2146 640 2183 florum
658 2148 778 2184 odore
794 2148 984 2184 cimicino
1003 2149 1201 2195 degener:

189 2234 471 2278 Dryadearum
496 2233 627 2270 virtus
651 2233 852 2278 imprimis
878 2234 1141 2279 adstringens
1165 2237 1240 2271 est.
1299 2231 1560 2269 Potentz'llae
1583 2224 1889 2281 Tormentillae

48 2292 250 2328 Schrank.
274 2294 419 2338 herba,
451 2291 568 2327 acido
590 2291 878 2327 mimotannico
894 2291 1023 2337 foeta,
1055 2292 1161 2327 inter
1175 2294 1253 2327 has
1270 2291 1397 2335 primo
1412 2294 1502 2327 loco
1520 2294 1595 2328 est.
1646 2285 1889 2325 Potenlz'lla

51 2348 257 2383 anserina
282 2349 403 2383 Linn.
436 2346 692 2392 (Argentina
720 2347 881 2395 Ostia),
915 2346 1152 2383 Potentilla
1176 2352 1353 2394 reptans
1378 2348 1722 2392 (Pentephyllum
1746 2348 1886 2392 offic.)

49 2406 239 2448 aliaeque
263 2414 533 2451 congeneres,
565 2414 641 2440 nec
665 2415 748 2442 non
774 2404 999 2446 Camarum
1016 2404 1219 2452 palustre
1244 2406 1366 2442 Linn.
1391 2405 1736 2450 (pentaphyllum
1758 2413 1889 2450 aqua-

52 2462 176 2499 ticum
194 2462 332 2507 offic.)
350 2462 501 2498 exoleti
519 2471 619 2498 usus
637 2466 747 2498 sunt.

196 2529 277 2567 Gez·
299 2531 590 2568 urbam‘Linn.
616 2533 992 2577 (Caryophyllatae
1009 2533 1144 2580 Offic.‚
1168 2532 1566 2577 Benedictenwurz)
1584 2532 1704 2570 radix
1719 2532 1888 2576 majoris
1927 2544 1930 2549 ·

53 2589 265 2635 dignitatis
287 2593 360 2626 est.
419 2592 522 2625 Nam
538 2599 590 2625 ex
607 2592 696 2625 oleo
714 2593 921 2636 aethereo,
948 2590 1149 2634 principio
1169 2591 1469 2637 adstringente,
1497 2599 1657 2637 amaro,
1674 2599 1887 2634 gummoso

52 2652 92 2684 et
115 2647 298 2682 resinoso
321 2646 406 2681 vim
431 2647 573 2689 repetit.
595 2649 848 2682 roborantem
871 2648 995 2683 simul
1019 2651 1057 2683 et
1080 2647 1377 2693 stimulantem,
1410 2652 1621 2690 utramque
1636 2649 1890 2683 moderatam

51 2704 234 2749 quidem,
267 2705 338 2738 sed
355 2706 516 2745 qualem
534 2703 648 2747 aegri
665 2704 949 2740 sensibiliores
974 2704 1220 2740 desiderant.
1283 2701 1364 2738 Ger
1383 2702 1536 2738 rivalis
1558 2705 1680 2741 Linn.
1707 2704 1888 2749 (caryo-

50 2763 265 2806 phyllatae
286 2761 503 2802 aquaticae
527 2759 665 2804 offic.)
691 2761 809 2796 radix
833 2769 975 2797 amara
998 2764 1037 2795 et
1062 2762 1324 2804 adstringens
1355 2766 1536 2797 aromate
1567 2765 1692 2798 caret.
1755 2758 1889 2795 Gema

53 2815 341 2864 vz'rge‘m'anmu
365 2817 484 2852 Linn.
512 2817 681 2852 medicis
705 2817 1032 2853 trans-atlanticis
1056 2818 1402 2860 Caryophyllatae
1427 2820 1516 2853 loco
1533 2821 1609 2853 est.
1669 2818 1891 2860 Alpicolae

53 2874 197 2912 rustici
222 2872 460 2908 Sz‘ecersz'ae
483 2877 712 2908 montanae
737 2875 883 2909 Wittd.
911 2873 1285 2917 (Caryophyllatae
1307 2879 1525 2910 montanae
1548 2874 1684 2919 offic.)
1709 2874 1892 2912 iadicem

53 2941 126 2975 pro
151 2933 232 2967 Geo
256 2933 409 2967 urbano
434 2931 638 2967 adhibent.
696 2928 892 2976 Dryadis
917 2929 1186 2977 octopetalae
1209 2931 1331 2967 Linn.
1363 2929 1693 2975 (chamaedryos
1723 2931 1890 2975 alpinae

53 2988 190 3033 ome.)
210 2988 343 3023 virtus
360 2998 468 3024 mere
485 2989 762 3032 adstringens.

193 3058 303 3095 Rubi
326 3058 460 3094 fructu
483 3069 656 3095 succoso
680 3061 1033 3106 commendantur,
1066 3062 1181 3103 grato
1199 3060 1322 3102 juxta
1337 3059 1497 3095 etutili.
1555 3061 1667 3095 Inter
1682 3061 1890 3097 nostrates

55 3113 201 3151 Rubus
226 3113 374 3151 idaeus
397 3116 517 3152 Linn.
544 3115 954 3159 (Himbeerstraucli)
980 3121 1018 3152 et
1045 3114 1190 3152 chbns
1204 3115 1456 3165 fruticosus
1480 3115 1600 3153 Linn.
1626 3116 1890 3161 (Brombeer-

55 3171 248 3215 strauch)
279 3172 466 3216 vulgaris
487 3174 658 3209 notitiae
682 3177 790 3210 sunt.
850 3175 1078 3210 Baccarum
1102 3174 1211 3209 idaei
1235 3173 1396 3209 fruticis
1420 3173 1612 3216 frequens
1634 3174 1755 3210 etiam
1778 3175 1890 3218 apud

54 3229 232 3267 medicos
251 3238 350 3264 usus
368 3232 449 3275 est,
483 3229 687 3266 fructuum
705 3230 866 3266 fruticis
882 3231 1089 3276 vulgaris,
1116 3239 1218 3274 quas
1237 3224 1349 3264 Rubi
1363 3227 1489 3264 Mora
1504 3230 1734 3278 nominant,
1759 3231 1892 3267 minor

57 3286 204 3332 gratia..
270 3285 488 3321 Extremus
511 3287 701 3330 Europae
732 3288 966 3331 septemtrio
999 3292 1159 3330 praeter
1187 3289 1349 3323 Rubum
1378 3287 1539 3322 idaeum
1572 3284 1890 3332 (Gv'ppermurie

57 3341 214 3386 Lapp.)
232 3346 271 3378 et
291 3339 450 3376 Rubum
474 3342 709 3377 saxatilem
731 3345 852 3380 Linn.
877 3344 1136 3389 (Toghbaer,
1164 3343 1486 3390 ‘'saiwimuriej,
1511 3343 1634 3380 etiam
1658 3345 1700 3380 in
1723 3345 1890 3388 alpibus

58 3399 211 3435 nostris
249 3402 521 3444 crescentem,
554 3403 592 3435 et
623 3400 757 3436 acinis
789 3401 995 3437 distinctis
1026 3402 1300 3447 singularem,
1333 3398 1495 3434 Rubam
1527 3400 1738 3436 arcticum
1768 3401 1890 3439 Linn.

58 3453 376 3498 (Ackermurie)
401 3458 440 3490 et
461 3453 625 3491 Rubum
652 3454 1001 3492 Chamaemorum
1026 3459 1145 3495 Linn.
1171 3455 1440 3501 (Moltebaer,
1474 3458 1652 3505 Snotter,
1684 3458 1889 3507 Hiortron,

57 3511 237 3555 Latocli]
267 3512 412 3548 vinoso
443 3514 664 3549 baccarum
686 3518 849 3552 nectare
871 3515 1202 3563 acceptissimos,
1235 3518 1275 3551 et
1296 3513 1502 3552 maximae
1523 3514 1630 3551 inter
1650 3518 1890 3561 populorum

62 3569 286 3606 borealium
302 3568 478 3606 bellaria
495 3568 651 3620 famae,
684 3571 773 3608 alit.
