2147 3756
1037 122 1149 173 218

919 200 1002 207 b..

190 291 468 356 imperfecti.
557 292 813 355 Peregonii
855 291 987 338 tubus
1036 300 1162 338 teres
1207 306 1253 338 v.
1304 289 1570 353 ungulatus,
1633 307 1733 339 cum
1793 294 2002 354 germine

190 371 439 421 conflatus,
498 361 785 419 herbaceus,
847 361 1012 408 limbus
1057 377 1277 424 superus,
1343 362 1604 419 coloratus,
1666 371 1717 409 ut
1760 364 2003 426 plurimum

190 432 390 490 luridus,
439 434 710 492 coriaceus,
756 430 985 478 interdum
1025 432 1522 494 amplissimus‚·intus
1563 448 1702 496 saepe
1740 433 1918 496 pilosus
1954 448 2002 479 v.

190 503 486 560 ramentifer‚
534 519 655 549 nunc
693 502 795 547 basi
832 503 1128 549 ventricosus
1165 519 1207 549 v.
1248 502 1751 561 incurvo-tubulosus,
1800 503 1848 548 in
1885 503 2007 566 ligu-

189 573 289 621 lam*
327 574 557 638 obliquam
604 571 859 635 productus
904 589 949 620 v.
999 571 1520 635 ringenti-bilahiatus,
1577 572 1830 630 deciduus,
1885 589 2005 620 nunc

190 645 443 707 regularis,
490 643 672 690 trifidus
703 659 748 689 v.
783 644 935 689 rarius
967 644 1197 707 quinque·
1231 652 1310 690 aut
1340 642 1569 702 sexfidus,
1617 645 1901 706 persistens,
1941 643 2007 689 la-

191 715 328 762 ciniis
368 731 452 777 per
490 709 847 761 aestivationein
885 714 1082 761 valvatis
1127 730 1168 761 v.
1210 713 1527 777 induplicatis.
1607 715 1828 760 Stamina
1874 712 2007 760 disco

191 785 430 842 annulari,
488 785 711 847 germinis
758 784 882 847 apici
927 785 1167 848 imposito,
1222 802 1263 832 v.
1306 801 1409 831 cum
1455 783 1565 848 styli
1608 783 1710 830 basi
1756 783 2010 831 confluenti

190 857 392 912 inserta,
433 870 517 901 sex
547 871 590 902 v.
624 853 897 913 duodecim,
935 856 1086 902 rarius
1118 872 1308 913 novem,
1355 856 1401 901 in
1432 855 1692 918 phalanges
1723 862 1821 901 tres
1852 852 2011 917 dispo-

192 928 303 984 sita,
337 926 573 972 rarissime
606 924 1169 988 indefinita3filamentels·
1199 925 1513 987 brevissimis,
1544 942 1588 973 v.
1620 924 1868 983 subnullis,
1901 924 2010 988 styli

191 998 291 1044 basi
319 995 525 1054 adflatis,
559 997 778 1043 antheris
801 996 1053 1054 extrorsis,
1084 996 1437 1055 bilocularibus,
1468 994 1701 1042 interdum
1728 996 2010 1042 connectivo

190 1069 236 1115 in
284 1083 479 1113 acumen
524 1065 754 1130 producto
794 1067 1051 1129 superatiS,
1099 1067 1266 1113 loculis
1305 1067 1553 1129 appositis,
1602 1065 2012 1128 longitudinaliter

192 1137 559 1185 dehiscentibus.
645 1139 848 1185 Germen
893 1137 1118 1194 inferum,
1162 1137 1401 1183 rarissime
1447 1137 1627 1184 vertice
1673 1135 1886 1183 breviter
1929 1150 2013 1181 ex·

193 1218 322 1256 serto
369 1209 730 1270 semisuperum,
796 1208 1207 1272 carpophyllorum
1253 1206 1539 1269 marginibus
1586 1208 1632 1252 in
1679 1205 2013 1269 dissepimenta

192 1279 454 1326 introssexis
492 1278 814 1338 sexloculare,
860 1280 1012 1326 rarius
1049 1279 1144 1324 tri·
1180 1295 1222 1325 v.
1257 1277 1657 1341 quadriloculare.
1742 1277 2013 1323 Gemmulae

192 1351 443 1414 plurimae,
492 1349 751 1396 loculorum
788 1349 960 1411 angulo
1001 1349 1199 1396 centrali
1239 1349 1438 1411 simplici
1476 1365 1519 1396 v.
1560 1346 1734 1410 duplici
1774 1347 1899 1393 serie
1939 1347 2012 1392 in-

192 1430 373 1477 sertae,
408 1418 820 1466 adscendentesv.
849 1420 1194 1477 horizontales,
1227 1427 1500 1481 anatropae.
1550 1419 1713 1480 Stylees
1735 1417 2012 1473 terminalis,

192 1491 466 1538 brevissime
515 1491 820 1547 columnaris3
866 1490 1174 1551 stigmatibus
1217 1505 1323 1542 sex,
1370 1488 1583 1535 radiatim
1630 1504 1770 1550 supra
1820 1488 2015 1534 stamina

194 1562 431 1625 expansis.
504 1562 710 1608 Fructus
739 1555 977 1624 perigonii
1009 1555 1150 1606 limbo
1185 1568 1440 1606 coronatus
1470 1576 1514 1606 v.
1543 1552 1753 1620 ejusdem
1787 1558 2014 1604 cicatrice

193 1632 513 1690 umbilicatus,
555 1632 811 1694 capsularis
843 1640 923 1677 aut
952 1632 1103 1677 rarius
1134 1630 1385 1687 haccatus,
1426 1628 1760 1691 subglobosus,
1802 1630 2015 1690 trigonus

193 1712 274 1751 aut
330 1702 562 1749 interdum
623 1702 1314 1765 tetragono·siliquaeformis,
1378 1699 2013 1764 tri-quadri-sexlocularis,

194 1772 426 1837 septicide
474 1772 746 1831 dehiscens,
794 1781 873 1820 aut
917 1773 964 1818 in
1010 1770 1281 1835 quibusdam
1327 1770 1647 1818 indehiscenS.
1735 1771 1932 1816 Semina
1969 1769 2015 1814 in

194 1845 362 1891 loculis
399 1844 619 1907 plurima,
667 1843 906 1890 rarissime
945 1843 1113 1889 abortu
1151 1858 1300 1906 pauca
1337 1859 1380 1888 v.
1422 1841 1745 1897 subsolitaria,
1791 1840 2015 1886 horizon-

194 1916 308 1963 talia
338 1915 436 1961 sive
468 1913 831 1970 adscendentia,
870 1913 1091 1976 angulata
1121 1930 1165 1959 v.
1197 1913 1466 1970 bracteata,
1514 1913 1844 1974 integumento
1871 1926 2015 1957 mem-

193 1986 456 2044 branaceo,
518 1985 659 2032 dorso
706 1985 977 2048 saepissime
1026 1999 1263 2041 convexo,
1323 1992 1488 2031 ventre
1543 1990 1795 2039 excavato,
1857 1981 2016 2044 ibique

197 2056 375 2120 rhaphe
409 2072 608 2103 carnosa
639 2073 681 2103 v.
714 2055 1211 2118 suberoso-fungosa,
1258 2054 1399 2101 hilum
1431 2053 1636 2100 basilarc
1671 2068 1773 2098 cum
1807 2052 2017 2098 clectlaza

197 2127 393 2191 apicali‚
441 2126 672 2173 interdum
712 2125 987 2189 glandulosa
1020 2125 1361 2188 conjungente,
1409 2118 1654 2188 percursa.
1731 2122 1940 2184 Embryo
1972 2122 2019 2167 in

197 2198 299 2245 basi
329 2214 475 2245 axeos
506 2197 750 2244 albuminis
784 2197 988 2259 copiosi,
1038 2195 1182 2242 dense
1216 2196 1401 2243 carnosi
1431 2212 1474 2241 v.
1508 2193 1762 2240 subcornei
1794 2193 2017 2249 inclusus,

199 2270 437 2328 minimus3
490 2267 857 2331 cotyledom'bus
885 2267 1198 2324 brevissimis,
1248 2275 1357 2312 ante
1390 2264 1779 2328 germinationem
1813 2264 1891 2311 vix
1924 2278 2020 2309 mam

200 2340 404 2398 nifestis,
436 2340 661 2387 radicula
691 2338 788 2385 hilo
819 2338 1054 2401 proxima,
1089 2337 1350 2400 centripeta
1382 2353 1424 2383 v.
1458 2336 1626 2382 infera.

967 2470 1249 2504 GENERA.

311 2554 434 2590 2160.
467 2555 644 2590 Asarum
667 2552 870 2603 Tonrnef.
1307 2563 1347 2568 -
1364 2541 1621 2584 Dictyanthes
1637 2541 1740 2591 Rus.

313 2613 435 2648 2161.
468 2612 731 2655 Heterotropa
761 2609 895 2645 Men-r.
932 2615 968 2646 et
994 2608 1078 2643 De-
1307 2606 1347 2653 Ξ
1365 2584 1705 2669 {ffssfoffffissgalssffifi

833 2666 967 2702 caisn.
1308 2691 1348 2696 -
1368 2670 1554 2703 Isou-ema
1571 2664 1671 2714 Rus.

314 2726 437 2761 2162.
469 2724 749 2760 Aristolochia
771 2721 974 2773 Toecrues.
1163 2752 1165 2754 .
1309 2712 1516 2769 -ΙΝἱιξῗιηε
1535 2712 1636 2756 Ras-

370 2786 406 2807 α.
431 2772 649 2806 Clematitis
665 2773 779 2807 Endl.
1254 2766 1376 2801 2163.
1407 2763 1631 2806 Bragan'tia
1646 2759 1775 2796 Lrusr.

525 2821 708 2856 Glossuia
725 2821 825 2867 Raf.
1464 2811 1679 2844 >ceramium
1697 2809 1826 2842 Blum.

412 2893 424 2899 ν
525 2871 775 2915 Sei-pentaria
793 2871 892 2916 Has,
1463 2858 1670 2894 Vanhallia
1688 2856 1837 2892 Sclmlc.
1852 2860 1894 2901 s.

372 2921 404 2954 b.
432 2921 669 2955 l'istolochia
686 2921 784 2966 ssaf.
1465 2908 1663 2942 Munickia
1681 2905 1888 2940 Isseicleenb.

372 2982 403 3004 c.
432 2969 550 3014 Sipho
567 2969 680 3004 Eruli.
1465 2957 1609 3014 Apama
1624 2956 1745 3013 ’lama‘

529 3019 761 3062 Hocquartia
780 3019 953 3052 [hamore.
1466 3006 1683 3039 Trlmel'lza
1698 3004 1825 3039 thltll-

529 3067 701 3112 Sipllisia
717 3067 817 3112 Raf.
1256 3059 1381 3094 2164.
1413 3059 1582 3093 'fhollea
1598 3054 1743 3096 Raeti).

528 3115 828 3160 Siphonolochia
844 3116 1050 3150 Reichenb.
1257 3116 1379 3151 2165.
1410 3113 1721 3155 Trichopodiuni
1739 3108 1876 3148 Limll.

371 3187 411 3194 —
430 3164 698 3201 Cardiolochia
714 3165 815 3211 Rus.
1470 3161 1688 3205 Trichopus
1710 3160 1848 3195 Giirtn.

345 3253 669 3300 Affinitas.
714 3258 1040 3296 Aristolochieae
1057 3257 1160 3292 inter
1175 3255 1338 3292 ordines
1356 3255 1691 3298 aerampnibryos
1706 3252 1808 3290 solis
1827 3250 2025 3288 Cucurbi-

208 3317 332 3354 taceis
356 3319 610 3360 aliquomodo
633 3315 808 3362 similes,
841 3319 876 3350 et
903 3314 1091 3350 fortassis
1109 3323 1187 3349 non
1212 3315 1397 3348 obstante
1421 3312 1585 3347 diversa
1607 3310 1802 3354 genuinis
1819 3307 1974 3344 fabrica
1991 3309 2028 3341 et

208 3378 423 3417 embryone
439 3373 711 3410 minutissimo
729 3381 876 3409 revera
891 3371 1053 3417 affines,
1086 3371 1189 3406 inter
1204 3369 1480 3412 Amphibryas
1495 3365 1750 3412 Dioscoreis‚
1782 3361 2027 3400 'Paccaceis-

209 3441 306 3478 que,
338 3430 416 3466 imo
447 3430 657 3466 nonnullis
689 3427 990 3465 characteribus
1021 3426 1124 3470 ipsis
1149 3425 1333 3469 Cytineis
1359 3428 1395 3460 et
1419 3423 1700 3460 Rafflesiaccis
1723 3419 1931 3463 acrobryis
1956 3426 2026 3453 ac-

211 3488 376 3533 cedunt,
409 3487 616 3523 crescendi
641 3487 752 3522 niodo
777 3488 815 3521 et
839 3484 972 3521 caulis
999 3486 1223 3530 structura,
1255 3481 1414 3518 etlamsi
1431 3481 1473 3516 in
1491 3480 1642 3524 plantis
1662 3477 1910 3515 volubilibus
1927 3483 2028 3510 non·-
