2147 3756
1035 157 1153 209 595

180 342 336 382 mento
370 332 612 380 exteriore
645 347 808 386 osseo,
844 330 1072 376 interiore
1106 326 1382 391 quandoque
1415 342 1591 389 rugoso
1623 343 1666 373 v.
1694 325 2000 389 induplicato.

178 406 387 467 Embryo
422 404 466 449 in
499 403 599 448 basi
633 402 878 448 albuminis
911 400 1206 463 cartilaginei
1239 399 1417 454 brevis,
1451 398 1674 444 radicula
1707 398 1879 444 infera.

319 527 605 572 Subordo
639 524 987 571 10Viteae.
1047 527 1206 564 Petala
1231 530 1276 564 et
1302 525 1491 564 stmmna
1514 522 1675 562 libera.
1736 523 1916 560 Germen
1939 521 2005 561 bi-

177 587 314 627 locul·
308 600 401 626 tre.
451 587 694 624 Gemmulae
717 584 760 625 in
785 583 1121 639 quoiisloculo
1141 582 1376 637 geminae,
1409 579 1722 660 collaterales.
1751 601 1809 609 ——·
1856 576 2003 618 Cirrhi

180 643 500 698 oppositifoiii.

949 731 982 765 G
1002 738 1026 764 E
1045 737 1076 764 Ν
1098 737 1122 763 E
1143 737 1171 762 a
1190 736 1236 765 A.

290 819 412 855 4566.
444 817 590 854 Cissus
609 812 729 850 Lv'nn.
1445 800 1701 853 Ingenhonsia
1721 799 1878 834 Dennst.

502 863 731 899 Saelanthns
750 860 882 895 Forslc.
1444 844 1586 878 lrsiola
1602 846 1645 878 P.
1662 845 1731 895 μγ.
1863 886 1870 893 ·

501 912 731 946 Columellia
747 911 862 945 Lour.
1447 887 1692 931 ΛΠΨΕῙΟΡΞΙΞ
1709 886 1752 921 L·
1768 883 1928 919 G.chI1.

500 963 632 995 Bottia
648 961 765 995 Laus,
1235 939 1359 974 4567.
1389 938 1498 973 Vitis
1518 935 1640 973 Lina.

501 1005 682 1047 Cayratia
698 1005 804 1038 Juss.
1235 997 1358 1032 4568·
1387 995 1670 1031 Pterisanthes
1686 991 1827 1028 Blum.

314 1093 602 1139 Subordo
639 1091 729 1134 II.
789 1090 1145 1135 Leeaceae.
1207 1091 1364 1129 Petala
1396 1088 1492 1130 basi
1530 1086 1846 1128 cohaerentia.
1908 1089 2004 1126 Sm-

175 1154 292 1192 mae‘me
322 1148 648 1204 monadelpha.
708 1151 887 1188 German
919 1148 1334 1190 tIi-Sexloculare.
1397 1148 1640 1186 Gemmalae
1664 1146 1711 1185 iu
1737 1144 1908 1186 loculis
1934 1157 2003 1185 so-

175 1209 374 1251 litariae.
405 1233 462 1240 --
523 1206 677 1250 Cirrhi
701 1207 833 1247 nulli.

825 1313 1038 1347 Ganos
1092 1316 1364 1346 UNICUM.

739 1397 863 1433 4569.
894 1394 1004 1431 Leea
1019 1391 1144 1431 Linn
1186 1392 1193 1396 '⁴

954 1443 1150 1487 Aquilicia
1167 1441 1282 1477 Linn.

954 1485 1088 1521 ottilis
1110 1486 1248 1520 Giirtn.

871 1575 1092 1617 Genera
1131 1574 1313 1616 dubia.

283 1669 407 1706 4570.
439 1669 614 1704 Gernma
637 1663 784 1703 For-sk.
1231 1665 1354 1701 4572.
1385 1664 1585 1701 Bersama
1600 1659 1772 1699 Fresen.

285 1728 408 1762 4571.
440 1727 714 1761 Lasianthera
730 1721 860 1758 Palis.

311 1817 636 1864 Affinitas.
695 1825 781 1859 Non
807 1822 968 1858 omnino
991 1821 1035 1857 in
1061 1820 1201 1865 aprico
1224 1824 1287 1858 est
1310 1820 1644 1864 Ampelidearum
1666 1819 1869 1866 affinitas,
1900 1827 2004 1862 quae

171 1885 221 1919 ob
245 1883 507 1918 manifestam
531 1891 622 1917 cum
640 1880 876 1916 Araliaceis
899 1880 1210 1916 similitudinem
1238 1879 1343 1914 inter
1357 1878 1611 1914 Discanthas
1636 1879 1882 1923 collocatae,
1913 1886 2006 1920 ger-

170 1940 279 1977 mine
295 1940 422 1976 libero
440 1943 478 1974 et
495 1937 710 1982 gemmulis
728 1937 874 1973 erectis
891 1937 933 1972 in
948 1939 1026 1972 hac
1044 1939 1180 1973 classe
1196 1937 1411 1999 anomalae
1426 1938 1535 1972 sunt.
1595 1934 1802 1971 Remotior
1826 1937 1888 1971 est
1911 1942 2004 1974 cum

171 1996 407 2041 Meliaceis,
439 1995 645 2031 mediante
661 1992 792 2041 Leea,
823 1993 1032 2037 analogia.

319 2058 747 2116 Geographiao
822 2064 1092 2108 Ampelideae
1122 2062 1228 2100 inter
1256 2062 1434 2107 tropicos
1465 2060 1589 2099 totIus
1621 2060 1729 2098 orbis
1760 2063 2007 2108 crescentes,

172 2122 349 2160 maximo
375 2133 542 2160 numero
558 2123 602 2159 in
618 2122 723 2159 Asia
737 2121 936 2159 habitant.
995 2123 1132 2157 Rarae
1148 2124 1266 2157 extra
1282 2121 1458 2164 tropicos
1474 2123 1723 2165 nascuntur,
1756 2118 1798 2154 in
1816 2117 2006 2154 America

170 2181 326 2218 boreali
341 2180 538 2223 imprimis
556 2183 758 2227 repertae,
790 2184 904 2216 trans
922 2178 1206 2222 capricornum
1222 2178 1472 2214 rarissimae.
1510 2177 1675 2219 Europa
1691 2178 1848 2211 nullam
1864 2178 2006 2218 sponte

170 2247 250 2275 sua
276 2237 372 2284 alit,
409 2246 504 2273 nam
531 2235 668 2271 Vitem
693 2235 944 2285 viniferam,
976 2236 1020 2271 in
1045 2234 1251 2279 depressis
1273 2237 1462 2277 Europae
1488 2233 1751 2269 australioris
1774 2232 1909 2275 sylvis
1934 2234 2006 2267 ob-

169 2295 302 2341 viam,
342 2305 364 2331 e
395 2294 614 2330 domestico
647 2294 817 2330 servitio
850 2293 1048 2338 aufugam
1079 2292 1294 2328 credimus.
1355 2290 1532 2327 Benefici
1563 2290 1724 2326 fruticis
1756 2289 1931 2332 patriam
1961 2288 2004 2323 in

170 2351 394 2395 Mingrelia
423 2355 459 2387 et
484 2351 677 2399 Georgia,
709 2351 815 2387 inter
837 2350 1035 2397 Caucasi,
1067 2349 1235 2386 Ararati
1268 2352 1307 2385 et
1329 2348 1456 2384 Tauri
1482 2349 1584 2392 juga
1608 2347 1880 2390 quaerendam
1910 2355 2003 2388 per-

170 2409 323 2445 hibent.
383 2409 502 2444 Hunc
524 2409 567 2444 in
589 2408 823 2444 mortalium
847 2407 1049 2444 consortio
1066 2405 1381 2449 antiquissimae
1398 2406 1578 2450 gentium
1596 2404 1835 2440 traditiones
1852 2412 2004 2438 memo-

172 2468 283 2512 rant,
316 2465 375 2501 ita
389 2468 434 2501 ut.
449 2465 652 2500 viniferae
669 2466 836 2507 plantae
853 2467 1036 2510 cultura,
1067 2463 1221 2506 priscis
1246 2462 1608 2506 superstitionibus
1631 2461 1932 2507 commendata,
1965 2462 2006 2496 et

118 2520 121 2521 ⁷
170 2522 276 2558 inter
291 2531 423 2558 novae
440 2522 545 2565 legis
563 2522 734 2565 pignora
749 2525 935 2569 sacrata,
966 2520 1084 2557 nobis
1102 2520 1321 2564 congenita
1337 2529 1428 2554 esse
1443 2518 1643 2554 videatur.

299 2580 372 2613 De
388 2579 425 2614 V
427 2579 496 2614 itis
513 2578 710 2614 hodierna
726 2581 889 2614 cultura
905 2577 1304 2622 circumspicientes,
1335 2576 1378 2611 in
1393 2577 1582 2619 Euiopae
1605 2575 1739 2610 littore
1762 2573 2005 2610 occic⁸entali

171 2634 223 2672 atl
244 2634 405 2679 Ligeris
431 2635 538 2671 ostia
562 2633 670 2686 (472
650 2631 689 2656 ¹⁰
712 2633 756 2671 L.
781 2636 827 2671 B.
831 2635 853 2680 ]
885 2636 930 2671 in
958 2637 1163 2671 borealem
1190 2633 1405 2670 vinearum
1434 2633 1606 2668 limitem
1637 2631 1898 2676 offendimus,
1933 2629 2003 2672 qui

170 2696 371 2735 quatenus
388 2694 439 2728 ad
455 2663 666 2728 orientem2
673 2693 944 2737 protenditur,
976 2695 1114 2734 polum
1136 2699 1284 2726 versus
1309 2690 1585 2735 adscendens,
1617 2688 1757 2724 multis
1777 2688 1898 2730 juxta
1921 2685 2002 2723 soli

170 2752 209 2784 et
233 2748 413 2792 regionis
437 2749 614 2784 indolem
638 2748 835 2794 flexibus,
868 2749 920 2784 ad
935 2748 1068 2783 Rheni
1086 2751 1124 2783 et
1140 2748 1340 2782 Mosellae
1356 2745 1621 2781 confluentem
1638 2739 1738 2787 (51ο
1754 2742 1799 2779 Ι.
1816 2743 1887 2787 Β.)
1906 2753 1998 2787 per-

168 2805 301 2850 tingit.
359 2807 393 2841 E
418 2805 554 2841 vineis
577 2809 689 2847 trans
713 2805 837 2840 istum
861 2804 1075 2840 terminum
1094 2814 1164 2847 per
1180 2802 1379 2845 reliquam
1397 2802 1655 2838 Germaniam
1673 2801 1892 2848 dispersis,
1923 2808 2004 2836 non

168 2862 313 2898 vinum
329 2862 521 2908 obtineri,
553 2864 624 2898 sed
641 2865 766 2898 multo
783 2864 921 2897 labore
939 2865 1099 2897 acetum
1122 2860 1219 2896 meti
1243 2862 1414 2895 constat.
1471 2861 1573 2894 Nam
1597 2857 1684 2894 vini
1710 2859 1870 2893 cultura
1893 2857 2004 2900 apud

169 2929 245 2956 nos
262 2919 428 2955 nonnisi
444 2919 486 2954 in
503 2919 635 2955 Rheni
657 2921 790 2964 valle,
820 2918 864 2954 in
887 2918 1147 2954 convallibus
1164 2916 1322 2964 Moeni,
1353 2916 1492 2951 Nicari
1517 2919 1554 2951 et
1570 2917 1791 2960 Mosellae,
1825 2918 1862 2949 et
1880 2915 2006 2958 juxta

168 2976 404 3012 Danubium
423 2977 604 3020 legitime
627 2975 872 3023 absolvitur3
912 2985 988 3011 nec
1011 2975 1054 3010 in
1076 2973 1291 3018 Hungaria
1315 2975 1424 3009 ultra
1447 2968 1582 3008 49⁰1..
1605 2973 1650 3008 Β.
1676 2981 1768 3007 cum
1798 2972 2002 3007 commodo

171 3035 404 3081 exercetur,
435 3033 478 3069 in
493 3033 644 3070 Rossia
657 3032 916 3070 meridionali
929 3034 1051 3075 juxta
1067 3032 1229 3067 boreale
1245 3030 1371 3065 maris
1389 3029 1556 3072 Caspici
1572 3029 1689 3065 littus
1707 3031 1782 3065 sub
1801 3023 1874 3063 48⁰
1890 3026 1935 3077 L
1953 3028 2001 3064 Β.

171 3088 389 3125 exstincta.
449 3091 589 3126 Omnis
611 3090 749 3134 itaque
771 3089 838 3125 hic
864 3089 984 3126 limes
1008 3098 1148 3125 arcum
1172 3088 1373 3133 efformat,
1406 3087 1577 3123 basibus
1603 3086 1691 3122 suis
1707 3089 1782 3122 sub
1801 3080 1934 3121 4,.701
1951 3085 1999 3120 Β.

175 3142 247 3181 160
266 3144 308 3180 L.
325 3147 391 3181 Or
417 3149 456 3182 et
481 3150 556 3183 sub
574 3143 710 3184 48⁰L.
726 3148 774 3182 B.
791 3151 830 3183 et
847 3142 921 3182 60⁰
937 3144 982 3182 L.
1001 3147 1065 3182 Or.
1091 3145 1236 3188 situm,
1269 3146 1308 3180 et
1331 3144 1391 3180 ita
1412 3143 1583 3190 flexum,
1615 3146 1659 3178 ut
1682 3145 1756 3180 sub
1783 3138 1919 3177 25⁰L.
1937 3142 2001 3178 Or.

171 3203 223 3239 ad
247 3197 321 3238 51⁰
338 3200 383 3237 L.
400 3203 445 3237 Β.
471 3204 686 3248 pertingat.
743 3196 1033 3239 Excentricum
1057 3211 1180 3239 arcus
1203 3210 1350 3238 versus
1375 3201 1616 3237 atlanticam
1640 3208 1749 3235 oram
1773 3198 2000 3245 fastigium,

172 3268 263 3295 cum
281 3269 302 3295 e
326 3261 463 3295 calore
487 3268 642 3307 annuo,
674 3270 821 3297 versus
845 3260 1040 3297 orientem
1062 3259 1294 3302 imminuto,
1325 3258 1497 3294 limitem
1519 3258 1614 3293 hinc
1637 3256 1773 3300 potius
1799 3255 1997 3291 declivem

174 3316 266 3360 quis
296 3317 497 3364 crederet,
528 3327 550 3353 e
580 3320 746 3361 plantae
775 3321 925 3354 natura
946 3317 1198 3364 explicatur,
1231 3316 1350 3358 cujus
1376 3314 1532 3350 fructus
1553 3323 1774 3357 paucorum
1798 3312 2000 3348 mensium

173 3374 316 3409 ardore
347 3374 598 3422 maturandi,
630 3383 682 3410 ex
707 3374 880 3411 aestatis
904 3376 1060 3421 calore,
1085 3375 1210 3417 juxta
1230 3372 1358 3409 maris
1382 3372 1519 3407 littora
1541 3373 1666 3407 multo
1692 3379 1812 3413 quam
1835 3370 1879 3405 in
1902 3378 2002 3406 con-

170 3429 395 3465 tinentibus
418 3430 570 3467 minore
592 3432 780 3474 pendent.
823 3431 881 3480 *A
900 3431 1005 3468 mari
1027 3431 1200 3475 caspico
1224 3428 1420 3466 orientem
1449 3437 1595 3464 versus
1626 3430 1842 3471 pergentes
1865 3426 2002 3464 Vitem

171 3487 215 3521 ln
231 3487 439 3523 Bucharia
456 3490 492 3522 et
512 3487 554 3523 in
572 3488 740 3525 Persiae
757 3490 866 3524 elata
881 3488 1044 3534 regione
1066 3498 1147 3525 non
1169 3487 1390 3533 ignobilem
1411 3485 1618 3532 videmus3
1649 3484 1778 3520 rarior
1798 3484 1841 3520 in
1859 3483 2002 3519 Hima-

172 3544 297 3586 layae
320 3543 443 3581 clivis
466 3545 720 3583 australibus
743 3545 915 3594 seritur,
948 3556 971 3583 e
992 3548 1104 3583 valle
1123 3545 1266 3583 Indica
1290 3547 1329 3582 et
1351 3542 1522 3581 PerSiae
1551 3550 1622 3580 ora
1653 3541 1858 3579 maritima
1888 3542 1997 3583 exul,
