2147 3756
1061 127 1174 176 150

200 317 409 350 'structura
432 309 634 356 singulari
656 301 948 347 memorabiles
973 302 1015 338 in
1033 301 1163 338 Asiae
1179 298 1397 344 paludibus
1415 303 1451 334 et
1468 299 1511 334 in
1527 299 1701 335 collibus
1718 299 1903 335 arenosis
1918 294 2033 336 Afri-

204 379 278 405 cae
302 369 482 405 fervidae
507 371 688 411 repertae
707 366 892 402 fuerunt,
950 359 1218 395 Arisaemata
1233 356 1362 391 Asiae
1378 358 1532 390 montes
1548 355 1831 399 intertropicos
1849 360 1885 392 et
1902 357 2034 401 regio-

202 437 293 462 nem
322 427 657 462 mediterraneam
684 420 943 463 inhabitant,
992 415 1116 450 etiam
1146 414 1188 448 in
1221 412 1413 447 America
1443 413 1596 447 boreali
1620 415 1848 448 observata.
1911 412 2034 448 Acori

204 484 245 519 in
273 484 390 519 India
420 481 599 525 imligeni
627 490 738 516 nunc
779 487 847 521 per
876 477 1089 514 Europam
1116 470 1299 519 ¹mediam
1331 473 1367 503 et
1399 467 1629 504 australem
1650 470 1802 504 efferati
1831 472 2034 512 vegetant.

204 542 550 583 Gymnostachys,
597 548 726 580 genus
756 537 890 570 Acoro
922 528 1173 572 proximum,
1213 525 1254 559 in
1287 527 1402 560 Nova
1432 526 1651 560 Hollandia
1680 525 1868 560 orientali
1898 530 2035 561 extra-

205 598 360 641 tropica
376 596 546 632 habitat.
605 593 762 628 Pistiae
778 591 885 624 inter
901 585 1081 628 tropicos
1100 583 1222 617 totius
1238 582 1346 617 orbis
1363 583 1556 625 vulgares
1572 590 1765 624 aquarum
1782 582 1977 624 hospites,

346 672 706 728 Qua-litantes
739 679 777 710 et
798 678 969 712 usus.
1030 667 1238 703 Aroideae
1270 669 1485 708 pleraeque
1515 665 1782 707 qualitatibus
1811 665 2035 701 'Paccaceis

209 744 367 781 similes
393 742 433 775 in
458 748 503 774 eo
529 734 792 774 conveniunt,
826 730 931 772 quod
950 724 1247 762 rliizomatibus
1274 723 1312 757 in
1339 731 1488 765 magna
1512 722 1638 763 amyli
1662 722 1781 763 copia
1803 722 2036 758 substantia

207 801 465 836 vehementer
482 793 610 836 acris,
641 788 845 832 volatilis,
880 783 1110 821 siccatione
1128 784 1163 815 et
1181 780 1360 814 coctione
1379 778 1575 814 facillime
1592 779 1835 813 removenda
1852 778 1968 822 insit,
1993 777 2035 812 in

208 860 335 893 herba
359 854 493 889 minus
518 846 742 891 acredinis,
775 840 1058 879 florescentiae
1082 842 1282 880 tempore,
1316 844 1392 877 quo
1417 835 1566 876 spadix
1591 835 1776 877 pluribus
1800 837 1926 880 calet,
1954 834 2035 869 sere

211 912 410 949 evanidae
427 907 689 943 contineatur.
735 902 822 936 Hae
840 902 886 933 ob
904 898 1018 932 vires
1036 895 1318 937 stimulantes,
1349 894 1607 927 membranae
1623 901 1832 936 mucosae,
1864 899 2035 934 organo-

211 979 297 1005 rum
325 963 590 1010 digerentium
622 963 660 994 et
690 955 977 999 respirantium
1009 950 1199 987 inertiam
1231 948 1501 984 sollicitantes
1533 956 1557 983 a
1579 948 1746 983 medicis
1771 948 1971 983 interdum
1994 947 2036 982 in

211 1024 412 1062 auxilium
442 1023 630 1060 vocatae,
663 1012 915 1056 frequentius
947 1010 990 1045 in
1013 1005 1424 1051 regionibuscalidis
1445 1007 1605 1040 cultura
1626 1005 1832 1040 cicuratae
1854 1013 1892 1039 v.
1918 1012 2037 1046 prae-

212 1079 437 1126 parationis
461 1073 628 1112 artificio
650 1071 867 1108 accedente
890 1067 1101 1111 mitigatae
1126 1064 1167 1097 in
1199 1070 1422 1107 annonam,
1454 1061 1641 1103 plurimis
1669 1061 1858 1105 gentibus
1889 1060 2038 1104 pretio-

214 1148 323 1182 sam,
356 1134 656 1170 convertuntur.
716 1126 893 1170 Pistiae,
927 1123 1035 1158 facie
1067 1119 1188 1155 etiam
1221 1119 1456 1163 anomalae,
1490 1117 1694 1153 acredinis
1718 1120 1811 1152 sunt
1835 1120 2037 1162 expertes,

169 1189 174 1196 ’
212 1195 369 1232 viribus
400 1186 722 1226 demulcentibus
752 1186 790 1218 et
812 1177 1150 1224 refrigerantibus
1180 1173 1422 1210 Lemnaceis
1453 1173 1622 1208 similes.
1681 1173 1807 1208 Acori
1831 1172 2040 1208 radicibus

214 1248 448 1289 substantia
471 1252 612 1282 amara
635 1245 671 1277 et
697 1239 775 1275 olei
800 1235 977 1274 aetherei
1003 1234 1132 1278 portio
1152 1231 1372 1274 qualitates
1396 1230 1643 1265 aromaticas
1660 1229 1869 1275 conciliat,
1903 1232 1939 1264 et
1956 1228 2040 1264 vim

216 1307 391 1352 largitur
419 1302 602 1340 validius
635 1298 934 1341 stimulantem,
966 1301 1048 1328 non
1078 1288 1203 1325 infimi
1234 1288 1343 1331 apud
1372 1286 1550 1323 medicos
1580 1286 1623 1321 in
1647 1282 1906 1323 sollicitando
1928 1285 2040 1322 vitae

215 1364 418 1408 plasticae
439 1360 534 1395 nisu
552 1366 666 1392 usus.

358 1443 440 1482 Ari
461 1439 670 1478 maculati
688 1439 807 1475 Linn.
839 1438 988 1472 herbae
1010 1430 1204 1468 nostratis
1228 1431 1347 1467 radix
1372 1429 1533 1474 [Radix
1553 1429 1629 1466 Ari
1654 1439 1688 1465 s.
1711 1428 1884 1476 Aronis,
1915 1429 2041 1473 vulgo

218 1509 468 1549 ZehrwurZ,
501 1501 777 1540 Aronswurz,
809 1489 1104 1536 Magenwurz]
1131 1492 1178 1523 ob
1203 1497 1394 1530 magnam
1416 1488 1588 1533 virium,
1619 1497 1728 1522 nunc
1751 1487 1886 1522 minus
1903 1486 2040 1522 effica-

219 1567 345 1611 cium,
377 1571 485 1598 nunc
504 1561 614 1602 justo
638 1551 821 1593 validius
845 1546 1051 1591 agentium
1077 1547 1413 1589 inconstantiam,
1438 1548 1474 1579 et
1499 1544 1733 1589 certiorum,
1760 1552 1862 1585 quae
1880 1547 2042 1585 praesto

218 1627 333 1668 sunt,
359 1619 621 1663 remediorum
640 1605 938 1651 stimulantium
956 1603 1111 1639 acrium
1129 1602 1308 1647 copiam,
1341 1600 1490 1636 exoleti
1508 1600 1592 1636 fere
1607 1610 1708 1635 usus
1725 1603 1797 1635 est.
1857 1600 2044 1643 Quanta-

219 1682 326 1716 tibus
351 1682 389 1714 et
412 1685 489 1712 usu
515 1684 603 1710 cum
622 1675 705 1709 Aro
727 1673 906 1706 nostrate
931 1657 1121 1704 convenii
1150 1656 1272 1692 0(ῑῖἶο
1284 1655 1496 1703 palustris
1514 1659 1562 1693 L‹
1579 1656 1861 1701 [Dracontium
1881 1656 2043 1699 aquati-

219 1747 308 1773 cum
326 1746 358 1771 s.
377 1735 559 1777 palustre
576 1728 733 1774 Ostha),
766 1729 951 1769 Europae
974 1724 1172 1769 imprimis
1194 1713 1375 1759 borealis
1399 1713 1524 1761 Civis,
1557 1717 1604 1750 ob
1628 1714 1740 1749 vires
1762 1714 2043 1749 vehementius

220 1790 520 1836 diaphoreticas
549 1784 894 1828 alexipharmacis
919 1785 968 1818 ab
994 1780 1291 1824 antiquioribus
1316 1776 1601 1822 adnumerata,
1635 1773 1673 1810 et
1698 1769 1948 1811 diversorum
1972 1779 2045 1814 ge-

219 1859 358 1886 nerum
384 1846 543 1889 species
566 1845 605 1879 in
632 1843 795 1886 regione
816 1840 1112 1875 mediterranea
1127 1842 1163 1873 et
1181 1838 1222 1872 In
1240 1835 1517 1872 dissitissiinis
1534 1833 1642 1870 orbis
1659 1832 1795 1876 plagis
1812 1833 2043 1866 nascentes.

179 1918 184 1922 ·
219 1908 252 1942 Ε
279 1904 493 1947 speciebus
510 1903 714 1942 Europam
743 1896 1025 1933 australiorem
1051 1895 1326 1930 incolentibus
1350 1889 1482 1926 Arum
1504 1890 1697 1926 italicum
1720 1891 1766 1926 L.
1794 1888 1955 1933 (Radix
1969 1886 2046 1924 Ari

223 1961 372 1998 Gallici
396 1956 554 2002 Offic.];
585 1953 716 1990 Arum
739 1950 1015 1987 Dioscuridis
1032 1952 1159 1987 Sibth.
1186 1944 1317 2000 (ἄρον
1342 1960 1375 1985 s.
1399 1942 1632 2000 δρακοντίοι
1647 1941 1774 1997 μικρά
1790 1947 1973 1993 Diosc.];
1991 1965 2038 1972 —-

221 2016 448 2053 Arisarum
473 2013 646 2059 vulgare
669 2013 820 2047 Kunth.
852 2008 1013 2052 (Radix
1034 2006 1243 2053 Arisari);
1269 2026 1315 2032 -—
1345 2004 1647 2040 firmum-alus
1672 2002 1861 2050 vulgaris
1892 2006 2046 2040 senon.

223 2074 384 2118 (Radix
419 2068 671 2108 Dracunculi
707 2078 740 2103 s.
773 2065 1058 2110 Serpentariae
1097 2064 1264 2106 majoris
1302 2063 1412 2099 Offic.
1451 2057 1682 2114 δρακοντιά
1711 2054 1876 2108 μεγάλη
1907 2061 2044 2097 Diosc.

223 2124 317 2182 ῥρζα
340 2123 462 2176 λευκή
487 2122 808 2170 Hippocratic.];
844 2141 891 2146 ——
924 2132 975 2158 ex
998 2120 1273 2157 Orientalibus
1297 2117 1602 2154 Dran-maculas
1624 2118 1762 2153 memor
1784 2119 1915 2153 Blum.
1943 2115 2051 2160 (Luf

222 2186 395 2232 Arab.];
425 2201 482 2208 --
509 2181 690 2218 marum
715 2177 849 2214 Bovez·
870 2180 1001 2214 Blum.
1028 2176 1268 2221 [Car-'saaini
1291 2175 1483 2222 Rauw.);
1517 2195 1564 2201 —-
1599 2180 1637 2211 et
1665 2173 1841 2209 Be‘arum'
1866 2170 2049 2208 Homeid

224 2247 357 2281 Blum.
374 2241 583 2285 (Homaidt
600 2235 775 2280 RauW.]
794 2235 1064 2271 nominandae
1087 2232 1195 2270 sunt.
1253 2235 1364 2269 Inter
1387 2233 1551 2268 indicas
1563 2233 1764 2268 Aroideas
1787 2231 1946 2267 viribus
1961 2239 2046 2266 me-

225 2297 329 2338 dicis
344 2298 644 2335 commendatas
661 2293 859 2337 imprimis
876 2293 1150 2327 celebrantur:
1177 2285 1560 2334 Ammyahophallus
1578 2286 2047 2334 campanulatusBlum.

227 2352 387 2402 (Tacca
408 2353 628 2398 phallifera
649 2347 870 2395 Rumph.];
903 2367 951 2373 --
990 2343 1251 2393 {ljyplmm'um
1279 2344 1525 2380 trz’lobatnm
1551 2347 1700 2381 Schott,
1734 2343 1989 2387 [Parinualle
2013 2353 2045 2380 s.

226 2409 462 2450 P'anuwala
485 2406 691 2455 Cinga12];
720 2423 776 2430 —
806 2409 843 2441 et
868 2399 1095 2438 Arv‘saema
1111 2393 1433 2448 pentaphyllum
1453 2404 1604 2438 Schott.
1629 2400 1856 2445 (Komphal
1872 2410 1904 2436 s.
1920 2402 2047 2436 Rum-

225 2468 376 2515 phal.].
418 2470 465 2504 In
481 2462 670 2514 America
688 2460 845 2500 boreali
870 2457 1097 2495 Arfsaema
1115 2456 1359 2505 trae’plzyllnm
1377 2461 1527 2495 Schott.
1547 2456 1693 2502 (vulgo
1707 2457 1853 2494 Indian
1869 2459 2046 2502 Turn‘ep‚

227 2523 543 2567 XVake-robin]
570 2526 606 2558 et
624 2517 851 2554 Arz'saema
866 2513 1150 2551 lirae-omma
1167 2518 1316 2552 Scltott.
1335 2513 1483 2560 (vulgo
1501 2517 1630 2551 Green
1646 2516 1829 2560 Dragon,
1861 2515 2049 2557 Dra-'gon-

228 2579 343 2626 root]
377 2581 640 2633 adhibentur.>
703 2573 1029 2622 Symplo'carp'us
1049 2570 1247 2622 foetidus
1278 2573 1427 2609 Salisb'.
1467 2571 1614 2616 [vulgo
1646 2575 1812 2614 swamp
1844 2570 2048 2616 Gabbage,

229 2637 374 2690 Slznnk
387 2636 530 2680 weed]
556 2632 711 2686 Putorii
726 2633 873 2668 foetore
891 2630 1078 2677 infamiS,
1111 2629 1324 2676 „radicem
1341 2626 1589 2664 Dracontii“
1607 2627 1780 2663 officinis
1797 2629 2050 2663 transatlan-

230 2693 325 2733 tieis'
341 2694 533 2737 largitur,
565 2684 764 2727 adversus
781 2690 942 2723 asthma
958 2690 996 2722 et
1011 2686 1157 2736 tussim
1174 2685 1406 2721 chronicam
1422 2685 1672 2728 usurpatam.
1729 2680 1901 2718 orontii
1913 2692 2051 2729 aqua-

233 2752 311 2788 tici
329 2754 376 2787 L.
409 2748 555 2793 (vulgo
586 2748 730 2792 golden
763 2745 886 2789 Club,
916 2745 1066 2779 Newer
1087 2740 1195 2785 wel)
1221 2743 1345 2777 herba
1367 2751 1510 2777 recens
1534 2741 1748 2777 admodum
1771 2741 1899 2786 acris,
1932 2739 2052 2775 radix

231 2810 345 2847 sicca
366 2807 455 2843 sine
476 2812 584 2841 noxa
607 2803 750 2839 editur.
811 2797 1074 2834 Rz'chardiae
1091 2795 1356 2843 aethiopicae
1372 2799 1546 2844 Kunth.,
1575 2800 1742 2840 plantae
1757 2797 1969 2843 canensis,
2001 2799 2049 2832 ob

233 2868 404 2909 spathae
441 2862 660 2905 candidae,
707 2866 876 2894 aureum
913 2857 1123 2900 spadicem
1151 2854 1369 2898 promentis
1402 2855 1603 2899 decorem,
1651 2853 1980 2895 frequen-tissime
2007 2852 2051 2889 in

234 2919 467 2957 domesticis
489 2917 616 2953 hortis
639 2918 775 2951 cultae
798 2918 834 2949 et
859 2913 938 2948 coli
963 2912 1130 2957 dignae,
1162 2911 1280 2946 radix
1305 2911 1464 2954 (Radix
1485 2910 1560 2944 Ari
1584 2909 1825 2954 aethiopici]
1850 2909 1968 2944 hodie
1985 2918 2052 2945 se-

233 2978 369 3022 posita
398 2978 471 3011 est.
530 2967 884 3018 Dv‘effenbaclez'ae
908 2966 1113 3014 seg-urnae
1144 2969 1278 3002 Schott
1312 2964 1459 3012 [vulgo
1482 2965 1780 3009 Dumb-cane)
1811 2966 1854 3000 in
1878 2965 2052 3002 Antillis

233 3032 442 3071 nascentis
464 3038 612 3067 succus
636 3027 850 3063 admodum
873 3024 1082 3061 causticus
1108 3026 1166 3059 est
1179 3036 1193 3070 ,·
1219 3025 1384 3058 herbam
1406 3023 1447 3056 in
1474 3024 1616 3057 balneo
1639 3025 1793 3057 coctam
1817 3021 2053 3065 hydropicis

236 3093 459 3127 saiutarem
483 3087 662 3122 credunt.
723 3080 969 3118 Monsterae
989 3082 1193 3125 pertusae
1216 3081 1365 3113 Schott.
1391 3078 1490 3114 folia
1512 3082 1647 3113 cutem
1666 3079 1811 3114 leniter
1827 3081 1968 3124 urunt,
2000 3081 2051 3114 ab

235 3144 495 3183 Americanis
512 3143 554 3178 in
570 3141 752 3177 curanda
767 3146 969 3175 anasarca
986 3138 1166 3172 laudata.
1217 3131 1377 3168 Pollms
1394 3132 1597 3168 scandens
1613 3136 1740 3170 Roxb.
1759 3134 2056 3178 (Ana-Parua

238 3202 363 3247 Mal.)
393 3201 505 3237 Indis
534 3197 752 3234 remedium
775 3196 817 3230 in
840 3194 1021 3230 febribus
1044 3192 1217 3235 putridis
1240 3192 1559 3246 commendatum
1584 3194 1762 3234 praebet.
1831 3178 2057 3236 Seinclapsi

240 3255 476 3306 officinalis
500 3252 796 3300 (Guj-pippun
818 3253 943 3294 Beng.
974 3249 1155 3285 Vushira
1169 3247 1363 3292 Sans-kin)
1387 3248 1595 3291 spadicem
1620 3246 1831 3291 crystallis
1845 3246 2054 3291 rhaphidi-

239 3315 435 3352 formibus
451 3314 672 3350 scatentem
687 3306 1064 3346 anthelminthicum
1081 3308 1280 3349 reputant.
1908 3305 1912 3309 “
2047 3304 2049 3306 ’

279 3448 282 3450 v
368 3396 582 3449 ¹Aroideae
613 3397 660 3431 ob
692 3389 851 3430 radices
880 3382 1143 3445 esculentas„
1173 3389 1410 3433 plerumque
1434 3391 1664 3435 tuberosae,
1709 3388 1844 3424 cultae
1872 3379 2056 3424 maxima

242 3458 294 3492 e'x
323 3458 438 3498 parte
466 3455 518 3489 ad
540 3461 629 3488 eam
652 3450 805 3487 ordinis
826 3448 1049 3487 subtribum
1073 3443 1321 3493 referuntur,
1355 3454 1475 3489 quam
1499 3445 1702 3482 Schottius
1724 3444 2056 3481 Colocasiearum'

243 3511 404 3549 nomine
434 3506 652 3557 salutavit,
681 3508 854 3552 spathae
882 3503 1162 3544 suaveolentis
1191 3504 1284 3540 tubo
1308 3502 1573 3552 persistente,
1605 3501 1785 3540 antheris
1807 3500 1992 3538 connatis
2017 3502 2055 3536 et
