2147 3756
849 118 1072 204 “299

115 293 365 342 dimedreas,
397 302 500 338 quae
523 295 564 330 ln
583 294 688 329 Asia
712 291 1087 336 frequentissimae,
1120 290 1242 326 etiam
1265 289 1308 325 in
1325 288 1540 326 Americae
1556 289 1732 326 diversis
1748 289 1934 333 partibus
1993 328 1997 333 ,

116 353 380 399 proveniunt,
411 351 615 393 simulque
643 352 798 386 Novam
828 349 1090 385 Hollandiam
1119 348 1360 388 insulasque
1388 345 1558 382 Africae
1590 348 1639 382 ab
1672 346 1825 382 oriente
1848 349 1935 382 sole

120 410 292 445 contines
323 409 495 453 intrant,
527 404 741 440 Phoebeas
764 415 900 452 porro,
930 413 1097 448 quorum
1122 406 1292 440 alterum
1316 411 1445 447 genus
1472 397 1759 446 (Apollonias)
1785 402 1935 437 insulis

121 465 306 501 canariis
330 468 366 500 et
388 464 529 499 Indiae
552 463 741 498 orientali
763 471 972 498 commune
995 464 1077 507 est,
1109 463 1282 496 alterum
1306 462 1438 495 autem
1459 455 1663 501 (Phoebe)
1691 457 1734 493 in
1752 459 1854 493 duas
1875 458 1936 493 fa-

121 521 272 567 milias,
305 529 428 556 unam
453 521 689 555 orientalem
705 528 875 561 eamque
891 518 1082 560 majorem
1099 526 1148 553 ac
1165 516 1476 562 opulentiorem,
1508 517 1680 550 alteram
1698 514 1937 549 orientalem

119 578 321 614 dividitur.
380 578 549 612 Praeter
573 584 645 612 eas
668 572 1079 609 Tetrcmtlterearum
1103 583 1228 609 unum
1245 581 1397 619 genus,
1427 572 1531 614 quod
1548 568 1690 604 Lauri
1704 573 1763 605 est
1781 570 1939 605 arboris

120 632 287 678 nubilis,
327 632 586 674 omniumque
623 632 945 678 inclytissimae,
983 632 1173 672 Europae
1203 629 1399 674 australi,
1440 627 1649 669 Asiaeque
1679 625 1939 670 occidentali,

119 690 297 732 solisque
320 690 384 724 his
410 689 527 725 terris
550 697 792 724 concessum
814 697 927 733 esse,
965 683 1360 727 Tetranclaeraeque
1383 685 1572 731 insuper,
1603 682 1765 727 generis
1786 681 1941 725 princi-

121 745 249 792 palis,
292 746 445 787 aliquot
485 745 645 787 species
683 744 727 778 in
755 743 924 786 imperio
952 742 1166 778 mexicano
1198 751 1428 787 resurgere,
1468 744 1589 783 atque
1617 747 1741 774 uuam
1771 748 1823 773 ex
1852 737 1942 774 suis

122 800 449 845 [Tetrantheram
469 798 782 846 geniculatam)
806 801 858 834 ad
880 799 1046 835 ultimos
1069 798 1224 833 ordinis
1247 798 1346 834 fines
1364 796 1691 840 septemtrionem
1706 804 1854 831 versus
1873 795 1942 829 de-

118 860 275 903 legare,
306 861 369 903 ut,
399 857 457 892 ibi
488 857 531 892 in
553 855 866 892 Flaviflorarum
896 855 1095 892 familiari
1115 850 1162 890 et
1189 854 1497 897 consanguinea
1518 852 1713 890 societate
1736 860 1941 896 crescens,

118 914 463 951 necessitudinem
492 912 719 956 proximam
750 915 939 960 testetur,
975 909 1207 957 Cassyteas
1239 914 1395 956 autem,
1426 919 1499 953 per
1527 918 1666 944 omnes
1697 908 1784 944 fere
1814 912 1944 943 terrae

118 974 277 1015 partes,
295 970 403 1005 intra
418 972 593 1005 statutos
611 968 742 1004 ordini
758 968 910 1005 limites
927 977 1055 1010 aequo
1071 969 1186 1003 modo
1205 966 1436 1014 dispersas,
1454 965 1764 1008 hemisphaerae
1781 967 1946 1000 austra-

115 1027 171 1063 lis
188 1026 454 1062 calidioribus
473 1025 670 1068 imprimis
687 1035 780 1061 esse
796 1026 1041 1068 adscriptas
1099 1024 1309 1059 Terminos
1331 1020 1649 1057 Lam-mearum
1673 1018 1946 1055 orientalium

119 1086 170 1119 ab
202 1086 418 1125 aequatore
448 1082 776 1125 septemtrionem
804 1091 950 1119 versus
975 1082 1026 1116 ad
1050 1082 1101 1115 25
1121 1075 1256 1115 -300
1277 1081 1323 1115 L.
1340 1081 1388 1115 B.
1410 1078 1661 1126 pertingere,
1692 1081 1765 1114 hos
1781 1080 1890 1114 ultra
1904 1075 1947 1110 in

117 1138 249 1176 Asiae
265 1139 382 1175 terris
398 1138 575 1174 maxime
591 1138 860 1174 orientalibus
878 1137 1033 1180 (Clrina
1049 1141 1085 1172 et
1104 1135 1325 1182 Japonia]‚
1358 1135 1553 1171 diminuto
1570 1144 1736 1170 numero
1754 1137 1792 1168 et
1808 1133 1947 1177 vigore

119 1197 172 1232 ad
188 1191 261 1229 400
276 1197 322 1230 L.
340 1196 385 1230 B.
411 1204 646 1238 procurrere
667 1194 824 1230 statuit.
882 1195 1082 1235 Austrum
1102 1203 1249 1228 versus
1271 1194 1394 1235 hujus
1414 1191 1591 1235 agminis
1606 1193 1773 1234 plantas
1789 1200 1859 1233 per
1875 1190 1949 1224 Ja-

118 1260 215 1288 vam
230 1251 432 1298 insulam,
467 1251 761 1287 fertilissimam
779 1249 1076 1293 Laurinearum
1092 1254 1280 1294 matrem,
1312 1252 1352 1284 et
1365 1251 1585 1292 plerasque
1608 1245 1861 1289 archipelagi
1884 1245 1949 1280 in‹

119 1307 345 1345 sulasfines
362 1317 459 1344 suos
476 1309 528 1343 ad
545 1309 911 1343 extremumNovae
921 1307 1167 1342 Hollandiae
1186 1305 1500 1349 promontorium
1516 1306 1700 1339 australe
1717 1306 1755 1338 et
1770 1303 1951 1338 insulam

116 1365 290 1401 Diemen
306 1363 436 1408 (inter
450 1365 500 1400 42
520 1369 558 1400 et
575 1360 647 1400 430
658 1363 792 1408 LA.)
810 1366 1039 1400 extendere.
1068 1365 1181 1399 Intra
1195 1366 1269 1399 lios
1286 1361 1478 1398 terminos
1494 1360 1711 1404 largiorem
1720 1359 1951 1395 Laurinea-

119 1431 210 1458 rum
232 1425 410 1465 segetem
434 1429 459 1457 a
481 1422 610 1464 gradu
627 1421 766 1463 quinto
784 1422 834 1456 ad
850 1420 1095 1466 vigesimum
1112 1425 1274 1456 sextum
1291 1418 1618 1462 septemtrionem
1632 1426 1780 1453 versus
1795 1416 1950 1460 vigere,

121 1477 314 1514 eximiam
330 1477 452 1513 etiam
469 1479 520 1513 ad
537 1482 720 1514 austrum
736 1487 998 1524 conversam,
1030 1486 1162 1519 usque
1179 1478 1230 1513 ad
1248 1480 1439 1512 octavum
1455 1475 1626 1520 gradum
1642 1473 1833 1520 reperiri,
1858 1472 1952 1507 inde

122 1539 307 1572 austrum
321 1543 468 1570 versus
484 1544 557 1577 per
571 1537 727 1570 Novam
736 1535 998 1570 Hollandiam
1015 1534 1187 1569 diminui
1205 1535 1394 1569 arborum
1410 1531 1584 1567 istarum
1598 1531 1682 1566 vim
1699 1534 1737 1566 et
1753 1529 1949 1574 vigorem.

121 1588 365 1625 Laurineas
396 1591 655 1626 americanas
685 1600 719 1626 s.
750 1591 1045 1638 occidentales,
1077 1590 1243 1626 circiter
1272 1598 1298 1625 a
1320 1589 1451 1634 gradu
1475 1590 1525 1623 35
1551 1590 1598 1624 L.
1621 1588 1672 1623 A.
1699 1591 1831 1623 terrae
1855 1594 1953 1621 con-

122 1647 308 1694 tinentis,
340 1650 549 1683 crescente
565 1656 725 1689 semper
739 1647 998 1682 multitudine
1016 1651 1053 1682 et
1070 1646 1290 1682 formarum
1306 1646 1564 1681 diversarum
1578 1646 1695 1691 lusu,
1719 1652 1792 1686 per
1807 1645 1954 1686 plagas

120 1704 238 1741 littus
260 1703 502 1740 atlanticum
524 1693 779 1750 spectantes,
810 1703 1031 1738 Brasiliam
1060 1712 1206 1744 nempe
1227 1707 1267 1738 et
1289 1702 1494 1748 Guianas,
1526 1709 1648 1744 quam
1669 1699 1848 1736 maxime
1873 1696 1955 1733 dif-

121 1760 258 1807 fundi,
290 1759 424 1803 magis
453 1764 589 1795 tamen
618 1759 815 1794 interiora
836 1763 970 1794 terrae
992 1762 1031 1794 et
1053 1758 1229 1794 editiora
1253 1757 1334 1793 sibi
1356 1758 1599 1802 seligentes,
1631 1755 1756 1793 simul
1780 1757 1953 1790 alteram

121 1825 262 1853 earum
283 1820 440 1859 partem
462 1816 645 1851 Andium
667 1824 944 1858 peruanorum
969 1818 1008 1850 et
1029 1814 1275 1850 chilensium
1294 1814 1398 1857 juga
1420 1814 1691 1860 adscendere,
1723 1815 1800 1847 hac
1817 1812 1886 1847 via
1902 1811 1955 1846 ad

120 1874 316 1910 isthmum
335 1871 595 1907 mexicanum
618 1875 851 1919 penetrare,
883 1870 1153 1907 Californiam
1167 1878 1297 1912 usque
1313 1870 1364 1904 ad
1381 1865 1456 1904 35⁰
1471 1871 1517 1905 L.
1534 1865 1580 1905 B:
1597 1873 1753 1916 petere,
1786 1868 1958 1910 denique

122 1929 359 1967 Americam
381 1929 753 1972 septemtrionalem
775 1928 949 1973 intrare,
981 1927 1040 1963 ibi
1055 1929 1131 1963 sub
1148 1921 1224 1962 450
1236 1925 1282 1962 L.
1298 1927 1345 1961 B.
1363 1921 1703 1972 Flamflorarum
1720 1925 1957 1960 debiliorem

122 1988 305 2024 sobolem
331 1982 590 2034 (Sassafras
613 1982 891 2033 officinarum
915 1988 954 2020 et
969 1981 1160 2018 Benzm‘n
1184 1978 1426 2032 offieae‘nale)
1446 1991 1473 2019 a
1489 1983 1683 2019 carradae
1698 1983 1812 2017 coelo
1829 1981 1959 2016 incle-

123 2046 259 2080 mente
289 2042 462 2084 denique
491 2041 691 2086 extingui.
750 2041 940 2088 Species,
973 2049 1079 2083 quae
1105 2041 1208 2084 juga
1235 2039 1433 2076 montium
1461 2043 1709 2085 sequuntur,
1740 2040 1961 2081 plerasque

125 2110 148 2136 e
164 2097 347 2134 Perseae
363 2098 527 2143 generis
551 2099 733 2134 sectione
751 2094 1151 2143 Eru'odaplmearum
1168 2106 1281 2144 esse,
1306 2105 1448 2132 earum
1464 2104 1589 2132 unam
1606 2096 1658 2131 ad
1672 2094 1905 2139 Virginiam
1921 2096 1961 2129 et

123 2155 394 2193 Louisianam
416 2155 649 2201 pervenire,
682 2159 721 2190 et
743 2157 854 2190 ultra
876 2150 955 2190 35⁰
975 2156 1021 2190 L.
1039 2155 1085 2190 Β.
1103 2154 1227 2190 etiam
1242 2156 1320 2189 hac
1336 2153 1380 2188 in
1396 2155 1523 2197 plaga
1536 2153 1794 2196 praecellens
1809 2151 1960 2186 Lauri-

126 2221 296 2249 nearum
317 2211 612 2248 incrementum
637 2221 718 2248 non
736 2211 915 2254 amplius
932 2210 1132 2258 inveniri,
1163 2211 1358 2252 majorem
1375 2214 1510 2246 autem
1529 2213 1686 2252 partem
1703 2212 1742 2243 et
1758 2216 1958 2244 summam

127 2269 398 2305 variationem
427 2268 652 2304 americani
682 2268 859 2312 agminis
887 2267 984 2304 inde
1020 2270 1071 2303 ab
1102 2271 1323 2310 aequatore
1353 2270 1540 2302 austrum
1570 2275 1719 2301 versus
1750 2274 1880 2307 usque
1910 2264 1962 2299 ad

128 2321 204 2360 250
225 2327 272 2361 L.
296 2325 350 2360 A.
381 2324 626 2361 consociari.
683 2327 731 2360 In
754 2323 904 2360 Africa
933 2326 985 2360 ad
1014 2327 1124 2360 hunc
1146 2333 1278 2366 usque
1303 2323 1408 2358 diem
1430 2322 1706 2366 paucissimas
1729 2321 1961 2357 Laurineas

128 2382 320 2418 inventas
344 2390 457 2428 esse,
490 2384 529 2417 et
551 2390 692 2418 earum
716 2381 877 2424 quidem
904 2381 1011 2417 alias
1027 2380 1308 2416 Promontorio
1332 2380 1506 2415 australi
1521 2388 1652 2421 usque
1668 2380 1720 2415 ad
1735 2373 1813 2415 24⁰
1834 2380 1881 2414 L.
1898 2378 1960 2414 B..

129 2438 237 2475 alias
253 2435 597 2481 Madagascariae
613 2443 651 2473 et
667 2438 926 2474 Mascarenis
943 2438 1116 2485 insulis,
1148 2442 1231 2473 tres
1249 2437 1423 2479 denique
1439 2436 1598 2479 species
1616 2435 1827 2481 Canariis,
1857 2434 1965 2469 inter

129 2490 331 2531 28-300
353 2496 401 2530 L.
417 2496 463 2530 B.
481 2494 574 2530 sitis
590 2494 798 2540 proprias,
827 2497 904 2530 has
921 2504 1060 2530 omnes
1077 2504 1099 2529 e
1114 2491 1370 2527 Persearum
1382 2520 1392 2540 ,
1423 2489 1734 2539 Phoebearum,
1762 2491 1964 2527 maxime-

129 2561 208 2594 que
230 2561 252 2586 e
271 2548 690 2597 Cryptocaryearum
714 2555 753 2586 et
771 2547 1175 2596 Oreodaphnearum
1195 2546 1653 2597 (Ceramoplcorarum)
1673 2557 1841 2584 numero
1858 2556 1964 2582 esse.

128 2609 336 2651 Europam
366 2616 491 2643 unam
519 2607 676 2643 nutrire
697 2608 900 2655 speeiem,
932 2607 999 2644 sui
1023 2608 1160 2650 utique
1185 2606 1365 2654 generis,
1397 2603 1591 2640 Laurum
1613 2603 1811 2650 nobilem,
1842 2604 1966 2646 hujus

131 2668 268 2701 autem
288 2664 390 2700 fines
413 2673 485 2706 per
498 2665 704 2706 Europam
727 2666 953 2700 australem
977 2668 1017 2700 et
1036 2664 1185 2700 Asiam
1198 2663 1417 2711 minorem,
1447 2663 1542 2698 inde
1559 2671 1585 2698 a
1599 2663 1729 2706 gradu
1743 2663 1793 2697 35
1813 2661 1866 2696 ad
1882 2654 1961 2694 450

130 2722 178 2757 L.
203 2722 251 2757 Β.
274 2725 436 2767 patere,
466 2719 562 2756 hinc
586 2719 696 2756 intra
714 2715 762 2755 1⁰
783 2724 823 2755 et
837 2715 914 2756 450
935 2722 982 2756 L.
999 2729 1057 2755 or.
1073 2719 1374 2762 comprehendi.
1431 2718 1646 2755 Asiaticas
1661 2717 1857 2753 orientem
1874 2726 1967 2751 ver-

132 2787 227 2824 sus,
259 2785 470 2820 quousque
487 2776 700 2812 continens
717 2777 920 2825 excurrit,
946 2777 996 2812 ad
1014 2777 1184 2820 gradum
1204 2776 1282 2809 160
1299 2776 1346 2810 L.
1364 2784 1421 2810 or.
1439 2776 1600 2810 tendere
1613 2801 1622 2817 ,
1649 2775 1700 2810 ad
1717 2774 1968 2810 occidentem

133 2844 230 2871 vero
252 2835 364 2869 ultra
388 2834 560 2877 gradum
584 2834 636 2868 90
655 2834 702 2869 L.
719 2843 776 2869 or.
799 2842 881 2868 non
905 2832 1113 2880 progredi,
1145 2840 1276 2874 neque
1290 2831 1336 2867 in
1350 2830 1518 2879 Persia,
1549 2840 1680 2873 neque
1696 2830 1739 2866 in
1755 2833 1874 2866 vasto
1890 2829 1968 2864 im—

132 2890 244 2934 perio
259 2890 415 2926 rossico
432 2892 592 2926 Lauros
608 2893 753 2932 sponte
768 2889 900 2927 nasci.
930 2890 995 2925 Ab
1013 2892 1145 2925 altera
1161 2893 1296 2924 autem
1311 2892 1427 2931 parte
1443 2887 1673 2924 Laurineas
1691 2886 1966 2930 amer-icanaS,

133 2957 206 2991 per
234 2955 392 2982 omnem
422 2945 585 2989 quidem
613 2946 851 2985 Americam
882 2946 1176 2992 continentem,
1208 2954 1258 2981 ac
1287 2948 1508 2988 plerasque
1537 2944 1698 2980 insulas
1722 2943 1918 2979 orientem
1941 2950 1967 2978 a

134 3003 369 3040 continente
392 3006 627 3046 spectantes
651 3002 909 3050 divulgatas,
942 3007 1077 3038 tamen
1098 3005 1249 3037 natura
1264 3010 1361 3049 sua,
1393 3010 1485 3037 cum
1499 3003 1592 3037 loca
1606 2999 1777 3036 editiora
1792 3007 1970 3042 sequan-

139 3064 224 3106 tur,
255 3059 390 3103 magis
414 3060 466 3095 ad
486 3061 598 3095 latus
614 3059 868 3095 occidentale
885 3059 1111 3106 declinare,
1142 3061 1288 3094 harum
1305 3062 1441 3094 autem
1457 3058 1614 3100 aliquot
1627 3057 1757 3092 veluti
1774 3054 1970 3098 reliquias

137 3114 238 3160 (aut
257 3115 572 3160 praecursores)
589 3117 713 3159 juxta
734 3107 910 3159 primum
934 3117 1105 3160 gradum
1119 3115 1412 3162 longitudinis,
1444 3115 1487 3150 in
1502 3113 1652 3150 insulis
1671 3112 1862 3149 canariis
1879 3119 1971 3147 esse

138 3172 320 3220 positaS,
351 3172 459 3208 alias
490 3181 620 3215 usque
645 3174 698 3208 ad
723 3168 797 3207 65⁰
817 3182 892 3217 per
911 3172 1117 3220 Africam,
1149 3172 1428 3216 Madagascar
1450 3175 1490 3206 et
1514 3170 1676 3206 insulas
1699 3172 1971 3206 Mascarenas

138 3227 294 3272 spargi.
351 3228 474 3271 Sequi
502 3238 555 3264 ex
583 3228 671 3276 his,
701 3237 850 3264 zonam
876 3231 929 3265 25
953 3248 1001 3254 -
1021 3231 1070 3264 45
1105 3229 1305 3272 graduum
1335 3237 1362 3264 a
1392 3226 1679 3270 septemtrione
1709 3227 1762 3261 ad
1786 3229 1972 3261 austrum

138 3285 450 3320 descendentem
478 3283 667 3330 dirimere
687 3284 918 3322 Laurineas
941 3285 1163 3321 orientales
1187 3286 1239 3321 ab
1262 3284 1607 3330 occidentalibus,
1637 3282 1815 3325 spatium
1836 3285 1974 3317 autem

141 3340 326 3382 utrisque
348 3338 626 3389 interjectum,
659 3350 752 3378 cum
774 3345 884 3378 terra
904 3341 960 3380 sit
979 3341 1096 3378 firma
1119 3349 1168 3377 ac
1191 3340 1425 3386 continens,
1458 3349 1527 3382 per
1548 3348 1594 3376 se
1615 3342 1844 3382 spectatum
1864 3340 1973 3374 haud

140 3404 344 3440 quaquam
359 3395 646 3450 impedimento
661 3407 770 3446 esse,
794 3397 1009 3441 quominus
1024 3396 1257 3436 Laurineae
1274 3396 1512 3445 orientales,
1538 3395 1622 3431 nisi
1638 3399 1784 3438 suapte
1800 3394 1972 3431 seorsim

144 3452 446 3514 ‹armineantun
478 3451 522 3491 in
554 3453 832 3493 occidentales
854 3459 1088 3503 transeant;
1120 3455 1172 3492 ab
1197 3456 1327 3491 altera
1351 3458 1486 3490 autem
1511 3455 1626 3497 parte
1641 3460 1840 3488 oceanum
1858 3450 1973 3495 paci-
