2147 3756
1039 122 1152 170 222

190 290 517 338 circumscisse
566 287 774 350 dejecto.
859 290 1008 336 Torus
1053 291 1098 336 in
1145 289 1358 336 laminam
1404 291 1639 353 perigonii
1686 290 1840 338 tubum
1879 291 2001 339 intus

191 361 464 407 vestientem
506 360 704 415 effusus,
752 358 810 406 ad
843 360 1024 405 faucem
1060 355 1117 405 in'
1137 361 1350 406 annulum
1384 360 1730 423 glandulosum,
1775 362 1926 408 rarius
1958 363 2004 408 in

190 447 357 477 conum
398 445 668 486 carnosum,
718 430 839 492 stylo
880 430 1088 492 pervium
1131 439 1179 487 et
1216 430 1402 476 limbum
1444 431 1752 478 excedentem
1799 440 2000 478 tumens.

186 502 408 548 Stamina
447 516 621 546 summo
662 508 766 545 toro
804 516 846 545 v.
881 501 1008 545 inter
1045 499 1255 561 ejusdem
1297 500 1429 546 lobos
1468 502 1666 561 inserta,
1713 500 1877 548 iisdem
1917 518 2002 548 nu-

187 586 317 617 mero
351 571 559 634 aequalia
595 578 641 615 et
671 569 875 626 alterna,
916 585 962 615 v.
1001 568 1161 632 dupla,
1204 587 1290 633 per
1319 572 1448 617 vices
1480 572 1660 618 alterna
1693 581 1740 617 et
1772 573 2004 634 opposita,

172 640 448 704 filamentis
480 649 527 686 et
559 640 776 686 anthes-is
805 648 855 685 ut
885 641 931 685 in
963 641 1154 686 floribus
1185 642 1519 703 staminigeris.
1570 640 1786 688 'Germen
1819 642 2001 699 sessile,

186 712 310 758 intra
340 710 575 774 perigonii
607 708 761 756 tubum
801 710 1021 767 liberum,
1067 712 1435 774 monophyllum,
1483 712 1791 758 uniloculare.
1870 713 2007 758 Gem-

185 782 313 828 mula
359 781 520 836 unica,
582 781 805 841 germinis
852 780 987 826 lateri
1036 798 1182 844 prope
1220 782 1365 827 basim
1411 784 1610 840 inserta,
1672 782 1849 829 sessilis
1893 799 1936 829 v.
1978 797 2004 828 e

188 851 398 897 funiculo
448 850 581 896 brevi
631 866 790 898 crasso
838 850 1155 909 adscendens,
1204 861 1445 915 anati-opa.
1520 853 1685 915 Stylus
1728 853 2004 909 terminalis,

189 921 412 984 simplex,
467 921 736 981 elongatus,
798 922 1175 984 linguaesoimis,
1235 926 1461 985 slv'gmate
1505 923 1613 969 hinc
1660 922 2003 985 longitudinali.

183 993 390 1038 Fructus
427 991 663 1052 perigenii
702 992 803 1038 basi
843 992 1157 1054 persistente,
1208 991 1389 1038 demum
1429 1009 1655 1050 carnosa„
1698 1002 1845 1039 strato
1884 994 2004 1040 inte-

184 1062 313 1107 riore
361 1059 593 1107 interdum
634 1060 1035 1108 osseo—indurato
1077 1071 1123 1108 et
1165 1062 1569 1124 longitudinaliter
1610 1073 1817 1120 costato,
1865 1065 2002 1126 apice

183 1130 456 1178 umbilicata
502 1131 732 1192 inclusus,
780 1148 933 1195 neque
980 1141 1133 1179 tamen
1183 1132 1470 1190 adhaerens,
1518 1132 1745 1179 'ovoidens
1790 1149 1834 1179 v.
1876 1149 2004 1180 com-

181 1201 543 1264 pressiusculu's,
577 1219 946 1266 monospermus,
985 1201 1302 1260 indeffiscens,
1333 1205 1602 1266 pericarpio
1628 1202 2002 1261 membranaceo,

186 1273 352 1319 semini
395 1271 702 1320 adhaerente.
781 1275 950 1320 Semen
989 1273 1305 1330 adscendenS,
1351 1275 1673 1336 integumento
1713 1274 2004 1321 membrana·

185 1358 273 1389 ceo
312 1359 355 1388 v.
388 1343 814 1406 subcartilagineo,
863 1344 1039 1407 rhaphe
1079 1343 1407 1407 longitudinali
1445 1345 1719 1407 prominula.
1793 1345 2003 1406 Embryo

182 1413 229 1459 in
262 1413 338 1459 axi
369 1413 613 1459 albuminis
647 1414 858 1471 carnosi,
905 1415 1084 1471 tenuis,
1128 1415 1174 1460 in
1205 1415 1306 1460 basi
1338 1416 1527 1461 seminis
1560 1415 1808 1461 incrassati
1841 1415 2005 1461 ortho-

185 1492 373 1547 tropus3
409 1483 776 1545 cotyledom‘bzcs
807 1486 1003 1543 crassis,
1035 1486 1261 1533 radicula
1291 1484 1445 1543 brevi,
1480 1486 1670 1543 conica,
1702 1486 1868 1533 infera.

955 1617 1234 1652 GENERA.

296 1699 420 1735 2112.
450 1698 686 1744 Hippophae‘
701 1695 827 1736 Lz'mz.
1236 1701 1362 1736 2114.
1394 1700 1614 1737 Conuleum
1629 1697 1678 1735 L.
1699 1698 1742 1735 C.
1758 1697 1882 1736 Rich.

293 1757 317 1790 2
327 1757 344 1791 1
354 1757 420 1791 13.
449 1756 701 1798 Shepherdia
719 1753 839 1793 Nun.
936 1789 940 1791 t
1235 1758 1257 1793 2
1267 1758 1358 1793 115.
1387 1759 1626 1801 Elaeagnus
1643 1754 1767 1794 Lina.

504 1803 766 1847 Lepargyreia
780 1803 893 1838 Nuce.

320 1888 644 1935 Affinitas·
689 1897 1081 1941 DeElaeagnearum
1101 1897 1299 1935 affinitate
1315 1897 1455 1935 facilis
1472 1901 1532 1935 est
1550 1897 1748 1945 quaestio,
1771 1896 2004 1934 necessitu-

182 1953 275 1988 dine
312 1962 403 1988 cum
433 1951 732 2000 Daphnoideis,
772 1954 1052 2003 Santalaceis,
1089 1955 1403 1998 Proteaceisque
1432 1955 1671 2001 manifesta,
1713 1955 1932 1991 discrimen
1961 1954 2003 1989 in

183 2009 338 2044 fructus
367 2008 568 2052 perigonii
599 2009 691 2045 basi
721 2009 845 2045 cincti
873 2010 1030 2055 indole,
1060 2014 1097 2047 et
1128 2011 1170 2046 in
1201 2012 1370 2047 seminis
1400 2011 1523 2046 erecti
1546 2011 1793 2047 albuminosi
1817 2010 2004 2046 radicula

182 2066 341 2101 fructus
363 2064 496 2101 basim
521 2069 728 2107 spectante
744 2071 945 2103 versatur.
1005 2067 1209 2111 Perigonii
1227 2068 1424 2112 dignitate
1440 2077 1530 2102 cum
1545 2066 1824 2111 Daphnoideis
1841 2069 2004 2103 certan-

183 2123 267 2167 tes,
301 2123 464 2157 easdem
494 2125 579 2156 toro
602 2121 822 2164 perfectius
845 2125 1050 2159 elaborato
1072 2125 1261 2171 vincunt,
1292 2124 1530 2168 genitalium
1555 2124 1712 2160 fabrica
1735 2123 1821 2159 illis
1843 2124 2002 2158 cedunt.

181 2178 358 2213 Fructus
374 2176 573 2220 imprimis
587 2177 632 2213 in
648 2187 694 2214 eo
711 2182 770 2215 est
789 2179 1035 2226 singularis,
1064 2181 1166 2223 quod
1184 2180 1436 2224 perigonium
1455 2183 1542 2215 utut
1557 2179 1600 2216 iii
1617 2181 1708 2222 ejus
1724 2183 1860 2223 partes
1877 2188 2002 2215 voca-

185 2237 288 2281 tum,
319 2242 540 2276 numquam
564 2242 654 2270 cum
676 2235 749 2270 illo
773 2237 996 2282 coalescat,
1029 2237 1137 2271 unde
1160 2236 1305 2282 simul,
1335 2237 1460 2272 misso
1479 2236 1600 2271 etiam
1617 2238 1910 2279 gemmularum
1925 2245 2004 2270 nu-

182 2299 290 2325 mero
308 2293 345 2325 et
362 2290 466 2335 situ,
498 2291 771 2326 Santalaceae
788 2300 865 2334 quo
881 2295 1000 2335 pacto
1018 2293 1221 2340 differant,
1253 2293 1523 2336 cognoscitur.
1581 2290 2004 2328 Proteaceae›‹nucu1i-

184 2345 293 2381 serae
317 2346 529 2381 radiculae
554 2346 635 2382 situ
651 2346 782 2383 infero
805 2357 896 2383 cum
911 2348 1159 2392 Elaeagneis
1184 2349 1488 2397 conspirantes,
1521 2351 1654 2385 tamen
1676 2348 1886 2393 perigonio
1910 2350 2003 2384 val-

183 2407 280 2438 vato
297 2406 335 2437 et
350 2404 568 2446 embryone
583 2403 890 2441 exalbuminoso
908 2405 1073 2449 longius
1089 2407 1138 2440 ab
1155 2405 1302 2441 iisdem
1318 2405 1521 2442 recedunt.

325 2479 757 2536 Geographia·
816 2488 969 2525 Paucis
992 2488 1213 2533 generibus
1238 2492 1277 2525 et
1302 2489 1468 2534 triginta
1484 2489 1649 2543 circiter
1660 2488 1876 2533 speciebus
1891 2497 2001 2523 com-

183 2543 373 2586 prehensi
403 2544 557 2580 ordinis
587 2546 707 2581 robur
736 2543 780 2580 in
801 2545 931 2581 Asiae
955 2549 1202 2589 temperatae
1225 2549 1264 2581 et
1286 2546 1494 2583 calidioris
1516 2546 1771 2591 regionibus,
1803 2544 2004 2587 imprimis

182 2599 359 2635 maxime
382 2599 671 2648 orientalibus,
701 2599 880 2648 habitat,
911 2601 1006 2637 inde
1028 2601 1123 2638 hinc
1146 2601 1188 2637 in
1212 2603 1417 2647 regionem
1438 2603 1774 2639 mediterraneam
1791 2604 1828 2637 et
1843 2611 1915 2644 per
1929 2603 2003 2637 bo·-

182 2657 293 2691 reale
322 2655 364 2691 in
384 2657 574 2699 Europae
607 2656 722 2694 littus
752 2666 870 2693 rarae
899 2657 1112 2701 dispersae
1141 2661 1257 2708 sunt,
1288 2659 1383 2695 inde
1414 2662 1527 2695 trans
1551 2667 1747 2710 oceanum
1770 2657 2014 2707 Americamv

179 2713 382 2762 borealem
421 2711 672 2755 frequentius
700 2715 932 2757 paullulum
964 2714 1194 2761 ingressae,
1240 2724 1315 2751 nec
1350 2719 1491 2752 aestus
1521 2719 1642 2758 plane
1670 2714 1928 2757 impatientes
1957 2713 2001 2749 in

180 2767 382 2803 Guianam
405 2772 644 2812 evagantur.
701 2771 900 2807 Austrum
922 2781 1069 2807 versus
1087 2772 1128 2806 in
1146 2771 1252 2809 Asia
1267 2771 1431 2816 longius
1448 2771 1778 2816 progrediuntur,
1811 2773 1849 2805 et
1864 2769 2000 2804 lineae

180 2824 494 2866 aequinoctialis
510 2825 684 2862 infracto
700 2826 889 2875 termino,
920 2827 963 2862 in
979 2828 1221 2864 celsioribus
1239 2829 1403 2863 insulae
1419 2829 1549 2863 Javae
1565 2826 1790 2872 montibus,
1823 2825 2001 2860 statione

184 2879 394 2924 frigidiore
411 2889 437 2916 a
453 2883 538 2917 sole
554 2883 719 2918 ardente
736 2883 951 2930 defensae,
982 2883 1134 2927 vigent.
1194 2883 1411 2919 Asiaticae
1433 2893 1483 2919 ex
1499 2882 1701 2926 Elaeagni
1719 2891 1866 2926 genere
1890 2883 1998 2926 sunt,

179 2939 323 2972 harum
346 2945 428 2972 una
450 2938 655 2981 Europam
675 2938 1010 2974 mediterraneam
1034 2939 1156 2975 subit.
1217 2936 1491 2984 Ηψροῃήαὲἐ
1515 2947 1671 2981 paucae
1695 2938 1854 2980 species
1870 2938 2000 2973 Euro-

178 3000 273 3034 pam
284 3018 294 3038 ,
318 2993 463 3028 Asiam
477 2994 653 3029 maxime
668 2996 872 3030 borealem
889 2998 928 3029 et
943 2995 1188 3037 Himalayae
1203 2996 1406 3039 regionem
1423 2995 1610 3039 frigidam
1628 2995 1829 3041 incolunt,
1863 2993 2000 3030 affini-

179 3051 262 3083 tate
279 3050 330 3084 ad
348 3045 667 3095 Skepherdmm,
699 3059 829 3093 genus
844 3050 1331 3099 boreali-americanum,
1355 3051 1523 3094 propius
1541 3060 1660 3094 quam
1677 3052 1728 3086 ad
1744 3053 2001 3094 Elaeagnum

180 3105 396 3140 accedens.
457 3103 682 3140 Connlenm
697 3106 925 3149 guianense
941 3106 1016 3142 tori
1032 3110 1236 3143 structura
1251 3107 1357 3143 inter
1373 3107 1552 3150 reliquas
1569 3109 1801 3154 singulare,
1832 3105 1999 3143 floribus

179 3160 447 3197 staminiferis
463 3162 689 3198 adhucdum
704 3161 856 3206 ignotis
872 3162 1130 3210 subdubium‚
1148 3165 1264 3198 nulla
1280 3166 1413 3199 tamen
1430 3165 1477 3200 de
1494 3166 1580 3200 loco
1597 3164 1639 3199 in
1650 3163 1788 3199 ordine
1799 3161 1998 3206 quaestio.

180 3215 328 3252 Africa.
351 3216 501 3263 omnis,
534 3217 572 3253 si
587 3218 818 3262 Aegyptum
842 3219 1074 3266 exceperis,
1106 3218 1284 3262 speciem
1300 3220 1503 3265 Elaeagni
1524 3221 1861 3256 mediterraneam
1883 3220 2000 3254 alen-

181 3275 281 3319 tem,
313 3272 507 3309 America
531 3276 643 3309 trans
667 3276 926 3317 aequatorem
949 3277 989 3310 et
1017 3275 1211 3319 quidquid
1243 3278 1374 3312 terrae
1391 3280 1516 3313 trans
1547 3276 1828 3320 capricornum
1857 3276 1997 3323 restat,

178 3328 427 3373 Elaeagneis
440 3329 638 3373 stirpibus
655 3333 778 3366 caret.

322 3406 686 3458 Qualitates
709 3417 750 3452 et
771 3418 941 3456 usus.
983 3413 1189 3459 Perigonii
1214 3416 1327 3452 basis
1344 3425 1539 3463 carnosa,
1573 3415 1747 3452 fructum
1763 3415 1996 3460 concelans,

182 3466 224 3502 in
245 3468 431 3512 pluribus
446 3470 647 3516 Elaeagni
668 3471 886 3518 speciebus
908 3470 1024 3510 acido
1046 3471 1194 3509 malico
1215 3471 1345 3511 libero
1370 3472 1477 3510 foeta
1493 3475 1576 3522 est,
1606 3472 1714 3509 unde
1730 3469 1881 3516 aliquis
1895 3478 1997 3506 non-
