2147 3756
936 110 1044 162 let

223 283 379 320 Rheam
407 283 626 332 hybridam
646 288 769 321 Murr.
793 295 844 320 ex
867 285 1046 321 hortensi
1067 284 1173 320 inter
1188 285 1343 321 Rheum
1368 287 1607 323 undulatam
1625 292 1661 323 et
1678 291 1900 332 palmatum

80 343 318 379 commercio
343 348 481 379 natum
507 343 704 388 creditur,
736 342 866 377 sonna
886 342 992 377 inter
1017 347 1229 384 utrumque
1251 342 1506 390 ainbiguum3
1537 343 1611 379 vix
1633 346 1792 382 semina
1807 358 1899 391 per-

80 399 234 435 ficiens.
292 401 325 434 E
354 399 518 441 petiolis
545 403 580 435 et
605 400 742 434 florum
768 398 991 435 alabastris
1014 400 1150 434 cultae
1168 407 1259 434 cum
1276 399 1456 435 oleribus
1475 402 1641 444 plamae
1656 402 1783 445 Angli
1799 406 1900 441 ollas

79 453 303 499 (Rhulmrb
320 453 409 501 I’ye
426 459 463 491 et
482 453 634 502 spring
656 454 782 499 Torc)
804 455 979 501 faciunt,
1011 455 1116 491 inter
1132 455 1352 491 lautiorum
1372 457 1568 499 cupedias
1587 459 1779 494 celebres.

216 516 379 553 Rlaenm
407 517 529 553 Rioes
554 519 674 555 Linn.
698 518 945 564 (Riwasch)
969 519 1010 554 in
1034 518 1182 555 Persia
1206 522 1244 555 et
1265 519 1408 566 Syria,
1442 520 1633 563 frequens
1656 520 1698 556 in
1716 521 1899 558 Carmel«)

77 580 119 612 et
136 576 293 612 Libano
315 576 519 612 montibus
546 577 745 611 nascitur.
810 578 843 611 Ε
868 579 987 612 caule
1011 580 1047 611 et
1073 576 1235 619 petiolis
1258 577 1503 612 medicinam
1527 577 1729 613 acidulam
1760 575 1896 619 (Roob

78 631 223 676 Ribes)
244 636 293 668 ab
310 634 521 669 Arabibus
538 636 722 675 paratam
740 633 890 679 fuisse,
915 637 1053 668 notum
1070 636 1144 668 est.
1201 634 1312 668 Nihil
1330 635 1378 669 de
1395 633 1546 669 radicis
1563 643 1643 669 usu
1658 638 1829 670 constat.

215 697 491 740 propinquum
512 698 625 732 Rheo
644 694 861 730 chme‘cam
887 705 1015 739 genus
1038 706 1109 739 per
1130 696 1317 741 regiones
1334 701 1578 741 temperatas
1601 700 1684 734 late
1709 698 1901 735 diffusum

73 753 301 790 numerosis
333 755 548 797 speciebus
578 753 774 788 nascitur.
833 753 967 788 Herba
995 753 1277 800 plurimorum,
1310 755 1428 790 acido
1453 754 1615 790 oxalico
1641 753 1769 802 foeta,
1803 764 1900 791 con-

75 811 234 846 diendis
256 814 370 855 grato
387 808 597 845 aciditatis
613 813 927 852 temperamento
943 809 1048 844 cibis
1066 810 1334 858 admiscetur,
1366 815 1401 847 et
1420 812 1525 847 inter
1539 811 1765 847 medicinas
1783 812 1902 848 refri—

73 871 282 912 gerantes,
315 867 582 908 antisepticas
613 870 648 901 et
682 865 1026 901 antiscorbuticas
1058 866 1173 914 utitis
1196 871 1270 902 est.
1334 865 1524 902 Rumieis
1548 864 1755 903 Aeetosae
1779 869 1899 906 Linn.

74 915 263 969 (ὅξαλις,
295 922 605 967 Sauerampser‚
638 923 775 958 Herba
790 922 995 958 Acetosae
1010 922 1230 958 officinalis
1247 933 1279 959 s.
1297 924 1504 967 pratensis
1517 924 1678 972 Ostia),
1712 923 1902 960 Rmm'ct’s

74 976 339 1014 Acetosellae
360 981 428 1025 L.,
465 977 651 1014 Rumicv's
674 978 840 1013 scutati
859 979 980 1014 Linn.
1006 978 1167 1022 (Herba
1182 981 1386 1017 Acetosae
1404 981 1695 1017 rotundifoliae
1710 992 1749 1018 v.
1768 991 1901 1019 roma-

74 1045 152 1072 nae
178 1035 335 1082 offic),
370 1034 558 1071 Rumicv's
582 1035 781 1082 aquatici
801 1035 962 1079 [Herba
978 1036 1213 1072 Britanicae
1235 1046 1275 1072 v.
1292 1038 1470 1081 Lapathi
1493 1039 1673 1081 aquatici
1691 1049 1724 1074 s.
1741 1040 1903 1082 Hydro-

73 1094 255 1139 lapathi)
274 1097 309 1128 et
327 1103 379 1128 ex
395 1093 644 1129 americanis
661 1090 850 1127 chrm'ce's
866 1092 1071 1127 vesz‘care‘v'
1083 1093 1203 1128 Linn.
1221 1102 1271 1129 ea
1285 1095 1540 1137 potissimum
1557 1098 1651 1131 laus
1669 1099 1744 1131 est.
1780 1093 1901 1143 Oscy-

73 1149 168 1184 rz'ae
198 1149 446 1199 rem-’formis
477 1151 605 1186 Hook.
636 1153 760 1185 herba
791 1153 932 1186 tenera
954 1150 1084 1186 arctoi
1109 1150 1288 1186 climatis
1311 1151 1461 1187 incolis
1483 1152 1687 1188 Acetosae
1713 1155 1803 1189 loco
1826 1157 1901 1190 est.

71 1207 208 1243 Radix
231 1207 446 1242 Rumicum
468 1206 714 1243 substantiis
739 1206 1091 1251 adstringentibus
1107 1210 1145 1243 et
1161 1207 1329 1243 materie
1347 1217 1488 1244 amara
1515 1207 1785 1256 (Rumicv'na,
1810 1207 1901 1244 La-

67 1261 276 1310 pachino)
294 1273 320 1299 a
336 1264 559 1307 flavothei
575 1263 774 1307 principio
793 1263 1157 1308 [Rhabarbarina]
1174 1264 1247 1300 vix
1264 1265 1431 1302 diversa
1448 1265 1617 1312 referta,
1650 1266 1756 1302 inter
1773 1276 1903 1302 reme-

73 1322 141 1357 dia
157 1321 390 1357 roborantia
406 1321 574 1356 rarioris
591 1330 692 1356 usus
709 1323 902 1366 habetur,
933 1321 1224 1364 Rha-pontico
1241 1323 1521 1369 succedanea,
1554 1322 1634 1357 imo
1651 1325 1903 1365 quorundam

73 1382 240 1424 purgat,
269 1378 562 1413 Rha—barbari
585 1376 794 1413 radicibus
818 1379 930 1413 mala
953 1377 1096 1413 fraude
1120 1378 1322 1425 admixta,
1354 1382 1404 1415 ab
1431 1379 1640 1421 aliquibus
1665 1380 1786 1415 etiam
1805 1389 1903 1415 con-

72 1434 167 1470 silio
183 1435 225 1469 in
243 1434 343 1470 Rhei
360 1434 570 1470 chinensis
586 1434 700 1470 vices
717 1437 866 1471 oblata.
910 1431 1062 1468 Radix·
1078 1432 1274 1480 Lapatln'
1285 1436 1409 1470 acati
1422 1445 1456 1472 s.
1478 1433 1752 1481 oxylapathi
1765 1437 1903 1473 Offici-

72 1500 216 1527 narum
247 1502 269 1526 e
298 1489 473 1525 Rmm'ce
497 1489 744 1539 obtusvfolio
771 1491 914 1536 Lina„
946 1488 1122 1525 Rumice
1145 1491 1284 1540 crispo
1307 1492 1451 1538 Linn.,
1486 1490 1660 1526 Rumz‘ce
1681 1502 1901 1529 nemoroso

73 1549 285 1584 Schrader.
311 1548 487 1591 aliisque
510 1547 726 1591 speciebus
738 1575 748 1594 ,
780 1556 885 1590 quae
901 1557 953 1583 ex
968 1547 1141 1584 istarum
1157 1548 1418 1584 contubernio
1431 1576 1440 1594 ,
1471 1551 1666 1593 vulgares
1682 1560 1754 1593 per
1767 1552 1900 1587 Euro-

74 1613 167 1648 pam
189 1610 435 1650 nascuntur,
469 1607 662 1650 collecta,
694 1607 742 1640 ob
766 1604 956 1640 virtutem
978 1607 1234 1641 roborantem
1256 1604 1298 1640 in
1314 1605 1499 1641 officinis
1527 1610 1737 1654 servatur,
1769 1617 1791 1642 e
1811 1605 1902 1643 Ru-

72 1661 176 1696 mice
199 1658 384 1696 Aeetosa
406 1661 526 1697 Linn.
552 1665 590 1697 et
613 1658 788 1695 Rumiee
805 1660 1009 1707 aquatico
1028 1661 1149 1697 Linn.
1175 1661 1311 1697 rarius
1327 1662 1488 1706 legitur.
1548 1659 1717 1697 Ramex
1732 1661 1902 1709 alpinus

71 1718 191 1754 Linn.
223 1719 335 1754 circa
362 1719 587 1761 mapalium
617 1717 848 1760 alpinorum
877 1718 1013 1761 fimeta
1041 1718 1210 1764 obvius,
1242 1718 1400 1761 ingenti
1428 1718 1572 1754 nititur
1600 1719 1758 1767 radice,
1799 1730 1904 1764 quae

72 1772 356 1810 Rhabaroam·
377 1772 684 1809 Monachorum
706 1777 774 1810 vel
797 1771 1285 1808 Pseudo-Rhabcn·harz·
1310 1775 1495 1822 nomine,
1528 1775 1570 1810 in
1596 1775 1768 1811 officinis
1793 1787 1901 1825 rara,

70 1833 177 1875 apud
202 1834 240 1867 al
248 1832 404 1875 picolas
420 1835 607 1875 pastores
624 1831 666 1866 in
684 1832 900 1867 tractanda
916 1831 1055 1867 scabie
1072 1831 1188 1867 utilis
1205 1834 1428 1874 reputatur.
1489 1829 1659 1867 Ramex
1675 1831 1901 1869 Patientia

71 1889 191 1924 Linn.
210 1882 447 1932 (λάπαθον
469 1881 701 1937 κηπευτόν,
732 1888 914 1931 Epinard
931 1888 1145 1932 immortel,
1178 1888 1414 1932 englischer
1429 1888 1619 1936 Spinat]‚
1652 1889 1696 1925 in
1711 1892 1902 1934 Europae

71 1945 332 1982 australioris
348 1945 478 1988 pratis
494 1945 671 1981 humidis
687 1948 828 1987 sponte
844 1954 1050 1990 crescens,
1068 1944 1111 1980 in
1127 1944 1256 1980 hortis
1273 1945 1471 1981 oleraceis
1487 1948 1534 1981 ob
1551 1947 1717 1982 herbam
1735 1956 1905 1988 amoene

71 2003 300 2038 acridulam
338 2002 505 2049 seritur,
544 2002 642 2038 olim
671 2001 714 2037 in
746 2001 916 2038 medicis
946 2004 1241 2038 Monachorum
1270 2002 1399 2039 hortis
1433 1999 1904 2052 (Rha-Monaclzorzmz

71 2058 234 2103 verum)
268 2062 316 2095 ob
347 2059 500 2095 radicis
530 2059 887 2099 virtutemxlenius
916 2064 1157 2104 purgantem
1189 2058 1421 2102 frequenter
1446 2061 1603 2108 cultus,
1634 2051 1852 2104 pr'aestans
1876 2071 1903 2099 a

73 2116 316 2159 quibusdam
338 2116 631 2153 Rha-barbari
663 2117 984 2162 succedaneum,
1016 2115 1123 2151 Rhei
1145 2115 1354 2152 radicibus
1379 2119 1540 2152 cultura
1562 2119 1668 2159 apud
1692 2128 1767 2155 nos
1791 2119 1903 2156 natis

71 2175 194 2215 plane
223 2172 556 2220 praeferendum,
587 2173 860 2216 praedicatur.
917 2172 1137 2208 Rumicum
1167 2173 1327 2208 semina
1357 2173 1676 2222 adstringentia,
1708 2175 1804 2211 olim
1827 2177 1902 2212 ad-

72 2239 218 2266 versus
249 2229 336 2266 alvi
365 2229 519 2265 fluxum
548 2229 778 2273 propinata.
839 2226 1029 2264 Rmm'ce’s
1053 2227 1313 2264 vertice‘llatz·
1330 2229 1451 2266 Linn.
1483 2230 1903 2269 boreali-americani

71 2287 191 2322 radix
205 2289 409 2323 venenata
424 2286 467 2322 in
484 2286 638 2323 fabulis
654 2289 727 2323 est.

210 2357 346 2394 Etiam
369 2357 475 2394 inter
491 2355 711 2405 Polygona
733 2359 933 2402 quaedam
949 2357 1111 2402 species
1125 2358 1299 2396 virtutes
1317 2359 1506 2397 exhibent
1524 2360 1706 2397 medicas
1720 2389 1730 2403 ,
1762 2371 1902 2400 omnes

72 2418 232 2458 praeter
248 2412 487 2450 Bistonum
505 2426 526 2452 e
542 2416 789 2452 medicorum
805 2415 1137 2452 armamentariis
1152 2417 1272 2452 hodie
1289 2420 1450 2459 pulsae.
1501 2415 1711 2465 Polygom‘
1724 2416 1901 2454 Bistor-

74 2474 145 2505 tae
159 2471 280 2508 Linn.
305 2474 472 2515 plantae
493 2472 711 2520 nostratis,
742 2476 862 2516 prata
877 2474 1080 2516 paludosa
1095 2473 1197 2509 locis
1213 2474 1419 2511 montanis
1437 2477 1473 2510 et
1491 2475 1710 2519 sylvaticis
1726 2479 1902 2519 pulchra

71 2527 178 2565 floris
195 2529 334 2564 carnei
349 2529 468 2572 spica
483 2530 735 2576 decorantis,
768 2529 889 2565 radix
907 2527 1076 2572 (Radix
1094 2526 1340 2574 Bistortae)
1358 2541 1454 2568 vere
1469 2541 1508 2567 v.
1525 2535 1720 2568 autumno
1738 2533 1901 2577 colligi-

71 2589 153 2629 tur,
185 2585 418 2621 substantia
442 2586 614 2622 tannina
637 2585 806 2633 referta,
837 2595 920 2622 non
940 2587 1111 2623 ultimae
1133 2587 1240 2623 inter
1262 2588 1442 2624 remedia
1463 2589 1696 2625 roborantia
1718 2590 1901 2626 adstrin-

71 2641 209 2686 gentia
223 2642 375 2678 laudis.
406 2639 619 2688 Polysgono
638 2640 930 2688 Hydropiperi
940 2643 1061 2679 Linm
1078 2641 1263 2686 [Herbae
1278 2645 1574 2688 Hydropiperis
1590 2645 1900 2683 v.Persicariae

71 2698 227 2734 urentis
245 2698 356 2734 Offic.
380 2700 611 2735 Mercurius
626 2699 829 2735 terrestris
846 2698 1081 2742 Paracels.]
1097 2703 1257 2736 veteres
1273 2701 1358 2736 vim
1373 2703 1585 2738 laxantem
1597 2729 1607 2748 ,
1637 2701 1896 2751 incidentem,

70 2755 448 2791 anthelminthicam
463 2756 721 2802 adscribunt,
750 2755 855 2792 folia
874 2756 1055 2791 recentia
1076 2756 1183 2792 inter
1205 2756 1504 2793 rubefacientia
1524 2757 1687 2794 mitiora
1707 2767 1902 2795 numera-

66 2803 239 2859 bantur,
271 2820 297 2848 a
319 2812 579 2849 veterinariis
602 2812 646 2848 in
669 2812 870 2848 sanandis
894 2821 1087 2855 equorum
1102 2813 1312 2850 ulceribus
1328 2817 1367 2849 et
1383 2814 1639 2857 expellendis
1653 2814 1790 2851 ovium
1804 2824 1900 2852 ver-

70 2868 203 2904 mibus
227 2869 423 2906 adhibita.
482 2867 690 2916 Polygoni
704 2867 955 2904 Per-sicaria
968 2868 1089 2906 Linn.
1107 2867 1302 2916 (Romen,
1326 2870 1488 2919 Rt'ittig,
1511 2870 1772 2908 Persicariae
1787 2872 1902 2910 mitis

5 2955 12 2962 ,
69 2924 208 2968 Offic.)
224 2927 350 2962 herba
365 2926 510 2962 leniter
526 2926 809 2974 adstringens,
841 2928 1056 2972 subsalsa,
1085 2926 1182 2962 aliis
1198 2926 1457 2974 vulneraria,
1490 2927 1732 2970 quibusdam
1746 2928 1900 2965 litbon-

70 2981 234 3025 triptica
263 2982 425 3018 dicitur.
485 2984 641 3020 Eadem
656 2981 869 3029 Polygono
902 2980 1110 3017 orientali
1133 2983 1277 3030 Linn.,
1305 2983 1595 3028 vulgatissimo
1626 2985 1732 3021 horti
1754 2985 1900 3021 rustici

70 3041 321 3084 ornamento,
352 3041 447 3077 laus
477 3043 552 3077 est.
623 3037 833 3087 Polygom’
859 3037 1063 3086 amphibii
1088 3039 1210 3076 Linn.
1241 3039 1523 3084 (Persicariae
1553 3041 1698 3078 acidae
1721 3042 1899 3086 Junger-

70 3095 210 3130 manni
227 3094 364 3140 Offic.)
387 3098 532 3145 herba,
558 3106 648 3133 cum
671 3097 814 3140 aliqua
830 3096 1026 3134 aciditate
1043 3100 1231 3144 austera,
1263 3097 1370 3133 inter
1390 3098 1569 3134 remedi-a
1586 3098 1785 3135 diuretica
1801 3099 1899 3136 olim

70 3153 261 3199 laudata,
293 3151 490 3188 oblivioni
513 3155 601 3196 jam
631 3154 799 3200 tradita3
821 3153 1008 3190 radicem
1032 3153 1334 3196 Salsaparillae
1363 3154 1605 3202 admisceri,
1635 3164 1709 3190 nec
1737 3155 1899 3192 viribus

69 3207 263 3251 imparem
279 3217 409 3251 nuper
422 3211 596 3246 relatum
613 3214 688 3246 est.
743 3210 880 3246 Etiam
896 3207 1105 3256 Polygom·
1117 3208 1353 3245 ovicularis
1368 3210 1487 3248 Linn.
1506 3211 1689 3255 (Herbae
1706 3211 1899 3248 Centum-

69 3265 217 3300 nodiae
238 3274 273 3301 S.
291 3265 496 3309 Polygoni
516 3276 558 3302 v.
576 3266 902 3312 sanguinariae]
925 3276 1029 3303 usus
1053 3267 1159 3302 inter
1178 3267 1404 3303 medicinas
1421 3267 1723 3312 adstringentes
1739 3270 1900 3306 obsole-

69 3325 136 3357 tus
152 3325 227 3358 est.
264 3321 452 3358 Achenia
466 3322 632 3360 emesim
649 3331 872 3367 provocare
888 3322 963 3359 alii
977 3326 1187 3368 asserunt,
1217 3323 1292 3359 alii
1307 3326 1471 3367 negant.
1501 3321 1708 3370 Pol-ogoni
1721 3324 1905 3371 styptica·

69 3378 209 3414 cham.
236 3380 275 3413 et
291 3379 400 3413 Schl.
423 3377 467 3414 in
482 3379 665 3416 Brasilia
685 3379 907 3416 crescentis
922 3380 1104 3416 radicem
1120 3383 1156 3415 et
1172 3382 1338 3416 herbam
1355 3382 1404 3416 ob
1419 3380 1610 3416 virtutem
1627 3381 1808 3419 validius
1823 3384 1899 3419 ad-

70 3433 334 3480 stringentem
355 3434 668 3480 magnifaciunt
685 3435 918 3480 indigenae.
977 3433 1186 3484 Polygom‘
1201 3434 1438 3485 tamm'folii
1451 3438 1596 3473 Humb.
1613 3436 1715 3474 folia
1730 3439 1899 3476 decocta

70 3493 210 3527 contra
233 3491 586 3537 haemon-hagiam
612 3493 880 3537 Popayenses
904 3496 1082 3530 sumunt.
1143 3489 1403 3539 Polygonum
1413 3491 1698 3544 perfolae'atnm
1714 3495 1899 3532 Loureir.
