2147 3756
921 123 1040 172 497

218 290 645 348 Geographia.
691 295 866 334 Caeteae
882 305 1021 333 omnes
1036 294 1079 331 in
1090 293 1283 332 America
1298 298 1537 345 nascuntur,
1560 305 1654 333 nam
1672 307 1776 340 quae
1791 308 1898 335 nunc

73 356 119 395 in
147 355 256 392 Asia
287 359 325 390 et
353 354 501 392 Africa
529 353 745 402 calidiore,
778 358 815 390 et
845 354 887 389 in
917 353 1012 396 ipsa
1041 352 1202 397 regione
1231 352 1528 388 mediterranea
1557 363 1635 389 non
1664 354 1900 398 infrequens

75 413 274 457 reperitur
301 409 489 458 Opuntia
517 410 729 458 vulgaris,
760 413 865 447 hanc
896 413 947 447 ab
978 409 1211 445 hominibus
1240 419 1291 444 ex
1312 409 1507 445 Antei-ica
1527 412 1759 459 advectam,
1791 422 1899 448 nunc

73 472 280 507 efferatam
299 474 335 504 et
353 469 471 512 quasi
488 472 755 511 spontaneam
772 468 888 503 nasci
901 495 911 513 ,
935 470 1105 502 constat.
1136 467 1248 510 Quae
1265 474 1290 501 a
1306 466 1678 510 peregrinatoribus
1698 470 1745 503 de
1762 469 1900 505 Cactis

73 527 118 563 in
135 527 313 571 Arabia,
346 524 665 569 madagascaria
687 528 726 560 et
749 526 855 567 apud
873 525 996 559 Sinas
1014 524 1293 559 crescentibus
1309 523 1503 570 legimus,
1536 523 1689 559 sabulis
1705 527 1900 561 adnume-

75 585 206 620 randa
237 586 352 629 sunt,
384 591 517 618 errore
547 582 656 625 apud
679 581 844 626 ignaros
870 580 1006 625 facili,
1040 582 1134 616 dum
1156 580 1502 625 Eupliorbiarum,
1533 581 1901 623 Asclepiadearum

72 641 329 682 aliarumque
351 639 549 675 similium
573 641 803 681 plantarum
821 638 946 673 miras
963 636 1111 672 formas
1130 637 1429 679 perpendimus.
1486 639 1532 673 In
1550 638 1745 673 America
1760 638 1901 681 impri-

73 698 152 734 mis
176 697 280 732 inter
305 696 501 742 tropicos,
534 694 865 738 frequentissime
887 694 947 728 cis
971 696 1251 738 aequatorem,
1284 694 1561 741 reperiuntur,
1593 703 1668 730 nec
1686 698 1820 730 tamen
1836 695 1902 731 his

75 754 315 790 cohibentur
340 752 530 799 circulis,
562 752 604 787 in
633 751 822 795 regiones
846 752 1089 792 temperatas
1111 758 1241 791 usque
1265 751 1316 784 ad
1338 746 1412 784 49⁰
1435 749 1481 786 L.
1497 752 1542 786 B.
1567 752 1673 787 etad
1689 747 1770 786 30⁰
1786 753 1832 787 L.
1849 752 1902 789 A.

75 811 222 854 paucis
245 809 461 854 speciebus
486 812 723 851 evagantes.
781 806 1005 842 Stationem
1022 808 1158 840 amant
1176 805 1332 840 aridam
1348 810 1383 841 et
1401 816 1609 852 asperam,
1642 810 1839 851 quaedam
1858 808 1901 844 in

75 877 254 904 summos
284 870 439 902 montes
469 866 719 908 ascendunt,
750 864 974 898 nonnullae
999 862 1122 904 juxta
1149 861 1260 898 nivis
1290 866 1481 901 aeternae
1505 864 1697 903 terminos
1715 868 1901 910 repertae

69 923 245 961 fuerunt.

214 983 581 1038 unalitates
607 991 647 1027 et
668 994 839 1029 usu..
905 988 1115 1026 Plurimae
1143 989 1284 1026 baccis
1316 989 1728 1040 acidulo-dulcibus,
1759 994 1902 1039 gustui

69 1048 221 1094 gratis,
252 1049 294 1084 in
311 1043 460 1084 niorbis
476 1048 637 1084 biliosis
656 1051 691 1083 et
710 1045 955 1083 scorbuticis
973 1048 1227 1083 salutaribus
1244 1050 1586 1085 commendantur.
1632 1053 1802 1098 succus,
1828 1047 1901 1094 qui

68 1116 143 1150 per
158 1107 315 1143 caulem
332 1108 493 1152 manat,
523 1105 566 1140 in
583 1104 680 1140 aliis
697 1104 892 1147 limpidus
910 1106 990 1149 est,
1021 1106 1088 1139 vel
1105 1106 1462 1151 mucoso-duleis,
1496 1115 1586 1142 cum
1611 1108 1769 1144 modica
1791 1108 1901 1144 aeri-

67 1163 225 1208 monia,
258 1162 300 1197 in
325 1161 421 1198 aliis
446 1164 623 1207 lacteus,
656 1161 882 1196 causticam
899 1161 1226 1203 Euphorbiarum
1244 1162 1472 1197 acredinem
1490 1166 1729 1200 aemulatur.
1789 1166 1901 1201 Non-

66 1221 275 1254 nullarum
314 1218 469 1255 fructus
506 1216 680 1254 colorem
718 1220 885 1253 rubrum
924 1217 1099 1261 exiguae
1137 1217 1372 1254 tenacitatis
1408 1222 1618 1261 praebent.
1688 1218 1900 1266 Opuntiae

70 1273 262 1322 vulgaris
286 1275 430 1322 Linn.,
463 1275 505 1310 in
522 1277 688 1318 Europa
709 1274 1009 1309 mediterranea
1031 1275 1240 1321 efferatae,
1272 1274 1429 1310 fructus
1451 1272 1598 1319 (Ficus
1622 1275 1806 1322 indicae)
1833 1280 1899 1317 in-

67 1332 200 1376 sipide
231 1333 393 1379 dulces,
424 1331 582 1375 largius
612 1331 765 1375 ingesti
795 1331 955 1366 urinam
985 1333 1245 1366 vehementer
1271 1335 1434 1367 movent
1458 1336 1496 1368 et
1517 1333 1741 1370 rubicundo
1765 1339 1899 1373 colore

66 1389 267 1425 imbuunt.
327 1388 469 1424 Cauiis
492 1387 660 1424 articuli
684 1387 925 1423 foliiformes
950 1388 992 1423 in
1016 1388 1272 1424 maturandis
1295 1389 1519 1425 tumoribus
1534 1392 1745 1435 languidis
1763 1394 1901 1429 utilis-

66 1446 161 1483 simi
185 1445 486 1489 praedicantur.
544 1445 823 1487 congerierum
840 1446 980 1488 plures
996 1445 1270 1481 substantiam
1284 1455 1556 1494 gummosam,
1589 1449 1901 1493 Tragacanthae

67 1503 244 1539 similem
275 1504 457 1548 plorant,
490 1500 668 1537 aliarum
698 1503 840 1537 caules
859 1501 1046 1543 juniores
1061 1502 1370 1546 Asparagorum
1393 1503 1436 1537 in
1459 1505 1619 1540 modum
1643 1506 1747 1541 cocti
1770 1510 1805 1541 et
1830 1517 1898 1543 se-

66 1560 180 1596 mina
214 1560 257 1595 in
296 1559 472 1594 farinam
509 1559 676 1594 redacta
704 1559 979 1593 comeduntur.
1041 1559 1274 1594 Nonnullae
1302 1559 1574 1595 Coccinellam
1604 1564 1740 1607 alunt,
1779 1567 1817 1599 et
1847 1567 1896 1601 ob

63 1620 362 1659 praestantem,
396 1624 512 1657 quem
544 1615 839 1650 animalculum
868 1615 1060 1662 largitur,
1093 1617 1267 1651 colorem
1291 1617 1400 1659 apud
1425 1617 1667 1653 mexicanos
1695 1622 1897 1657 coluntur.

70 1670 282 1718 Opuntiae
307 1670 567 1705 relic-alatae
591 1673 710 1707 Desc.
741 1671 861 1706 radix
883 1675 1050 1718 purgat,
1082 1681 1282 1707 ramorum
1314 1682 1466 1708 succus
1489 1676 1650 1710 lacteus
1674 1677 1896 1714 Ascarides

65 1735 199 1766 necat.
259 1726 556 1774 Rhipsalidzcm
575 1731 725 1764 baccae
738 1722 1057 1774 'ribesiiformes,
1089 1730 1341 1772 pellucidae,
1374 1730 1585 1776 acidulae,
1611 1734 1802 1769 remediis
1820 1742 1897 1769 an-

64 1786 360 1822 thelminthicis
391 1787 722 1820 adnumerantur.
789 1781 1018 1819 Pereslcz'ae
1049 1783 1276 1819 aculeatae
1306 1786 1412 1821 Mill.
1446 1786 1603 1823 fructus
1633 1790 1789 1836 sapidi,
1823 1801 1897 1826 ex-

62 1846 335 1887 pectorantes.
387 1843 541 1878 Eadem
559 1839 852 1875 Mamillarz‘ae
869 1839 1068 1887 simplicis
1086 1844 1206 1878 Haw.
1231 1847 1270 1878 et
1287 1840 1517 1877 Meloe-acti
1530 1845 1756 1880 commanis
1774 1848 1896 1885 Link.

62 1901 159 1935 laus
190 1903 263 1935 est.
322 1900 389 1935 Ex
418 1900 542 1941 hujus
570 1898 737 1934 floribus
761 1899 972 1935 decoctum
994 1899 1230 1935 Americani
1255 1903 1420 1947 parant,
1454 1902 1556 1943 quod
1575 1902 1617 1937 in
1642 1904 1895 1946 syphiliticis

59 1956 328 2000 passionibus
358 1956 460 1992 utile
491 1956 697 1993 credunt.-
731 1956 945 1992 caetorum
976 1956 1246 1998 complurium
1267 1959 1421 1992 baccae
1444 1957 1752 2006 refrigerantes,
1784 1962 1895 1997 anti-

59 2013 236 2050 biliosae
260 2016 299 2049 et
320 2013 676 2049 antiscorbuticae.
732 2013 1028 2048 Nonnullarum
1053 2014 1371 2057 lymphalactea
1386 2016 1599 2051 admodum
1616 2017 1723 2052 acris
1741 2022 1822 2063 est,
1855 2023 1896 2054 et.

61 2070 265 2106 adversus
296 2069 584 2105 intestinorum
613 2078 795 2118 vermes,
833 2069 878 2106 in
907 2069 1173 2120 infarctibus,
1204 2071 1386 2115 hydrope
1417 2071 1597 2116 aliisque
1624 2073 1890 2117 passionibus

59 2128 169 2172 apud
184 2126 453 2166 Americanos
470 2126 696 2164 adhibetur.
1604 2134 1609 2136 '

294 2320 592 2383 Classis
622 2320 904 2381 XLIX.
977 2321 1654 2397 caryophyllinae.

202 2452 459 2512 Herbae
488 2474 536 2512 v.
568 2455 968 2535 aggya-utica,
1014 2476 1178 2514 succo
1211 2478 1408 2535 aquen,
1442 2457 1635 2535 foliis
1664 2459 1888 2518 alternis

64 2557 114 2595 v.
148 2539 435 2616 oppositis,
468 2540 834 2617 simplicibus,
865 2541 1122 2618 integris,
1155 2543 1471 2620 saepissime
1500 2544 1885 2621 integerrimis,

63 2623 406 2701 exstipnlatis
451 2644 500 2682 V.
548 2624 850 2702 stipulatis,
909 2625 1136 2683 floribus
1178 2627 1462 2704 perfectis,
1521 2628 1885 2706 regularibUS,
1949 2650 1951 2652 ·

59 2706 275 2783 calyce
311 2708 486 2766 libero
523 2729 573 2766 v.
612 2709 889 2766 rarissime
927 2730 1049 2766 eum
1086 2712 1329 2787 germine
1367 2719 1626 2786 conflate,
1681 2715 1885 2773 corol-

59 2790 161 2848 lae
204 2793 401 2870 petalis
448 2792 683 2850 definitis
729 2799 823 2850 aut
869 2794 1137 2851 interdum
1181 2796 1452 2874 pluribuS,
1510 2797 1885 2858 staminibus

55 2877 408 2954 receptaculo
452 2897 503 2935 v.
548 2878 656 2935 imo
703 2878 879 2955 ealyci
921 2879 1167 2954 insertis,
1228 2880 1464 2938 definitis
1508 2900 1559 2939 v.
1604 2884 1882 2942 rarissime

54 2959 380 3036 indefinitis,
415 2962 807 3037 germinibus
835 2983 1217 3042 nonnunquam
1246 2965 1519 3042 pluribUS,
1565 2968 1883 3045 saepissime

60 3045 246 3120 unico,
292 3047 839 3126 uni-pluriloeulari,
884 3049 1401 3127 trophospermiis··e
1436 3049 1742 3109 loculorum
1780 3074 1886 3129 an·-s

56 3130 185 3207 gulo
217 3131 450 3188 centrali
476 3152 528 3189 v.
559 3133 916 3208 basilaribus,
961 3133 1242 3193 rarissime
1274 3156 1303 3193 e
1339 3136 1516 3193 medio
1555 3139 1882 3216 carpophyl-

54 3214 230 3271 lorum
260 3235 453 3290 nerVO,
494 3217 830 3291 gemmulis
866 3218 1184 3296 saepissime
1221 3219 1602 3298 amphitropiS,
1632 3223 1880 3297 fimeta

55 3299 331 3377 capsulari
387 3319 438 3358 v.
498 3301 817 3375 utriculari,·
879 3304 1470 3382 mono-polyspermO,
1546 3306 1880 3368 seminibus

52 3382 370 3461 plerumque
405 3384 815 3460 renisormibuS,
861 3387 1195 3464 embryone
1237 3388 1624 3467 peripherie0;
1656 3401 1879 3451 curvato

54 3487 105 3526 v.
137 3468 416 3544 annulari,
448 3469 704 3529 albumen
731 3469 1070 3532 farinaceum
1098 3473 1368 3551 cingente.

1459 3567 1527 3621 32
