<?xml version="1.0" encoding="UTF-8"?>
<!DOCTYPE html PUBLIC "-//W3C//DTD XHTML 1.0 Transitional//EN"
    "http://www.w3.org/TR/xhtml1/DTD/xhtml1-transitional.dtd">
<html xmlns="http://www.w3.org/1999/xhtml" xml:lang="en" lang="en">
 <head>
  <title>
</title>
<meta http-equiv="Content-Type" content="text/html;charset=utf-8" />
  <meta name='ocr-system' content='tesseract 3.04.00' />
  <meta name='ocr-capabilities' content='ocr_page ocr_carea ocr_par ocr_line ocrx_word'/>
</head>
<body>
  <div class='ocr_page' id='page_1' title='image "./enchiridionbotan00endl/enchiridionbotan00endl_0331.png"; bbox 0 0 2147 3756; ppageno 0'>
   <div class='ocr_carea' id='block_1_1' title="bbox 968 106 1083 156">
    <p class='ocr_par' dir='ltr' id='par_1_1' title="bbox 968 106 1083 156">
     <span class='ocr_line' id='line_1_1' title="bbox 968 106 1083 156; baseline -0.026 0"><span class='ocrx_word' id='word_1_1' title='bbox 968 106 1083 156; x_wconf 76' lang='lat'><strong>515</strong></span> 
     </span>
    </p>
   </div>
   <div class='ocr_carea' id='block_1_2' title="bbox 108 275 1934 497">
    <p class='ocr_par' dir='ltr' id='par_1_2' title="bbox 108 275 1934 497">
     <span class='ocr_line' id='line_1_2' title="bbox 110 275 1933 330; baseline -0.005 -8"><span class='ocrx_word' id='word_1_2' title='bbox 110 284 289 330; x_wconf 83' lang='lat' dir='ltr'><strong>pendula</strong></span> <span class='ocrx_word' id='word_1_3' title='bbox 312 284 363 321; x_wconf 88' lang='lat' dir='ltr'><strong>ab</strong></span> <span class='ocrx_word' id='word_1_4' title='bbox 387 280 474 318; x_wconf 87' lang='lat' dir='ltr'><strong>illis</strong></span> <span class='ocrx_word' id='word_1_5' title='bbox 502 281 709 329; x_wconf 79' lang='lat' dir='ltr'><strong>differunt,</strong></span> <span class='ocrx_word' id='word_1_6' title='bbox 741 279 865 318; x_wconf 88' lang='lat' dir='ltr'><strong>etiam</strong></span> <span class='ocrx_word' id='word_1_7' title='bbox 887 278 1001 316; x_wconf 85' lang='lat' dir='ltr'><strong>foliis</strong></span> <span class='ocrx_word' id='word_1_8' title='bbox 1017 277 1171 322; x_wconf 83' lang='lat' dir='ltr'><strong>nonita</strong></span> <span class='ocrx_word' id='word_1_9' title='bbox 1186 279 1419 313; x_wconf 72' lang='lat' dir='ltr'>constanter</span> <span class='ocrx_word' id='word_1_10' title='bbox 1434 277 1651 322; x_wconf 86' lang='lat' dir='ltr'><strong>oppositis,</strong></span> <span class='ocrx_word' id='word_1_11' title='bbox 1685 276 1763 313; x_wconf 87' lang='lat' dir='ltr'><strong>imo</strong></span> <span class='ocrx_word' id='word_1_12' title='bbox 1782 275 1824 313; x_wconf 90' lang='lat' dir='ltr'><strong>in</strong></span> <span class='ocrx_word' id='word_1_13' title='bbox 1840 276 1933 320; x_wconf 82' lang='lat' dir='ltr'><strong>qui·</strong></span> 
     </span>
     <span class='ocr_line' id='line_1_3' title="bbox 108 333 1934 384; baseline -0.003 -8"><span class='ocrx_word' id='word_1_14' title='bbox 108 344 280 378; x_wconf 88' lang='lat' dir='ltr'><strong>busdam</strong></span> <span class='ocrx_word' id='word_1_15' title='bbox 316 338 600 384; x_wconf 82' lang='lat' dir='ltr'><strong>verticillatis,</strong></span> <span class='ocrx_word' id='word_1_16' title='bbox 633 337 806 381; x_wconf 82' lang='lat' dir='ltr'><strong>denique</strong></span> <span class='ocrx_word' id='word_1_17' title='bbox 836 338 1124 381; x_wconf 86' lang='lat' dir='ltr'><strong>glandularum</strong></span> <span class='ocrx_word' id='word_1_18' title='bbox 1153 333 1414 370; x_wconf 88' lang='lat' dir='ltr'><strong>oleiferarum</strong></span> <span class='ocrx_word' id='word_1_19' title='bbox 1443 333 1604 369; x_wconf 87' lang='lat' dir='ltr'><strong>defectu</strong></span> <span class='ocrx_word' id='word_1_20' title='bbox 1635 333 1835 369; x_wconf 82' lang='lat' dir='ltr'><strong>diversae.</strong></span> <span class='ocrx_word' id='word_1_21' title='bbox 1893 335 1934 370; x_wconf 87' lang='lat' dir='ltr'>A</span> 
     </span>
     <span class='ocr_line' id='line_1_4' title="bbox 109 388 1933 442; baseline -0.005 -9"><span class='ocrx_word' id='word_1_22' title='bbox 109 396 389 440; x_wconf 79' lang='lat' dir='ltr'><strong>Myoporineis</strong></span> <span class='ocrx_word' id='word_1_23' title='bbox 406 398 442 430; x_wconf 92' lang='lat' dir='ltr'><strong>et</strong></span> <span class='ocrx_word' id='word_1_24' title='bbox 459 395 712 442; x_wconf 79' lang='lat' dir='ltr'><strong>Selagineis,</strong></span> <span class='ocrx_word' id='word_1_25' title='bbox 743 394 953 430; x_wconf 84' lang='lat' dir='ltr'><strong>ordinibus</strong></span> <span class='ocrx_word' id='word_1_26' title='bbox 971 397 1081 429; x_wconf 86' lang='lat' dir='ltr'><strong>arcte</strong></span> <span class='ocrx_word' id='word_1_27' title='bbox 1099 391 1314 439; x_wconf 81' lang='lat' dir='ltr'><strong>affinibus,</strong></span> <span class='ocrx_word' id='word_1_28' title='bbox 1347 390 1557 426; x_wconf 84' lang='lat' dir='ltr'><strong>radiculae</strong></span> <span class='ocrx_word' id='word_1_29' title='bbox 1574 389 1657 427; x_wconf 79' lang='lat' dir='ltr'><strong>situ</strong></span> <span class='ocrx_word' id='word_1_30' title='bbox 1671 388 1802 426; x_wconf 88' lang='lat' dir='ltr'><strong>infero</strong></span> <span class='ocrx_word' id='word_1_31' title='bbox 1818 392 1933 425; x_wconf 88' lang='lat' dir='ltr'><strong>nullo</strong></span> 
     </span>
     <span class='ocr_line' id='line_1_5' title="bbox 114 452 611 497; baseline -0.01 -7"><span class='ocrx_word' id='word_1_32' title='bbox 114 454 275 497; x_wconf 80' lang='lat' dir='ltr'><strong>negotio</strong></span> <span class='ocrx_word' id='word_1_33' title='bbox 294 452 611 495; x_wconf 87' lang='lat' dir='ltr'><strong>distinguuntur.</strong></span> 
     </span>
    </p>
   </div>
   <div class='ocr_carea' id='block_1_3' title="bbox 108 514 1940 1015">
    <p class='ocr_par' dir='ltr' id='par_1_3' title="bbox 108 514 1940 1015">
     <span class='ocr_line' id='line_1_6' title="bbox 252 514 1935 571; baseline -0.007 -11"><span class='ocrx_word' id='word_1_34' title='bbox 252 514 684 571; x_wconf 72' lang='lat' dir='ltr'><strong>Geographia.</strong></span> <span class='ocrx_word' id='word_1_35' title='bbox 745 519 910 557; x_wconf 85' lang='lat' dir='ltr'>Ordinis</span> <span class='ocrx_word' id='word_1_36' title='bbox 933 518 1056 556; x_wconf 79' lang='lat' dir='ltr'><strong>visin</strong></span> <span class='ocrx_word' id='word_1_37' title='bbox 1074 518 1182 555; x_wconf 88' lang='lat' dir='ltr'><strong>orbis</strong></span> <span class='ocrx_word' id='word_1_38' title='bbox 1199 519 1324 563; x_wconf 84' lang='lat' dir='ltr'>plaga</span> <span class='ocrx_word' id='word_1_39' title='bbox 1339 516 1603 559; x_wconf 87' lang='lat' dir='ltr'><strong>intertropica</strong></span> <span class='ocrx_word' id='word_1_40' title='bbox 1618 514 1845 562; x_wconf 88' lang='lat' dir='ltr'><strong>reperitur,</strong></span> <span class='ocrx_word' id='word_1_41' title='bbox 1869 523 1935 550; x_wconf 86' lang='lat' dir='ltr'><strong>ra-</strong></span> 
     </span>
     <span class='ocr_line' id='line_1_7' title="bbox 108 571 1934 624; baseline -0.005 -8"><span class='ocrx_word' id='word_1_42' title='bbox 108 579 199 624; x_wconf 89' lang='lat' dir='ltr'><strong>pido</strong></span> <span class='ocrx_word' id='word_1_43' title='bbox 229 579 456 623; x_wconf 79' lang='lat' dir='ltr'><strong>specierum</strong></span> <span class='ocrx_word' id='word_1_44' title='bbox 487 589 635 614; x_wconf 78' lang='lat' dir='ltr'><strong>versus</strong></span> <span class='ocrx_word' id='word_1_45' title='bbox 664 579 778 621; x_wconf 86' lang='lat' dir='ltr'><strong>polos</strong></span> <span class='ocrx_word' id='word_1_46' title='bbox 810 579 1082 622; x_wconf 87' lang='lat' dir='ltr'><strong>decremento,</strong></span> <span class='ocrx_word' id='word_1_47' title='bbox 1116 584 1164 610; x_wconf 88' lang='lat' dir='ltr'><strong>ea</strong></span> <span class='ocrx_word' id='word_1_48' title='bbox 1185 578 1274 618; x_wconf 80' lang='lat' dir='ltr'><strong>lege</strong></span> <span class='ocrx_word' id='word_1_49' title='bbox 1299 578 1341 609; x_wconf 88' lang='lat' dir='ltr'><strong>ut</strong></span> <span class='ocrx_word' id='word_1_50' title='bbox 1366 573 1590 610; x_wconf 89' lang='lat' dir='ltr'><strong>fruticosae</strong></span> <span class='ocrx_word' id='word_1_51' title='bbox 1615 576 1653 608; x_wconf 87' lang='lat' dir='ltr'><strong>et</strong></span> <span class='ocrx_word' id='word_1_52' title='bbox 1676 574 1872 608; x_wconf 84' lang='lat' dir='ltr'><strong>arboreae</strong></span> <span class='ocrx_word' id='word_1_53' title='bbox 1894 571 1934 606; x_wconf 92' lang='lat' dir='ltr'><strong>in</strong></span> 
     </span>
     <span class='ocr_line' id='line_1_8' title="bbox 109 629 1937 682; baseline -0.005 -11"><span class='ocrx_word' id='word_1_54' title='bbox 109 636 278 682; x_wconf 78' lang='lat' dir='ltr'>calidis,</span> <span class='ocrx_word' id='word_1_55' title='bbox 311 638 537 671; x_wconf 83' lang='lat' dir='ltr'><strong>herbaceae</strong></span> <span class='ocrx_word' id='word_1_56' title='bbox 562 635 603 669; x_wconf 92' lang='lat' dir='ltr'><strong>in</strong></span> <span class='ocrx_word' id='word_1_57' title='bbox 627 633 861 677; x_wconf 74' lang='lat' dir='ltr'><strong>temperatis</strong></span> <span class='ocrx_word' id='word_1_58' title='bbox 883 632 1082 676; x_wconf 84' lang='lat' dir='ltr'><strong>imprimis</strong></span> <span class='ocrx_word' id='word_1_59' title='bbox 1105 636 1342 666; x_wconf 85' lang='lat' dir='ltr'><strong>nascuntur.</strong></span> <span class='ocrx_word' id='word_1_60' title='bbox 1399 630 1629 666; x_wconf 88' lang='lat' dir='ltr'><strong>Rarissime</strong></span> <span class='ocrx_word' id='word_1_61' title='bbox 1652 629 1695 664; x_wconf 91' lang='lat' dir='ltr'><strong>in</strong></span> <span class='ocrx_word' id='word_1_62' title='bbox 1710 630 1875 671; x_wconf 85' lang='lat' dir='ltr'>Europa</span> <span class='ocrx_word' id='word_1_63' title='bbox 1899 631 1937 662; x_wconf 90' lang='lat' dir='ltr'><strong>et</strong></span> 
     </span>
     <span class='ocr_line' id='line_1_9' title="bbox 110 684 1935 734; baseline -0.005 -6"><span class='ocrx_word' id='word_1_64' title='bbox 110 693 154 729; x_wconf 89' lang='lat' dir='ltr'><strong>in</strong></span> <span class='ocrx_word' id='word_1_65' title='bbox 170 693 277 728; x_wconf 81' lang='lat' dir='ltr'><strong>Asia</strong></span> <span class='ocrx_word' id='word_1_66' title='bbox 293 696 329 728; x_wconf 91' lang='lat' dir='ltr'><strong>et</strong></span> <span class='ocrx_word' id='word_1_67' title='bbox 347 692 538 727; x_wconf 82' lang='lat' dir='ltr'><strong>America</strong></span> <span class='ocrx_word' id='word_1_68' title='bbox 555 691 709 726; x_wconf 88' lang='lat' dir='ltr'><strong>boreali</strong></span> <span class='ocrx_word' id='word_1_69' title='bbox 727 693 971 734; x_wconf 78' lang='lat' dir='ltr'><strong>nascuntur3</strong></span> <span class='ocrx_word' id='word_1_70' title='bbox 995 689 1038 723; x_wconf 89' lang='lat' dir='ltr'><strong>in</strong></span> <span class='ocrx_word' id='word_1_71' title='bbox 1054 688 1247 723; x_wconf 84' lang='lat' dir='ltr'><strong>America</strong></span> <span class='ocrx_word' id='word_1_72' title='bbox 1263 696 1410 722; x_wconf 87' lang='lat' dir='ltr'><strong>cancro</strong></span> <span class='ocrx_word' id='word_1_73' title='bbox 1426 688 1565 723; x_wconf 79' lang='lat' dir='ltr'><strong>vicina</strong></span> <span class='ocrx_word' id='word_1_74' title='bbox 1580 688 1721 730; x_wconf 83' lang='lat' dir='ltr'><strong>plures</strong></span> <span class='ocrx_word' id='word_1_75' title='bbox 1737 684 1935 730; x_wconf 85' lang='lat' dir='ltr'><strong>habitant,</strong></span> 
     </span>
     <span class='ocr_line' id='line_1_10' title="bbox 112 741 1939 790; baseline -0.006 -5"><span class='ocrx_word' id='word_1_76' title='bbox 112 759 188 785; x_wconf 89' lang='lat' dir='ltr'><strong>nec</strong></span> <span class='ocrx_word' id='word_1_77' title='bbox 221 749 264 784; x_wconf 89' lang='lat' dir='ltr'><strong>in</strong></span> <span class='ocrx_word' id='word_1_78' title='bbox 293 749 427 784; x_wconf 90' lang='lat' dir='ltr'><strong>littore</strong></span> <span class='ocrx_word' id='word_1_79' title='bbox 457 746 841 784; x_wconf 85' lang='lat' dir='ltr'><strong>boreali-orientali</strong></span> <span class='ocrx_word' id='word_1_80' title='bbox 863 747 963 781; x_wconf 86' lang='lat' dir='ltr'><strong>adeo</strong></span> <span class='ocrx_word' id='word_1_81' title='bbox 987 753 1125 790; x_wconf 90' lang='lat' dir='ltr'><strong>rarae,</strong></span> <span class='ocrx_word' id='word_1_82' title='bbox 1157 744 1450 785; x_wconf 74' lang='lat' dir='ltr'><strong>frequentiores</strong></span> <span class='ocrx_word' id='word_1_83' title='bbox 1474 747 1609 779; x_wconf 88' lang='lat' dir='ltr'><strong>tamen</strong></span> <span class='ocrx_word' id='word_1_84' title='bbox 1631 742 1674 778; x_wconf 88' lang='lat' dir='ltr'><strong>in</strong></span> <span class='ocrx_word' id='word_1_85' title='bbox 1696 743 1808 777; x_wconf 80' lang='lat' dir='ltr'><strong>Novo</strong></span> <span class='ocrx_word' id='word_1_86' title='bbox 1833 741 1939 776; x_wconf 85' lang='lat' dir='ltr'><strong>Con-</strong></span> 
     </span>
     <span class='ocr_line' id='line_1_11' title="bbox 111 797 1940 846; baseline -0.005 -5"><span class='ocrx_word' id='word_1_87' title='bbox 111 807 264 842; x_wconf 88' lang='lat' dir='ltr'><strong>tinente</strong></span> <span class='ocrx_word' id='word_1_88' title='bbox 289 808 402 840; x_wconf 87' lang='lat' dir='ltr'><strong>trans</strong></span> <span class='ocrx_word' id='word_1_89' title='bbox 426 803 706 846; x_wconf 76' lang='lat' dir='ltr'><strong>capricornum</strong></span> <span class='ocrx_word' id='word_1_90' title='bbox 730 811 849 845; x_wconf 81' lang='lat' dir='ltr'><strong>quam</strong></span> <span class='ocrx_word' id='word_1_91' title='bbox 872 802 932 837; x_wconf 91' lang='lat' dir='ltr'><strong>cis</strong></span> <span class='ocrx_word' id='word_1_92' title='bbox 948 810 1139 835; x_wconf 85' lang='lat' dir='ltr'><strong>cancrum</strong></span> <span class='ocrx_word' id='word_1_93' title='bbox 1156 800 1425 842; x_wconf 87' lang='lat' dir='ltr'><strong>reperiuntur.</strong></span> <span class='ocrx_word' id='word_1_94' title='bbox 1483 801 1618 836; x_wconf 88' lang='lat' dir='ltr'><strong>Minor</strong></span> <span class='ocrx_word' id='word_1_95' title='bbox 1634 803 1696 835; x_wconf 84' lang='lat' dir='ltr'><strong>est</strong></span> <span class='ocrx_word' id='word_1_96' title='bbox 1711 797 1940 841; x_wconf 87' lang='lat' dir='ltr'><strong>specierum</strong></span> 
     </span>
     <span class='ocr_line' id='line_1_12' title="bbox 111 853 1940 901; baseline -0.005 -3"><span class='ocrx_word' id='word_1_97' title='bbox 111 863 155 899; x_wconf 90' lang='lat' dir='ltr'><strong>in</strong></span> <span class='ocrx_word' id='word_1_98' title='bbox 171 861 316 898; x_wconf 84' lang='lat' dir='ltr'><strong>Africa</strong></span> <span class='ocrx_word' id='word_1_99' title='bbox 337 859 513 896; x_wconf 79' lang='lat' dir='ltr'><strong>australi</strong></span> <span class='ocrx_word' id='word_1_100' title='bbox 538 859 811 901; x_wconf 83' lang='lat' dir='ltr'><strong>extratropica</strong></span> <span class='ocrx_word' id='word_1_101' title='bbox 834 861 869 893; x_wconf 88' lang='lat' dir='ltr'><strong>et</strong></span> <span class='ocrx_word' id='word_1_102' title='bbox 893 857 936 892; x_wconf 89' lang='lat' dir='ltr'><strong>in</strong></span> <span class='ocrx_word' id='word_1_103' title='bbox 952 860 1066 892; x_wconf 76' lang='lat' dir='ltr'><strong>Nova</strong></span> <span class='ocrx_word' id='word_1_104' title='bbox 1083 858 1305 891; x_wconf 82' lang='lat' dir='ltr'><strong>Hollandia</strong></span> <span class='ocrx_word' id='word_1_105' title='bbox 1329 857 1460 899; x_wconf 87' lang='lat' dir='ltr'><strong>copia.</strong></span> <span class='ocrx_word' id='word_1_106' title='bbox 1518 857 1808 892; x_wconf 77' lang='lat' dir='ltr'><strong>Verbenaceae</strong></span> <span class='ocrx_word' id='word_1_107' title='bbox 1826 853 1940 889; x_wconf 82' lang='lat' dir='ltr'><strong>asia-</strong></span> 
     </span>
     <span class='ocr_line' id='line_1_13' title="bbox 111 908 1940 961; baseline -0.005 -7"><span class='ocrx_word' id='word_1_108' title='bbox 111 918 217 954; x_wconf 87' lang='lat' dir='ltr'><strong>ticae</strong></span> <span class='ocrx_word' id='word_1_109' title='bbox 239 916 486 953; x_wconf 85' lang='lat' dir='ltr'><strong>americanis</strong></span> <span class='ocrx_word' id='word_1_110' title='bbox 509 908 674 951; x_wconf 88' lang='lat' dir='ltr'><strong>numero</strong></span> <span class='ocrx_word' id='word_1_111' title='bbox 698 915 865 961; x_wconf 88' lang='lat' dir='ltr'><strong>cedunt,</strong></span> <span class='ocrx_word' id='word_1_112' title='bbox 899 915 970 950; x_wconf 85' lang='lat' dir='ltr'><strong>sed</strong></span> <span class='ocrx_word' id='word_1_113' title='bbox 993 914 1121 957; x_wconf 87' lang='lat' dir='ltr'><strong>major</strong></span> <span class='ocrx_word' id='word_1_114' title='bbox 1142 917 1204 950; x_wconf 90' lang='lat' dir='ltr'><strong>est</strong></span> <span class='ocrx_word' id='word_1_115' title='bbox 1226 913 1270 949; x_wconf 89' lang='lat' dir='ltr'><strong>in</strong></span> <span class='ocrx_word' id='word_1_116' title='bbox 1294 915 1388 949; x_wconf 86' lang='lat' dir='ltr'><strong>orbe</strong></span> <span class='ocrx_word' id='word_1_117' title='bbox 1411 912 1538 950; x_wconf 72' lang='lat' dir='ltr'><strong>veteri</strong></span> <span class='ocrx_word' id='word_1_118' title='bbox 1562 921 1755 958; x_wconf 87' lang='lat' dir='ltr'><strong>generum</strong></span> <span class='ocrx_word' id='word_1_119' title='bbox 1769 913 1940 947; x_wconf 81' lang='lat' dir='ltr'><strong>natura-</strong></span> 
     </span>
     <span class='ocr_line' id='line_1_14' title="bbox 111 971 1009 1015; baseline -0.008 -3"><span class='ocrx_word' id='word_1_120' title='bbox 111 975 213 1012; x_wconf 89' lang='lat' dir='ltr'><strong>lium</strong></span> <span class='ocrx_word' id='word_1_121' title='bbox 229 973 409 1010; x_wconf 89' lang='lat' dir='ltr'><strong>varietas</strong></span> <span class='ocrx_word' id='word_1_122' title='bbox 428 976 466 1008; x_wconf 91' lang='lat' dir='ltr'><strong>et</strong></span> <span class='ocrx_word' id='word_1_123' title='bbox 480 973 615 1014; x_wconf 82' lang='lat' dir='ltr'><strong>maJus</strong></span> <span class='ocrx_word' id='word_1_124' title='bbox 632 971 861 1015; x_wconf 85' lang='lat' dir='ltr'><strong>specierum</strong></span> <span class='ocrx_word' id='word_1_125' title='bbox 877 973 1009 1007; x_wconf 89' lang='lat' dir='ltr'><strong>robur.</strong></span> 
     </span>
    </p>
   </div>
   <div class='ocr_carea' id='block_1_4' title="bbox 109 1036 1944 1765">
    <p class='ocr_par' dir='ltr' id='par_1_4' title="bbox 109 1036 1944 1765">
     <span class='ocr_line' id='line_1_15' title="bbox 253 1036 1939 1090; baseline -0.005 -8"><span class='ocrx_word' id='word_1_126' title='bbox 253 1036 618 1090; x_wconf 48' lang='lat' dir='ltr'><strong>&amp;ualitates</strong></span> <span class='ocrx_word' id='word_1_127' title='bbox 637 1045 675 1079; x_wconf 88' lang='lat' dir='ltr'><strong>et</strong></span> <span class='ocrx_word' id='word_1_128' title='bbox 690 1047 860 1082; x_wconf 77' lang='lat' dir='ltr'><strong>usus.</strong></span> <span class='ocrx_word' id='word_1_129' title='bbox 891 1042 1058 1085; x_wconf 83' lang='lat' dir='ltr'><strong>Exigua</strong></span> <span class='ocrx_word' id='word_1_130' title='bbox 1074 1044 1136 1077; x_wconf 57' lang='lat' dir='ltr'><strong>est,</strong></span> <span class='ocrx_word' id='word_1_131' title='bbox 1152 1040 1195 1077; x_wconf 91' lang='lat' dir='ltr'><strong>in</strong></span> <span class='ocrx_word' id='word_1_132' title='bbox 1211 1039 1489 1077; x_wconf 87' lang='lat' dir='ltr'><strong>Verbenaceis</strong></span> <span class='ocrx_word' id='word_1_133' title='bbox 1505 1039 1584 1076; x_wconf 87' lang='lat' dir='ltr'><strong>olei</strong></span> <span class='ocrx_word' id='word_1_134' title='bbox 1601 1037 1778 1076; x_wconf 85' lang='lat' dir='ltr'><strong>aetherei</strong></span> <span class='ocrx_word' id='word_1_135' title='bbox 1794 1037 1939 1085; x_wconf 83' lang='lat' dir='ltr'><strong>portio,</strong></span> 
     </span>
     <span class='ocr_line' id='line_1_16' title="bbox 111 1093 1941 1144; baseline -0.005 -5"><span class='ocrx_word' id='word_1_136' title='bbox 111 1111 138 1139; x_wconf 87' lang='lat' dir='ltr'><strong>a</strong></span> <span class='ocrx_word' id='word_1_137' title='bbox 160 1101 404 1139; x_wconf 83' lang='lat' dir='ltr'><strong>substantiis</strong></span> <span class='ocrx_word' id='word_1_138' title='bbox 428 1100 670 1136; x_wconf 80' lang='lat' dir='ltr'><strong>extractivis</strong></span> <span class='ocrx_word' id='word_1_139' title='bbox 693 1099 845 1135; x_wconf 88' lang='lat' dir='ltr'><strong>amaris</strong></span> <span class='ocrx_word' id='word_1_140' title='bbox 871 1102 907 1134; x_wconf 90' lang='lat' dir='ltr'><strong>et</strong></span> <span class='ocrx_word' id='word_1_141' title='bbox 932 1098 1104 1134; x_wconf 86' lang='lat' dir='ltr'><strong>tannina</strong></span> <span class='ocrx_word' id='word_1_142' title='bbox 1125 1099 1182 1134; x_wconf 89' lang='lat' dir='ltr'><strong>ita</strong></span> <span class='ocrx_word' id='word_1_143' title='bbox 1202 1106 1410 1144; x_wconf 86' lang='lat' dir='ltr'><strong>repressa,</strong></span> <span class='ocrx_word' id='word_1_144' title='bbox 1443 1100 1487 1133; x_wconf 84' lang='lat' dir='ltr'><strong>ut</strong></span> <span class='ocrx_word' id='word_1_145' title='bbox 1504 1097 1668 1132; x_wconf 85' lang='lat' dir='ltr'><strong>nonnisi</strong></span> <span class='ocrx_word' id='word_1_146' title='bbox 1685 1105 1842 1140; x_wconf 83' lang='lat' dir='ltr'><strong>paucae</strong></span> <span class='ocrx_word' id='word_1_147' title='bbox 1860 1093 1941 1130; x_wconf 83' lang='lat' dir='ltr'><strong>La-</strong></span> 
     </span>
     <span class='ocr_line' id='line_1_17' title="bbox 109 1151 1940 1200; baseline -0.005 -4"><span class='ocrx_word' id='word_1_148' title='bbox 109 1159 313 1196; x_wconf 87' lang='lat' dir='ltr'><strong>biatarum</strong></span> <span class='ocrx_word' id='word_1_149' title='bbox 330 1157 567 1200; x_wconf 82' lang='lat' dir='ltr'><strong>qualitatem</strong></span> <span class='ocrx_word' id='word_1_150' title='bbox 584 1157 849 1193; x_wconf 80' lang='lat' dir='ltr'><strong>aromaticam</strong></span> <span class='ocrx_word' id='word_1_151' title='bbox 866 1158 1135 1200; x_wconf 85' lang='lat' dir='ltr'><strong>aemulentur,</strong></span> <span class='ocrx_word' id='word_1_152' title='bbox 1155 1154 1295 1198; x_wconf 88' lang='lat' dir='ltr'><strong>exigui</strong></span> <span class='ocrx_word' id='word_1_153' title='bbox 1311 1155 1353 1189; x_wconf 90' lang='lat' dir='ltr'><strong>in</strong></span> <span class='ocrx_word' id='word_1_154' title='bbox 1372 1164 1413 1189; x_wconf 90' lang='lat' dir='ltr'><strong>re</strong></span> <span class='ocrx_word' id='word_1_155' title='bbox 1429 1154 1586 1189; x_wconf 82' lang='lat' dir='ltr'><strong>medica</strong></span> <span class='ocrx_word' id='word_1_156' title='bbox 1602 1163 1704 1189; x_wconf 88' lang='lat' dir='ltr'><strong>usus</strong></span> <span class='ocrx_word' id='word_1_157' title='bbox 1722 1156 1760 1188; x_wconf 87' lang='lat' dir='ltr'><strong>et</strong></span> <span class='ocrx_word' id='word_1_158' title='bbox 1775 1151 1940 1188; x_wconf 80' lang='lat' dir='ltr'><strong>virtutis</strong></span> 
     </span>
     <span class='ocr_line' id='line_1_18' title="bbox 110 1207 1942 1257; baseline -0.005 -6"><span class='ocrx_word' id='word_1_159' title='bbox 110 1217 287 1252; x_wconf 86' lang='lat' dir='ltr'><strong>nondum</strong></span> <span class='ocrx_word' id='word_1_160' title='bbox 305 1215 409 1250; x_wconf 88' lang='lat' dir='ltr'><strong>satis</strong></span> <span class='ocrx_word' id='word_1_161' title='bbox 429 1216 724 1257; x_wconf 83' lang='lat' dir='ltr'><strong>comprobatae.</strong></span> <span class='ocrx_word' id='word_1_162' title='bbox 762 1213 794 1248; x_wconf 78' lang='lat' dir='ltr'><strong>F</strong></span> <span class='ocrx_word' id='word_1_163' title='bbox 800 1216 938 1248; x_wconf 81' lang='lat' dir='ltr'><strong>ructus</strong></span> <span class='ocrx_word' id='word_1_164' title='bbox 955 1215 1149 1248; x_wconf 76' lang='lat' dir='ltr'><strong>baccatai</strong></span> <span class='ocrx_word' id='word_1_165' title='bbox 1154 1221 1218 1247; x_wconf 90' lang='lat' dir='ltr'><strong>um</strong></span> <span class='ocrx_word' id='word_1_166' title='bbox 1236 1220 1396 1246; x_wconf 85' lang='lat' dir='ltr'><strong>amaro·</strong></span> <span class='ocrx_word' id='word_1_167' title='bbox 1399 1210 1710 1254; x_wconf 88' lang='lat' dir='ltr'><strong>subaromatici,</strong></span> <span class='ocrx_word' id='word_1_168' title='bbox 1733 1207 1942 1252; x_wconf 82' lang='lat' dir='ltr'><strong>paucissi-</strong></span> 
     </span>
     <span class='ocr_line' id='line_1_19' title="bbox 109 1259 1940 1330; baseline -0.007 -21"><span class='ocrx_word' id='word_1_169' title='bbox 109 1281 268 1310; x_wconf 87' lang='lat' dir='ltr'><strong>marum</strong></span> <span class='ocrx_word' id='word_1_170' title='bbox 284 1271 475 1307; x_wconf 86' lang='lat' dir='ltr'><strong>acidulo-</strong></span> <span class='ocrx_word' id='word_1_171' title='bbox 487 1272 648 1316; x_wconf 79' lang='lat' dir='ltr'><strong>dulces,</strong></span> <span class='ocrx_word' id='word_1_172' title='bbox 681 1271 821 1305; x_wconf 85' lang='lat' dir='ltr'><strong>edules</strong></span> <span class='ocrx_word' id='word_1_173' title='bbox 840 1273 947 1305; x_wconf 84' lang='lat' dir='ltr'><strong>sunt.</strong></span> <span class='ocrx_word' id='word_1_174' title='bbox 1001 1266 1218 1302; x_wconf 74' lang='lat' dir='ltr'><strong>Verbenar</strong></span> <span class='ocrx_word' id='word_1_175' title='bbox 1221 1278 1288 1303; x_wconf 78' lang='lat' dir='ltr'><strong>um</strong></span> <span class='ocrx_word' id='word_1_176' title='bbox 1306 1268 1568 1330; x_wconf 82' lang='lat' dir='ltr'><strong>nostratium,</strong></span> <span class='ocrx_word' id='word_1_177' title='bbox 1607 1263 1691 1300; x_wconf 85' lang='lat' dir='ltr'><strong>Ver</strong></span> <span class='ocrx_word' id='word_1_178' title='bbox 1694 1264 1824 1300; x_wconf 72' lang='lat' dir='ltr'><strong>benere</strong></span> <span class='ocrx_word' id='word_1_179' title='bbox 1841 1259 1940 1310; x_wconf 84' lang='lat' dir='ltr'><em>offi-</em></span> 
     </span>
     <span class='ocr_line' id='line_1_20' title="bbox 112 1315 1942 1388; baseline -0.004 -25"><span class='ocrx_word' id='word_1_180' title='bbox 112 1327 267 1363; x_wconf 72' lang='lat' dir='ltr'><strong>cz&#39;nales</strong></span> <span class='ocrx_word' id='word_1_181' title='bbox 297 1327 417 1364; x_wconf 90' lang='lat' dir='ltr'><strong>Linn.</strong></span> <span class='ocrx_word' id='word_1_182' title='bbox 451 1327 745 1372; x_wconf 84' lang='lat' dir='ltr'><strong>[Eisenkraut,</strong></span> <span class='ocrx_word' id='word_1_183' title='bbox 785 1318 1038 1375; x_wconf 76' lang='grc' dir='ltr'><em>πειστερεών</em></span> <span class='ocrx_word' id='word_1_184' title='bbox 1073 1317 1240 1388; x_wconf 74' lang='grc' dir='ltr'><em>ὀρθός,</em></span> <span class='ocrx_word' id='word_1_185' title='bbox 1273 1317 1366 1375; x_wconf 49' lang='lat' dir='ltr'><strong>{foci</strong></span> <span class='ocrx_word' id='word_1_186' title='bbox 1399 1317 1588 1372; x_wconf 78' lang='grc' dir='ltr'><em>βοτάνη,</em></span> <span class='ocrx_word' id='word_1_187' title='bbox 1619 1315 1942 1373; x_wconf 78' lang='grc' dir='ltr'><em>σταυροβοτάνι</em></span> 
     </span>
     <span class='ocr_line' id='line_1_21' title="bbox 110 1355 1942 1433; baseline -0.004 -12"><span class='ocrx_word' id='word_1_188' title='bbox 110 1385 280 1430; x_wconf 86' lang='lat' dir='ltr'><strong>Neogr.)</strong></span> <span class='ocrx_word' id='word_1_189' title='bbox 304 1388 340 1420; x_wconf 90' lang='lat' dir='ltr'><strong>et</strong></span> <span class='ocrx_word' id='word_1_190' title='bbox 363 1381 448 1418; x_wconf 83' lang='lat' dir='ltr'><strong>Ver</strong></span> <span class='ocrx_word' id='word_1_191' title='bbox 450 1383 580 1418; x_wconf 64' lang='lat' dir='ltr'><strong>herme</strong></span> <span class='ocrx_word' id='word_1_192' title='bbox 605 1392 780 1429; x_wconf 53' lang='lat' dir='ltr'><strong>supinae</strong></span> <span class='ocrx_word' id='word_1_193' title='bbox 797 1381 916 1418; x_wconf 87' lang='lat' dir='ltr'><strong>Linn.</strong></span> <span class='ocrx_word' id='word_1_194' title='bbox 943 1375 1245 1433; x_wconf 54' lang='grc' dir='ltr'><em>(πεοιοτὲοεών</em></span> <span class='ocrx_word' id='word_1_195' title='bbox 1266 1355 1446 1425; x_wconf 80' lang='grc' dir='ltr'><strong>ὕπτιος]</strong></span> <span class='ocrx_word' id='word_1_196' title='bbox 1478 1381 1624 1426; x_wconf 84' lang='lat' dir='ltr'><strong>ingens</strong></span> <span class='ocrx_word' id='word_1_197' title='bbox 1649 1381 1758 1422; x_wconf 89' lang='lat' dir='ltr'><strong>apud</strong></span> <span class='ocrx_word' id='word_1_198' title='bbox 1782 1382 1942 1414; x_wconf 88' lang='lat' dir='ltr'><strong>veteres</strong></span> 
     </span>
     <span class='ocr_line' id='line_1_22' title="bbox 109 1435 1942 1486; baseline -0.004 -9"><span class='ocrx_word' id='word_1_199' title='bbox 109 1444 318 1478; x_wconf 87' lang='lat' dir='ltr'><strong>Romanos</strong></span> <span class='ocrx_word' id='word_1_200' title='bbox 350 1441 461 1477; x_wconf 87' lang='lat' dir='ltr'><strong>fama</strong></span> <span class='ocrx_word' id='word_1_201' title='bbox 492 1444 570 1486; x_wconf 88' lang='lat' dir='ltr'><strong>est,</strong></span> <span class='ocrx_word' id='word_1_202' title='bbox 602 1440 668 1476; x_wconf 87' lang='lat' dir='ltr'><strong>his</strong></span> <span class='ocrx_word' id='word_1_203' title='bbox 691 1439 807 1475; x_wconf 83' lang='lat' dir='ltr'><strong>Jovis</strong></span> <span class='ocrx_word' id='word_1_204' title='bbox 832 1448 974 1475; x_wconf 89' lang='lat' dir='ltr'><strong>mensa</strong></span> <span class='ocrx_word' id='word_1_205' title='bbox 995 1439 1190 1486; x_wconf 58' lang='grc' dir='ltr'>ωτι-11111,</span> <span class='ocrx_word' id='word_1_206' title='bbox 1224 1440 1365 1474; x_wconf 86' lang='lat' dir='ltr'><strong>domus</strong></span> <span class='ocrx_word' id='word_1_207' title='bbox 1392 1441 1617 1482; x_wconf 84' lang='lat' dir='ltr'><strong>purgantur</strong></span> <span class='ocrx_word' id='word_1_208' title='bbox 1639 1440 1678 1472; x_wconf 88' lang='lat' dir='ltr'><strong>et</strong></span> <span class='ocrx_word' id='word_1_209' title='bbox 1700 1435 1942 1480; x_wconf 65' lang='lat' dir='ltr'><strong>lustrantur,</strong></span> 
     </span>
     <span class='ocr_line' id='line_1_23' title="bbox 112 1493 1944 1544; baseline -0.004 -10"><span class='ocrx_word' id='word_1_210' title='bbox 112 1499 155 1535; x_wconf 91' lang='lat' dir='ltr'><strong>in</strong></span> <span class='ocrx_word' id='word_1_211' title='bbox 180 1499 244 1534; x_wconf 87' lang='lat' dir='ltr'><strong>his</strong></span> <span class='ocrx_word' id='word_1_212' title='bbox 262 1498 374 1542; x_wconf 85' lang='lat' dir='ltr'><strong>Magi</strong></span> <span class='ocrx_word' id='word_1_213' title='bbox 398 1498 631 1544; x_wconf 80' lang='lat' dir='ltr'><strong>insaniunt,</strong></span> <span class='ocrx_word' id='word_1_214' title='bbox 662 1499 740 1533; x_wconf 89' lang='lat' dir='ltr'><strong>has</strong></span> <span class='ocrx_word' id='word_1_215' title='bbox 764 1496 869 1532; x_wconf 92' lang='lat' dir='ltr'><strong>inter</strong></span> <span class='ocrx_word' id='word_1_216' title='bbox 892 1498 1048 1541; x_wconf 86' lang='lat' dir='ltr'><strong>legatos</strong></span> <span class='ocrx_word' id='word_1_217' title='bbox 1064 1497 1115 1531; x_wconf 89' lang='lat' dir='ltr'><strong>ad</strong></span> <span class='ocrx_word' id='word_1_218' title='bbox 1134 1499 1270 1531; x_wconf 83' lang='lat' dir='ltr'><strong>hostes</strong></span> <span class='ocrx_word' id='word_1_219' title='bbox 1288 1495 1610 1540; x_wconf 79' lang='lat' dir='ltr'><strong>clarigatumque</strong></span> <span class='ocrx_word' id='word_1_220' title='bbox 1622 1493 1771 1529; x_wconf 89' lang='lat' dir='ltr'><strong>missos</strong></span> <span class='ocrx_word' id='word_1_221' title='bbox 1787 1493 1944 1529; x_wconf 86' lang='lat' dir='ltr'><strong>Verbe-</strong></span> 
     </span>
     <span class='ocr_line' id='line_1_24' title="bbox 111 1548 1944 1601; baseline -0.005 -10"><span class='ocrx_word' id='word_1_222' title='bbox 111 1556 256 1592; x_wconf 84' lang='lat' dir='ltr'><strong>narius</strong></span> <span class='ocrx_word' id='word_1_223' title='bbox 287 1555 410 1601; x_wconf 90' lang='lat' dir='ltr'><strong>gerit,</strong></span> <span class='ocrx_word' id='word_1_224' title='bbox 443 1555 485 1590; x_wconf 88' lang='lat' dir='ltr'><strong>in</strong></span> <span class='ocrx_word' id='word_1_225' title='bbox 514 1558 686 1597; x_wconf 80' lang='lat' dir='ltr'><strong>utraque</strong></span> <span class='ocrx_word' id='word_1_226' title='bbox 716 1554 940 1589; x_wconf 78' lang='lat' dir='ltr'><strong>sortittntur</strong></span> <span class='ocrx_word' id='word_1_227' title='bbox 961 1554 1168 1588; x_wconf 84' lang='lat' dir='ltr'><strong>Gallorum</strong></span> <span class='ocrx_word' id='word_1_228' title='bbox 1191 1552 1372 1588; x_wconf 82' lang='lat' dir='ltr'><strong>Druidae</strong></span> <span class='ocrx_word' id='word_1_229' title='bbox 1401 1555 1437 1587; x_wconf 91' lang='lat' dir='ltr'><strong>et</strong></span> <span class='ocrx_word' id='word_1_230' title='bbox 1468 1559 1669 1594; x_wconf 87' lang='lat' dir='ltr'><strong>responsa</strong></span> <span class='ocrx_word' id='word_1_231' title='bbox 1690 1548 1944 1593; x_wconf 83' lang='lat' dir='ltr'><strong>praecinunt.</strong></span> 
     </span>
     <span class='ocr_line' id='line_1_25' title="bbox 112 1606 1942 1654; baseline -0.003 -7"><span class='ocrx_word' id='word_1_232' title='bbox 112 1612 249 1649; x_wconf 84' lang='lat' dir='ltr'><strong>Minor</strong></span> <span class='ocrx_word' id='word_1_233' title='bbox 271 1612 379 1654; x_wconf 87' lang='lat' dir='ltr'><strong>apud</strong></span> <span class='ocrx_word' id='word_1_234' title='bbox 402 1611 582 1646; x_wconf 85' lang='lat' dir='ltr'><strong>medicos</strong></span> <span class='ocrx_word' id='word_1_235' title='bbox 607 1613 757 1646; x_wconf 80' lang='lat' dir='ltr'><strong>herbae</strong></span> <span class='ocrx_word' id='word_1_236' title='bbox 780 1610 1085 1645; x_wconf 87' lang='lat' dir='ltr'><strong>amariusculae</strong></span> <span class='ocrx_word' id='word_1_237' title='bbox 1107 1609 1255 1645; x_wconf 89' lang='lat' dir='ltr'><strong>leniter</strong></span> <span class='ocrx_word' id='word_1_238' title='bbox 1278 1608 1571 1652; x_wconf 80' lang='lat' dir='ltr'><strong>adstringentis</strong></span> <span class='ocrx_word' id='word_1_239' title='bbox 1587 1610 1681 1643; x_wconf 90' lang='lat' dir='ltr'><strong>laus</strong></span> <span class='ocrx_word' id='word_1_240' title='bbox 1699 1610 1773 1643; x_wconf 87' lang='lat' dir='ltr'><strong>est.</strong></span> <span class='ocrx_word' id='word_1_241' title='bbox 1830 1606 1942 1641; x_wconf 82' lang='lat' dir='ltr'><strong>Usus</strong></span> 
     </span>
     <span class='ocr_line' id='line_1_26' title="bbox 111 1661 1944 1713; baseline -0.004 -9"><span class='ocrx_word' id='word_1_242' title='bbox 111 1672 235 1713; x_wconf 88' lang='lat' dir='ltr'><strong>plane</strong></span> <span class='ocrx_word' id='word_1_243' title='bbox 251 1671 447 1704; x_wconf 85' lang='lat' dir='ltr'><strong>exoletus.</strong></span> <span class='ocrx_word' id='word_1_244' title='bbox 498 1665 691 1701; x_wconf 43' lang='lat' dir='ltr'><strong>ls‘erbena</strong></span> <span class='ocrx_word' id='word_1_245' title='bbox 708 1664 915 1700; x_wconf 75' lang='lat' dir='ltr'><strong>erinm‘des</strong></span> <span class='ocrx_word' id='word_1_246' title='bbox 933 1665 1051 1701; x_wconf 81' lang='lat' dir='ltr'><strong>Linn.</strong></span> <span class='ocrx_word' id='word_1_247' title='bbox 1070 1675 1094 1701; x_wconf 88' lang='lat' dir='ltr'><strong>a</strong></span> <span class='ocrx_word' id='word_1_248' title='bbox 1109 1661 1350 1701; x_wconf 78' lang='lat' dir='ltr'><strong>mulieribus</strong></span> <span class='ocrx_word' id='word_1_249' title='bbox 1371 1664 1564 1708; x_wconf 80' lang='lat' dir='ltr'><strong>peruanis</strong></span> <span class='ocrx_word' id='word_1_250' title='bbox 1581 1665 1632 1700; x_wconf 88' lang='lat' dir='ltr'><strong>ad</strong></span> <span class='ocrx_word' id='word_1_251' title='bbox 1649 1661 1944 1706; x_wconf 83' lang='lat' dir='ltr'><strong>expediendum</strong></span> 
     </span>
     <span class='ocr_line' id='line_1_27' title="bbox 112 1710 1944 1765; baseline -0.004 -5"><span class='ocrx_word' id='word_1_252' title='bbox 112 1728 409 1762; x_wconf 87' lang='lat' dir='ltr'><strong>menstruorum</strong></span> <span class='ocrx_word' id='word_1_253' title='bbox 435 1727 472 1758; x_wconf 87' lang='lat' dir='ltr'><strong>et</strong></span> <span class='ocrx_word' id='word_1_254' title='bbox 490 1724 710 1758; x_wconf 85' lang='lat' dir='ltr'><strong>lochiorum</strong></span> <span class='ocrx_word' id='word_1_255' title='bbox 727 1723 880 1757; x_wconf 83' lang='lat' dir='ltr'><strong>fluxum</strong></span> <span class='ocrx_word' id='word_1_256' title='bbox 898 1722 1011 1757; x_wconf 86' lang='lat' dir='ltr'><strong>utilis</strong></span> <span class='ocrx_word' id='word_1_257' title='bbox 1028 1722 1299 1765; x_wconf 87' lang='lat' dir='ltr'><strong>praedicatur.</strong></span> <span class='ocrx_word' id='word_1_258' title='bbox 1365 1718 1581 1755; x_wconf 75' lang='lat' dir='ltr'><strong>Verbenae</strong></span> <span class='ocrx_word' id='word_1_259' title='bbox 1598 1710 1944 1763; x_wconf 65' lang='lat' dir='ltr'><strong>(Stachytarphe-</strong></span> 
     </span>
    </p>
   </div>
   <div class='ocr_carea' id='block_1_5' title="bbox 57 1775 1946 1826">
    <p class='ocr_par' dir='ltr' id='par_1_5' title="bbox 57 1775 1946 1826">
     <span class='ocr_line' id='line_1_28' title="bbox 57 1775 1946 1826; baseline -0.005 -7"><span class='ocrx_word' id='word_1_260' title='bbox 57 1807 68 1819; x_wconf 51' lang='lat'><em>1</em></span> <span class='ocrx_word' id='word_1_261' title='bbox 113 1781 203 1826; x_wconf 82' lang='lat' dir='ltr'><strong>tae)</strong></span> <span class='ocrx_word' id='word_1_262' title='bbox 221 1779 501 1826; x_wconf 72' lang='lat' dir='ltr'><strong>jm2za2·cens2·s</strong></span> <span class='ocrx_word' id='word_1_263' title='bbox 523 1781 644 1815; x_wconf 71' lang='lat' dir='ltr'><strong>vahl.</strong></span> <span class='ocrx_word' id='word_1_264' title='bbox 669 1777 816 1823; x_wconf 71' lang='lat' dir='ltr'><strong>[vulgo</strong></span> <span class='ocrx_word' id='word_1_265' title='bbox 841 1778 1025 1822; x_wconf 80' lang='lat' dir='ltr'><strong>Gervao]</strong></span> <span class='ocrx_word' id='word_1_266' title='bbox 1050 1781 1203 1814; x_wconf 84' lang='lat' dir='ltr'><strong>multus</strong></span> <span class='ocrx_word' id='word_1_267' title='bbox 1227 1779 1336 1821; x_wconf 87' lang='lat' dir='ltr'><strong>apud</strong></span> <span class='ocrx_word' id='word_1_268' title='bbox 1352 1777 1799 1814; x_wconf 84' lang='lat' dir='ltr'><strong>Austro-americanos</strong></span> <span class='ocrx_word' id='word_1_269' title='bbox 1822 1775 1865 1810; x_wconf 89' lang='lat' dir='ltr'><strong>in</strong></span> <span class='ocrx_word' id='word_1_270' title='bbox 1883 1775 1946 1810; x_wconf 88' lang='lat' dir='ltr'><strong>di-</strong></span> 
     </span>
    </p>
   </div>
   <div class='ocr_carea' id='block_1_6' title="bbox 111 1830 1955 3530">
    <p class='ocr_par' dir='ltr' id='par_1_6' title="bbox 111 1830 1955 3530">
     <span class='ocr_line' id='line_1_29' title="bbox 111 1830 1946 1882; baseline -0.005 -8"><span class='ocrx_word' id='word_1_271' title='bbox 111 1838 246 1874; x_wconf 75' lang='lat' dir='ltr'><strong>versis</strong></span> <span class='ocrx_word' id='word_1_272' title='bbox 276 1837 426 1873; x_wconf 86' lang='lat' dir='ltr'><strong>morbis</strong></span> <span class='ocrx_word' id='word_1_273' title='bbox 458 1846 560 1872; x_wconf 83' lang='lat' dir='ltr'><strong>usus</strong></span> <span class='ocrx_word' id='word_1_274' title='bbox 572 1864 581 1882; x_wconf 97' lang='lat'><strong>,</strong></span> <span class='ocrx_word' id='word_1_275' title='bbox 613 1836 802 1872; x_wconf 63' lang='lat' dir='ltr'><strong>virtutem</strong></span> <span class='ocrx_word' id='word_1_276' title='bbox 835 1835 1152 1879; x_wconf 85' lang='lat' dir='ltr'><strong>diaphoreticam</strong></span> <span class='ocrx_word' id='word_1_277' title='bbox 1183 1835 1329 1871; x_wconf 85' lang='lat' dir='ltr'><strong>medici</strong></span> <span class='ocrx_word' id='word_1_278' title='bbox 1350 1837 1534 1871; x_wconf 86' lang='lat' dir='ltr'><strong>laudant.</strong></span> <span class='ocrx_word' id='word_1_279' title='bbox 1594 1831 1771 1879; x_wconf 67' lang='lat' dir='ltr'><strong>Lz&#39;ppe‘ae</strong></span> <span class='ocrx_word' id='word_1_280' title='bbox 1795 1830 1946 1866; x_wconf 72' lang='lat' dir='ltr'><strong>citrio-</strong></span> 
     </span>
     <span class='ocr_line' id='line_1_30' title="bbox 112 1887 1945 1939; baseline -0.003 -10"><span class='ocrx_word' id='word_1_281' title='bbox 112 1892 245 1929; x_wconf 82' lang='lat' dir='ltr'><strong>dorae</strong></span> <span class='ocrx_word' id='word_1_282' title='bbox 267 1895 419 1930; x_wconf 89' lang='lat' dir='ltr'><strong>Kunth.</strong></span> <span class='ocrx_word' id='word_1_283' title='bbox 446 1893 671 1937; x_wconf 76' lang='lat' dir='ltr'><strong>[Aloysiae</strong></span> <span class='ocrx_word' id='word_1_284' title='bbox 693 1892 937 1928; x_wconf 88' lang='lat' dir='ltr'><strong>citriodorae</strong></span> <span class='ocrx_word' id='word_1_285' title='bbox 959 1891 1141 1939; x_wconf 54' lang='lat' dir='ltr'><strong>ortega),</strong></span> <span class='ocrx_word' id='word_1_286' title='bbox 1173 1892 1334 1928; x_wconf 86' lang='lat' dir='ltr'><strong>fruticis</strong></span> <span class='ocrx_word' id='word_1_287' title='bbox 1352 1891 1544 1939; x_wconf 85' lang='lat' dir='ltr'><strong>peruani,</strong></span> <span class='ocrx_word' id='word_1_288' title='bbox 1577 1891 1620 1927; x_wconf 89' lang='lat' dir='ltr'><strong>in</strong></span> <span class='ocrx_word' id='word_1_289' title='bbox 1642 1887 1776 1926; x_wconf 80' lang='lat' dir='ltr'><strong>hortis</strong></span> <span class='ocrx_word' id='word_1_290' title='bbox 1793 1888 1945 1925; x_wconf 84' lang='lat' dir='ltr'><strong>nostris</strong></span> 
     </span>
     <span class='ocr_line' id='line_1_31' title="bbox 113 1947 1946 1996; baseline -0.003 -9"><span class='ocrx_word' id='word_1_291' title='bbox 113 1951 384 1996; x_wconf 86' lang='lat' dir='ltr'><strong>hospitantis,</strong></span> <span class='ocrx_word' id='word_1_292' title='bbox 418 1951 518 1986; x_wconf 90' lang='lat' dir='ltr'><strong>folia</strong></span> <span class='ocrx_word' id='word_1_293' title='bbox 542 1950 735 1986; x_wconf 81' lang='lat' dir='ltr'><strong>aromatis</strong></span> <span class='ocrx_word' id='word_1_294' title='bbox 759 1950 966 1985; x_wconf 83' lang='lat' dir='ltr'><strong>suavitate</strong></span> <span class='ocrx_word' id='word_1_295' title='bbox 987 1950 1338 1995; x_wconf 84' lang='lat' dir='ltr'><strong>commendantur,</strong></span> <span class='ocrx_word' id='word_1_296' title='bbox 1371 1949 1494 1984; x_wconf 89' lang='lat' dir='ltr'><strong>etiam</strong></span> <span class='ocrx_word' id='word_1_297' title='bbox 1520 1958 1545 1984; x_wconf 89' lang='lat' dir='ltr'><strong>a</strong></span> <span class='ocrx_word' id='word_1_298' title='bbox 1567 1948 1737 1984; x_wconf 86' lang='lat' dir='ltr'><strong>medicis</strong></span> <span class='ocrx_word' id='word_1_299' title='bbox 1759 1947 1864 1982; x_wconf 87' lang='lat' dir='ltr'><strong>inter</strong></span> <span class='ocrx_word' id='word_1_300' title='bbox 1880 1955 1946 1981; x_wconf 86' lang='lat' dir='ltr'><strong>re-</strong></span> 
     </span>
     <span class='ocr_line' id='line_1_32' title="bbox 112 2002 1946 2051; baseline -0.005 -5"><span class='ocrx_word' id='word_1_301' title='bbox 112 2008 248 2046; x_wconf 88' lang='lat' dir='ltr'><strong>media</strong></span> <span class='ocrx_word' id='word_1_302' title='bbox 263 2007 521 2044; x_wconf 79' lang='lat' dir='ltr'><strong>stimulanti-a</strong></span> <span class='ocrx_word' id='word_1_303' title='bbox 535 2006 723 2043; x_wconf 83' lang='lat' dir='ltr'><strong>volatilia</strong></span> <span class='ocrx_word' id='word_1_304' title='bbox 740 2006 934 2042; x_wconf 85' lang='lat' dir='ltr'><strong>admissa.</strong></span> <span class='ocrx_word' id='word_1_305' title='bbox 966 2002 1209 2051; x_wconf 62' lang='lat' dir='ltr'><strong>mmmm,</strong></span> <span class='ocrx_word' id='word_1_306' title='bbox 1233 2006 1345 2041; x_wconf 82' lang='lat' dir='ltr'><strong>vasti</strong></span> <span class='ocrx_word' id='word_1_307' title='bbox 1361 2006 1471 2048; x_wconf 87' lang='lat' dir='ltr'><strong>apud</strong></span> <span class='ocrx_word' id='word_1_308' title='bbox 1484 2005 1751 2041; x_wconf 85' lang='lat' dir='ltr'><strong>Americanos</strong></span> <span class='ocrx_word' id='word_1_309' title='bbox 1768 2002 1946 2051; x_wconf 83' lang='lat' dir='ltr'><strong>generis,</strong></span> 
     </span>
     <span class='ocr_line' id='line_1_33' title="bbox 113 2061 1948 2109; baseline -0.003 -7"><span class='ocrx_word' id='word_1_310' title='bbox 113 2065 274 2109; x_wconf 87' lang='lat' dir='ltr'><strong>species</strong></span> <span class='ocrx_word' id='word_1_311' title='bbox 298 2063 498 2107; x_wconf 82' lang='lat' dir='ltr'><strong>plurimae</strong></span> <span class='ocrx_word' id='word_1_312' title='bbox 521 2066 568 2099; x_wconf 90' lang='lat' dir='ltr'><strong>ob</strong></span> <span class='ocrx_word' id='word_1_313' title='bbox 593 2063 788 2099; x_wconf 84' lang='lat' dir='ltr'><strong>aromatis</strong></span> <span class='ocrx_word' id='word_1_314' title='bbox 813 2063 1019 2107; x_wconf 85' lang='lat' dir='ltr'><strong>egregiam</strong></span> <span class='ocrx_word' id='word_1_315' title='bbox 1034 2063 1225 2099; x_wconf 86' lang='lat' dir='ltr'><strong>virtutem</strong></span> <span class='ocrx_word' id='word_1_316' title='bbox 1243 2062 1432 2099; x_wconf 89' lang='lat' dir='ltr'><strong>foliorum</strong></span> <span class='ocrx_word' id='word_1_317' title='bbox 1448 2064 1586 2098; x_wconf 77' lang='lat' dir='ltr'><strong>&#39;rheae</strong></span> <span class='ocrx_word' id='word_1_318' title='bbox 1600 2064 1689 2098; x_wconf 89' lang='lat' dir='ltr'><strong>loco</strong></span> <span class='ocrx_word' id='word_1_319' title='bbox 1704 2061 1948 2097; x_wconf 84' lang='lat' dir='ltr'><strong>adhibentur</strong></span> 
     </span>
     <span class='ocr_line' id='line_1_34' title="bbox 116 2115 1947 2158; baseline -0.005 0"><span class='ocrx_word' id='word_1_320' title='bbox 116 2125 155 2158; x_wconf 89' lang='lat' dir='ltr'><strong>et</strong></span> <span class='ocrx_word' id='word_1_321' title='bbox 178 2121 433 2157; x_wconf 85' lang='lat' dir='ltr'><strong>medicandis</strong></span> <span class='ocrx_word' id='word_1_322' title='bbox 457 2119 619 2157; x_wconf 87' lang='lat' dir='ltr'><strong>balneis</strong></span> <span class='ocrx_word' id='word_1_323' title='bbox 643 2119 888 2156; x_wconf 86' lang='lat' dir='ltr'><strong>inserviunt.</strong></span> <span class='ocrx_word' id='word_1_324' title='bbox 946 2120 1129 2155; x_wconf 90' lang='lat' dir='ltr'><strong>Primum</strong></span> <span class='ocrx_word' id='word_1_325' title='bbox 1148 2119 1254 2155; x_wconf 89' lang='lat' dir='ltr'><strong>inter</strong></span> <span class='ocrx_word' id='word_1_326' title='bbox 1276 2121 1351 2156; x_wconf 86' lang='lat' dir='ltr'><strong>has</strong></span> <span class='ocrx_word' id='word_1_327' title='bbox 1367 2122 1501 2155; x_wconf 92' lang='lat' dir='ltr'><strong>locum</strong></span> <span class='ocrx_word' id='word_1_328' title='bbox 1520 2119 1698 2154; x_wconf 90' lang='lat' dir='ltr'><strong>tribuunt</strong></span> <span class='ocrx_word' id='word_1_329' title='bbox 1719 2115 1947 2151; x_wconf 77' lang='lat' dir='ltr'><strong>Lcmtanae</strong></span> 
     </span>
     <span class='ocr_line' id='line_1_35' title="bbox 113 2173 1948 2221; baseline -0.003 -8"><span class='ocrx_word' id='word_1_330' title='bbox 113 2175 310 2213; x_wconf 78' lang='lat' dir='ltr'><strong>Pseudo·</strong></span> <span class='ocrx_word' id='word_1_331' title='bbox 324 2175 441 2212; x_wconf 75' lang='lat' dir='ltr'><strong>&#39;l&#39;lcea</strong></span> <span class='ocrx_word' id='word_1_332' title='bbox 457 2180 515 2213; x_wconf 87' lang='lat' dir='ltr'><strong>St.</strong></span> <span class='ocrx_word' id='word_1_333' title='bbox 533 2177 615 2213; x_wconf 91' lang='grc' dir='ltr'>Η11.</span> <span class='ocrx_word' id='word_1_334' title='bbox 633 2175 781 2221; x_wconf 84' lang='lat' dir='ltr'><strong>[vulgo</strong></span> <span class='ocrx_word' id='word_1_335' title='bbox 800 2175 966 2220; x_wconf 69' lang='lat' dir='ltr'><strong>capitae</strong></span> <span class='ocrx_word' id='word_1_336' title='bbox 984 2178 1032 2212; x_wconf 90' lang='lat' dir='ltr'><strong>do</strong></span> <span class='ocrx_word' id='word_1_337' title='bbox 1054 2180 1177 2212; x_wconf 87' lang='lat' dir='ltr'><strong>matto</strong></span> <span class='ocrx_word' id='word_1_338' title='bbox 1201 2186 1234 2212; x_wconf 90' lang='lat' dir='ltr'><strong>s.</strong></span> <span class='ocrx_word' id='word_1_339' title='bbox 1253 2177 1340 2213; x_wconf 84' lang='lat' dir='ltr'><strong>Cha</strong></span> <span class='ocrx_word' id='word_1_340' title='bbox 1362 2178 1411 2212; x_wconf 89' lang='lat' dir='ltr'><strong>de</strong></span> <span class='ocrx_word' id='word_1_341' title='bbox 1428 2175 1657 2221; x_wconf 79' lang='lat' dir='ltr'><strong>pedreste),</strong></span> <span class='ocrx_word' id='word_1_342' title='bbox 1691 2175 1884 2210; x_wconf 88' lang='lat' dir='ltr'><strong>fruticulo</strong></span> <span class='ocrx_word' id='word_1_343' title='bbox 1905 2173 1948 2208; x_wconf 88' lang='lat' dir='ltr'><strong>in</strong></span> 
     </span>
     <span class='ocr_line' id='line_1_36' title="bbox 114 2230 1947 2279; baseline -0.003 -7"><span class='ocrx_word' id='word_1_344' title='bbox 114 2235 284 2279; x_wconf 87' lang='lat' dir='ltr'><strong>rupibus</strong></span> <span class='ocrx_word' id='word_1_345' title='bbox 306 2234 517 2278; x_wconf 83' lang='lat' dir='ltr'><strong>quarzosis</strong></span> <span class='ocrx_word' id='word_1_346' title='bbox 534 2237 572 2270; x_wconf 86' lang='lat' dir='ltr'><strong>et</strong></span> <span class='ocrx_word' id='word_1_347' title='bbox 588 2233 899 2271; x_wconf 87' lang='lat' dir='ltr'><strong>adamantiferis</strong></span> <span class='ocrx_word' id='word_1_348' title='bbox 911 2233 1120 2270; x_wconf 88' lang='lat' dir='ltr'><strong>Brasiliae</strong></span> <span class='ocrx_word' id='word_1_349' title='bbox 1137 2234 1339 2269; x_wconf 88' lang='lat' dir='ltr'><strong>nascenti.</strong></span> <span class='ocrx_word' id='word_1_350' title='bbox 1391 2230 1621 2267; x_wconf 81' lang='lat' dir='ltr'><strong>Lantanae</strong></span> <span class='ocrx_word' id='word_1_351' title='bbox 1637 2240 1806 2266; x_wconf 79' lang='lat' dir='ltr'><strong>annuae</strong></span> <span class='ocrx_word' id='word_1_352' title='bbox 1826 2230 1947 2266; x_wconf 84' lang='lat' dir='ltr'><strong>Linn.</strong></span> 
     </span>
     <span class='ocr_line' id='line_1_37' title="bbox 116 2287 1948 2340; baseline -0.003 -12"><span class='ocrx_word' id='word_1_353' title='bbox 116 2297 155 2330; x_wconf 87' lang='lat' dir='ltr'><strong>et</strong></span> <span class='ocrx_word' id='word_1_354' title='bbox 178 2289 408 2325; x_wconf 75' lang='lat' dir='ltr'><strong>Lancanae</strong></span> <span class='ocrx_word' id='word_1_355' title='bbox 441 2289 637 2340; x_wconf 74' lang='lat' dir='ltr'><strong>trifoliae</strong></span> <span class='ocrx_word' id='word_1_356' title='bbox 667 2289 785 2326; x_wconf 90' lang='lat' dir='ltr'><strong>Linn.</strong></span> <span class='ocrx_word' id='word_1_357' title='bbox 811 2292 966 2333; x_wconf 85' lang='lat' dir='ltr'><strong>drupae</strong></span> <span class='ocrx_word' id='word_1_358' title='bbox 997 2293 1234 2326; x_wconf 85' lang='lat' dir='ltr'><strong>esculentae</strong></span> <span class='ocrx_word' id='word_1_359' title='bbox 1264 2294 1371 2326; x_wconf 89' lang='lat' dir='ltr'><strong>sunt.</strong></span> <span class='ocrx_word' id='word_1_360' title='bbox 1443 2287 1717 2335; x_wconf 74' lang='lat' dir='ltr'><strong>Callz’carpae</strong></span> <span class='ocrx_word' id='word_1_361' title='bbox 1746 2287 1948 2324; x_wconf 83' lang='lat' dir='ltr'><strong>asiaticae</strong></span> 
     </span>
     <span class='ocr_line' id='line_1_38' title="bbox 116 2343 1948 2394; baseline -0.004 -10"><span class='ocrx_word' id='word_1_362' title='bbox 116 2349 265 2386; x_wconf 76' lang='lat' dir='ltr'><strong>cortIce</strong></span> <span class='ocrx_word' id='word_1_363' title='bbox 281 2348 503 2384; x_wconf 88' lang='lat' dir='ltr'><strong>aromatico</strong></span> <span class='ocrx_word' id='word_1_364' title='bbox 520 2356 656 2383; x_wconf 88' lang='lat' dir='ltr'><strong>amaro</strong></span> <span class='ocrx_word' id='word_1_365' title='bbox 672 2349 908 2394; x_wconf 83' lang='lat' dir='ltr'><strong>excellunt,</strong></span> <span class='ocrx_word' id='word_1_366' title='bbox 933 2347 1036 2383; x_wconf 89' lang='lat' dir='ltr'><strong>folia</strong></span> <span class='ocrx_word' id='word_1_367' title='bbox 1049 2347 1202 2383; x_wconf 91' lang='lat' dir='ltr'><strong>virtute</strong></span> <span class='ocrx_word' id='word_1_368' title='bbox 1218 2347 1416 2382; x_wconf 87' lang='lat' dir='ltr'><strong>diuretica</strong></span> <span class='ocrx_word' id='word_1_369' title='bbox 1432 2348 1625 2392; x_wconf 87' lang='lat' dir='ltr'><strong>gaudent.</strong></span> <span class='ocrx_word' id='word_1_370' title='bbox 1675 2343 1948 2389; x_wconf 76' lang='lat' dir='ltr'><strong>Callz‘carpae</strong></span> 
     </span>
     <span class='ocr_line' id='line_1_39' title="bbox 117 2403 1951 2450; baseline -0.002 -10"><span class='ocrx_word' id='word_1_371' title='bbox 117 2405 391 2440; x_wconf 76' lang='lat' dir='ltr'><strong>americamte</strong></span> <span class='ocrx_word' id='word_1_372' title='bbox 407 2404 527 2440; x_wconf 83' lang='lat' dir='ltr'><strong>Linn.</strong></span> <span class='ocrx_word' id='word_1_373' title='bbox 545 2404 646 2440; x_wconf 88' lang='lat' dir='ltr'><strong>folia</strong></span> <span class='ocrx_word' id='word_1_374' title='bbox 661 2403 703 2439; x_wconf 89' lang='lat' dir='ltr'><strong>in</strong></span> <span class='ocrx_word' id='word_1_375' title='bbox 721 2404 895 2440; x_wconf 84' lang='lat' dir='ltr'><strong>officinis</strong></span> <span class='ocrx_word' id='word_1_376' title='bbox 913 2404 1237 2440; x_wconf 87' lang='lat' dir='ltr'><strong>transatlanticis</strong></span> <span class='ocrx_word' id='word_1_377' title='bbox 1254 2407 1415 2446; x_wconf 89' lang='lat' dir='ltr'><strong>praesto</strong></span> <span class='ocrx_word' id='word_1_378' title='bbox 1431 2408 1547 2450; x_wconf 89' lang='lat' dir='ltr'><strong>sunt,</strong></span> <span class='ocrx_word' id='word_1_379' title='bbox 1577 2403 1693 2439; x_wconf 89' lang='lat' dir='ltr'><strong>multi</strong></span> <span class='ocrx_word' id='word_1_380' title='bbox 1711 2403 1751 2437; x_wconf 89' lang='lat' dir='ltr'><strong>in</strong></span> <span class='ocrx_word' id='word_1_381' title='bbox 1768 2403 1951 2445; x_wconf 77' lang='lat' dir='ltr'><strong>hydrope</strong></span> 
     </span>
     <span class='ocr_line' id='line_1_40' title="bbox 116 2455 1948 2508; baseline -0.003 -10"><span class='ocrx_word' id='word_1_382' title='bbox 116 2463 301 2498; x_wconf 90' lang='lat' dir='ltr'><strong>curanda</strong></span> <span class='ocrx_word' id='word_1_383' title='bbox 322 2472 439 2499; x_wconf 90' lang='lat' dir='ltr'><strong>usus.</strong></span> <span class='ocrx_word' id='word_1_384' title='bbox 483 2455 713 2508; x_wconf 66' lang='lat' dir='ltr'><strong>Aegae‘plm&#39;la</strong></span> <span class='ocrx_word' id='word_1_385' title='bbox 736 2459 948 2495; x_wconf 74' lang='lat' dir='ltr'><strong>salutaris</strong></span> <span class='ocrx_word' id='word_1_386' title='bbox 964 2462 1111 2497; x_wconf 85' lang='lat' dir='ltr'><strong>Humb.</strong></span> <span class='ocrx_word' id='word_1_387' title='bbox 1130 2460 1500 2504; x_wconf 83' lang='lat' dir='ltr'><strong>[Contraculevra]</strong></span> <span class='ocrx_word' id='word_1_388' title='bbox 1517 2461 1625 2496; x_wconf 88' lang='lat' dir='ltr'><strong>inter</strong></span> <span class='ocrx_word' id='word_1_389' title='bbox 1640 2459 1948 2496; x_wconf 86' lang='lat' dir='ltr'><strong>Orinocensium</strong></span> 
     </span>
     <span class='ocr_line' id='line_1_41' title="bbox 117 2515 1949 2562; baseline -0.003 -7"><span class='ocrx_word' id='word_1_390' title='bbox 117 2519 456 2562; x_wconf 82' lang='lat' dir='ltr'><strong>alexipharmaca</strong></span> <span class='ocrx_word' id='word_1_391' title='bbox 479 2518 667 2554; x_wconf 85' lang='lat' dir='ltr'><strong>celebris.</strong></span> <span class='ocrx_word' id='word_1_392' title='bbox 725 2519 876 2553; x_wconf 84' lang='lat' dir='ltr'><strong>Planta</strong></span> <span class='ocrx_word' id='word_1_393' title='bbox 898 2520 1058 2553; x_wconf 86' lang='lat' dir='ltr'><strong>odorem</strong></span> <span class='ocrx_word' id='word_1_394' title='bbox 1081 2526 1332 2553; x_wconf 89' lang='lat' dir='ltr'><strong>nauseosum</strong></span> <span class='ocrx_word' id='word_1_395' title='bbox 1356 2517 1500 2553; x_wconf 88' lang='lat' dir='ltr'><strong>fundit.</strong></span> <span class='ocrx_word' id='word_1_396' title='bbox 1559 2518 1777 2552; x_wconf 89' lang='lat' dir='ltr'><strong>Decoctum</strong></span> <span class='ocrx_word' id='word_1_397' title='bbox 1795 2515 1949 2551; x_wconf 79' lang='lat' dir='ltr'><strong>radIcis</strong></span> 
     </span>
     <span class='ocr_line' id='line_1_42' title="bbox 116 2573 1950 2618; baseline -0.002 -7"><span class='ocrx_word' id='word_1_398' title='bbox 116 2580 156 2612; x_wconf 88' lang='lat' dir='ltr'><strong>et</strong></span> <span class='ocrx_word' id='word_1_399' title='bbox 179 2578 427 2611; x_wconf 87' lang='lat' dir='ltr'><strong>ramulorum</strong></span> <span class='ocrx_word' id='word_1_400' title='bbox 451 2578 592 2610; x_wconf 87' lang='lat' dir='ltr'><strong>contra</strong></span> <span class='ocrx_word' id='word_1_401' title='bbox 615 2575 864 2617; x_wconf 86' lang='lat' dir='ltr'><strong>serpentium</strong></span> <span class='ocrx_word' id='word_1_402' title='bbox 885 2578 1178 2611; x_wconf 86' lang='lat' dir='ltr'><strong>venenatorum</strong></span> <span class='ocrx_word' id='word_1_403' title='bbox 1200 2583 1360 2609; x_wconf 91' lang='lat' dir='ltr'><strong>morsus</strong></span> <span class='ocrx_word' id='word_1_404' title='bbox 1384 2573 1541 2609; x_wconf 90' lang='lat' dir='ltr'><strong>interne</strong></span> <span class='ocrx_word' id='word_1_405' title='bbox 1558 2574 1770 2618; x_wconf 89' lang='lat' dir='ltr'><strong>adhibent,</strong></span> <span class='ocrx_word' id='word_1_406' title='bbox 1803 2573 1950 2608; x_wconf 87' lang='lat' dir='ltr'><strong>simul-</strong></span> 
     </span>
     <span class='ocr_line' id='line_1_43' title="bbox 120 2629 1950 2675; baseline -0.002 -8"><span class='ocrx_word' id='word_1_407' title='bbox 120 2641 197 2675; x_wconf 88' lang='lat' dir='ltr'><strong>que</strong></span> <span class='ocrx_word' id='word_1_408' title='bbox 221 2632 321 2667; x_wconf 89' lang='lat' dir='ltr'><strong>folia</strong></span> <span class='ocrx_word' id='word_1_409' title='bbox 343 2640 489 2668; x_wconf 89' lang='lat' dir='ltr'><strong>mansa</strong></span> <span class='ocrx_word' id='word_1_410' title='bbox 506 2631 749 2667; x_wconf 70' lang='lat' dir='ltr'><strong>vulneribus</strong></span> <span class='ocrx_word' id='word_1_411' title='bbox 766 2630 987 2674; x_wconf 90' lang='lat' dir='ltr'><strong>imponunt.</strong></span> <span class='ocrx_word' id='word_1_412' title='bbox 1047 2629 1260 2665; x_wconf 79' lang='lat' dir='ltr'><strong>Prenmae</strong></span> <span class='ocrx_word' id='word_1_413' title='bbox 1277 2630 1439 2667; x_wconf 88' lang='lat' dir='ltr'><strong>indicae</strong></span> <span class='ocrx_word' id='word_1_414' title='bbox 1454 2640 1536 2667; x_wconf 87' lang='lat' dir='ltr'><strong>nou</strong></span> <span class='ocrx_word' id='word_1_415' title='bbox 1552 2631 1745 2675; x_wconf 88' lang='lat' dir='ltr'><strong>exiguam</strong></span> <span class='ocrx_word' id='word_1_416' title='bbox 1761 2629 1840 2664; x_wconf 89' lang='lat' dir='ltr'><strong>olei</strong></span> <span class='ocrx_word' id='word_1_417' title='bbox 1857 2637 1950 2664; x_wconf 87' lang='lat' dir='ltr'><strong>aro-</strong></span> 
     </span>
     <span class='ocr_line' id='line_1_44' title="bbox 118 2685 1950 2735; baseline -0.002 -11"><span class='ocrx_word' id='word_1_418' title='bbox 118 2689 258 2725; x_wconf 87' lang='lat' dir='ltr'><strong>matici</strong></span> <span class='ocrx_word' id='word_1_419' title='bbox 275 2689 496 2732; x_wconf 87' lang='lat' dir='ltr'><strong>portionem</strong></span> <span class='ocrx_word' id='word_1_420' title='bbox 512 2686 620 2723; x_wconf 89' lang='lat' dir='ltr'><strong>intra</strong></span> <span class='ocrx_word' id='word_1_421' title='bbox 637 2687 848 2735; x_wconf 89' lang='lat' dir='ltr'><strong>corticem,</strong></span> <span class='ocrx_word' id='word_1_422' title='bbox 873 2688 1072 2731; x_wconf 87' lang='lat' dir='ltr'><strong>imprimis</strong></span> <span class='ocrx_word' id='word_1_423' title='bbox 1089 2687 1262 2735; x_wconf 88' lang='lat' dir='ltr'><strong>radicis,</strong></span> <span class='ocrx_word' id='word_1_424' title='bbox 1288 2690 1521 2735; x_wconf 86' lang='lat' dir='ltr'><strong>concelant,</strong></span> <span class='ocrx_word' id='word_1_425' title='bbox 1551 2688 1655 2730; x_wconf 82' lang='lat' dir='ltr'><strong>quod</strong></span> <span class='ocrx_word' id='word_1_426' title='bbox 1673 2685 1950 2722; x_wconf 84' lang='lat' dir='ltr'><strong>destillatione</strong></span> 
     </span>
     <span class='ocr_line' id='line_1_45' title="bbox 118 2742 1950 2788; baseline -0.004 -6"><span class='ocrx_word' id='word_1_427' title='bbox 118 2745 300 2782; x_wconf 86' lang='lat' dir='ltr'><strong>elicitum</strong></span> <span class='ocrx_word' id='word_1_428' title='bbox 325 2745 431 2781; x_wconf 90' lang='lat' dir='ltr'><strong>inter</strong></span> <span class='ocrx_word' id='word_1_429' title='bbox 453 2745 680 2780; x_wconf 87' lang='lat' dir='ltr'><strong>medicinas</strong></span> <span class='ocrx_word' id='word_1_430' title='bbox 697 2743 1065 2780; x_wconf 80' lang='lat' dir='ltr'><strong>nervino-tonicas</strong></span> <span class='ocrx_word' id='word_1_431' title='bbox 1081 2746 1264 2780; x_wconf 86' lang='lat' dir='ltr'><strong>habetur.</strong></span> <span class='ocrx_word' id='word_1_432' title='bbox 1319 2744 1438 2779; x_wconf 84' lang='lat' dir='ltr'><strong>Folia</strong></span> <span class='ocrx_word' id='word_1_433' title='bbox 1454 2743 1570 2788; x_wconf 87' lang='lat' dir='ltr'><strong>gravi</strong></span> <span class='ocrx_word' id='word_1_434' title='bbox 1588 2742 1814 2779; x_wconf 81' lang='lat' dir='ltr'><strong>Vulvariae</strong></span> <span class='ocrx_word' id='word_1_435' title='bbox 1831 2742 1950 2777; x_wconf 90' lang='lat' dir='ltr'><strong>odore</strong></span> 
     </span>
     <span class='ocr_line' id='line_1_46' title="bbox 116 2795 1951 2844; baseline -0.004 -6"><span class='ocrx_word' id='word_1_436' title='bbox 116 2802 302 2840; x_wconf 86' lang='lat' dir='ltr'><strong>infamia.</strong></span> <span class='ocrx_word' id='word_1_437' title='bbox 362 2799 570 2835; x_wconf 75' lang='lat' dir='ltr'><strong>Prenmae</strong></span> <span class='ocrx_word' id='word_1_438' title='bbox 588 2799 830 2835; x_wconf 76' lang='lat' dir='ltr'><strong>esculentae</strong></span> <span class='ocrx_word' id='word_1_439' title='bbox 846 2803 975 2836; x_wconf 85' lang='lat' dir='ltr'><strong>Roxb.</strong></span> <span class='ocrx_word' id='word_1_440' title='bbox 993 2802 1144 2844; x_wconf 85' lang='lat' dir='ltr'><strong>drupae</strong></span> <span class='ocrx_word' id='word_1_441' title='bbox 1161 2800 1302 2842; x_wconf 85' lang='lat' dir='ltr'><strong>sapide</strong></span> <span class='ocrx_word' id='word_1_442' title='bbox 1319 2800 1480 2836; x_wconf 88' lang='lat' dir='ltr'><strong>acidulo</strong></span> <span class='ocrx_word' id='word_1_443' title='bbox 1492 2801 1675 2835; x_wconf 88' lang='lat' dir='ltr'><strong>-dulces.</strong></span> <span class='ocrx_word' id='word_1_444' title='bbox 1724 2795 1951 2832; x_wconf 79' lang='lat' dir='ltr'><strong>Cleroden-</strong></span> 
     </span>
     <span class='ocr_line' id='line_1_47' title="bbox 117 2854 1953 2905; baseline -0.002 -12"><span class='ocrx_word' id='word_1_445' title='bbox 117 2856 206 2903; x_wconf 76' lang='lat' dir='ltr'><strong>dri,</strong></span> <span class='ocrx_word' id='word_1_446' title='bbox 237 2859 400 2904; x_wconf 84' lang='lat' dir='ltr'><strong>generis</strong></span> <span class='ocrx_word' id='word_1_447' title='bbox 423 2857 604 2905; x_wconf 90' lang='lat' dir='ltr'><strong>pulchri,</strong></span> <span class='ocrx_word' id='word_1_448' title='bbox 636 2858 741 2893; x_wconf 84' lang='lat' dir='ltr'><strong>inter</strong></span> <span class='ocrx_word' id='word_1_449' title='bbox 756 2859 944 2893; x_wconf 88' lang='lat' dir='ltr'><strong>Indorum</strong></span> <span class='ocrx_word' id='word_1_450' title='bbox 961 2858 1173 2901; x_wconf 89' lang='lat' dir='ltr'><strong>sortilegia</strong></span> <span class='ocrx_word' id='word_1_451' title='bbox 1190 2857 1364 2899; x_wconf 83' lang='lat' dir='ltr'><strong>celebris</strong></span> <span class='ocrx_word' id='word_1_452' title='bbox 1381 2857 1539 2900; x_wconf 81' lang='lat' dir='ltr'><strong>species</strong></span> <span class='ocrx_word' id='word_1_453' title='bbox 1557 2858 1786 2899; x_wconf 87' lang='lat' dir='ltr'><strong>complures</strong></span> <span class='ocrx_word' id='word_1_454' title='bbox 1803 2854 1953 2890; x_wconf 79' lang='lat' dir='ltr'><strong>virtute</strong></span> 
     </span>
     <span class='ocr_line' id='line_1_48' title="bbox 119 2913 1950 2962; baseline -0.004 -10"><span class='ocrx_word' id='word_1_455' title='bbox 119 2915 298 2962; x_wconf 86' lang='lat' dir='ltr'><strong>medica,</strong></span> <span class='ocrx_word' id='word_1_456' title='bbox 328 2917 553 2952; x_wconf 87' lang='lat' dir='ltr'><strong>nonnullae</strong></span> <span class='ocrx_word' id='word_1_457' title='bbox 573 2914 824 2950; x_wconf 84' lang='lat' dir='ltr'><strong>suavissimo</strong></span> <span class='ocrx_word' id='word_1_458' title='bbox 848 2914 986 2950; x_wconf 83' lang='lat' dir='ltr'><strong>florum</strong></span> <span class='ocrx_word' id='word_1_459' title='bbox 1004 2915 1123 2949; x_wconf 86' lang='lat' dir='ltr'><strong>odore</strong></span> <span class='ocrx_word' id='word_1_460' title='bbox 1140 2915 1482 2949; x_wconf 87' lang='lat' dir='ltr'><strong>commendantur.</strong></span> <span class='ocrx_word' id='word_1_461' title='bbox 1540 2913 1678 2948; x_wconf 81' lang='lat' dir='ltr'><strong>Radix</strong></span> <span class='ocrx_word' id='word_1_462' title='bbox 1694 2914 1950 2957; x_wconf 83' lang='lat' dir='ltr'><strong>graveolens,</strong></span> 
     </span>
     <span class='ocr_line' id='line_1_49' title="bbox 119 2967 1952 3019; baseline -0.003 -11"><span class='ocrx_word' id='word_1_463' title='bbox 119 2973 543 3019; x_wconf 87' lang='lat' dir='ltr'><strong>aromatico-amara,</strong></span> <span class='ocrx_word' id='word_1_464' title='bbox 576 2975 613 3007; x_wconf 90' lang='lat' dir='ltr'><strong>et</strong></span> <span class='ocrx_word' id='word_1_465' title='bbox 631 2971 732 3007; x_wconf 87' lang='lat' dir='ltr'><strong>folia</strong></span> <span class='ocrx_word' id='word_1_466' title='bbox 748 2971 1039 3007; x_wconf 84' lang='lat' dir='ltr'><strong>amaro-acria</strong></span> <span class='ocrx_word' id='word_1_467' title='bbox 1055 2971 1098 3007; x_wconf 91' lang='lat' dir='ltr'><strong>in</strong></span> <span class='ocrx_word' id='word_1_468' title='bbox 1115 2970 1327 3007; x_wconf 86' lang='lat' dir='ltr'><strong>cachexiis</strong></span> <span class='ocrx_word' id='word_1_469' title='bbox 1345 2969 1628 3014; x_wconf 84' lang='lat' dir='ltr'><strong>scrophulosis</strong></span> <span class='ocrx_word' id='word_1_470' title='bbox 1645 2974 1682 3005; x_wconf 88' lang='lat' dir='ltr'><strong>et</strong></span> <span class='ocrx_word' id='word_1_471' title='bbox 1699 2967 1952 3013; x_wconf 82' lang='lat' dir='ltr'><strong>syphiliticis</strong></span> 
     </span>
     <span class='ocr_line' id='line_1_50' title="bbox 122 3025 1951 3076; baseline -0.003 -11"><span class='ocrx_word' id='word_1_472' title='bbox 122 3028 305 3065; x_wconf 84' lang='lat' dir='ltr'><strong>adhiberi</strong></span> <span class='ocrx_word' id='word_1_473' title='bbox 321 3031 467 3064; x_wconf 89' lang='lat' dir='ltr'><strong>solent.</strong></span> <span class='ocrx_word' id='word_1_474' title='bbox 502 3025 720 3076; x_wconf 72' lang='lat' dir='ltr'><strong>Gmelz&#39;aae</strong></span> <span class='ocrx_word' id='word_1_475' title='bbox 738 3026 914 3062; x_wconf 73' lang='lat' dir='ltr'><strong>villosae</strong></span> <span class='ocrx_word' id='word_1_476' title='bbox 924 3030 1051 3063; x_wconf 87' lang='lat' dir='ltr'><strong>Roxb.</strong></span> <span class='ocrx_word' id='word_1_477' title='bbox 1066 3028 1185 3064; x_wconf 84' lang='lat' dir='ltr'><strong>radix</strong></span> <span class='ocrx_word' id='word_1_478' title='bbox 1202 3028 1538 3070; x_wconf 80' lang='lat' dir='ltr'><strong>alexipharmaca</strong></span> <span class='ocrx_word' id='word_1_479' title='bbox 1554 3030 1592 3062; x_wconf 87' lang='lat' dir='ltr'><strong>et</strong></span> <span class='ocrx_word' id='word_1_480' title='bbox 1608 3026 1816 3070; x_wconf 81' lang='lat' dir='ltr'><strong>febrifuga</strong></span> <span class='ocrx_word' id='word_1_481' title='bbox 1834 3028 1951 3068; x_wconf 82' lang='lat' dir='ltr'><strong>puta-</strong></span> 
     </span>
     <span class='ocr_line' id='line_1_51' title="bbox 119 3082 1950 3131; baseline -0.003 -10"><span class='ocrx_word' id='word_1_482' title='bbox 119 3089 203 3131; x_wconf 88' lang='lat' dir='ltr'><strong>tur,</strong></span> <span class='ocrx_word' id='word_1_483' title='bbox 239 3082 456 3118; x_wconf 73' lang='lat' dir='ltr'><strong>Gmelinae</strong></span> <span class='ocrx_word' id='word_1_484' title='bbox 474 3084 687 3119; x_wconf 75' lang='lat' dir='ltr'><strong>asiaticae</strong></span> <span class='ocrx_word' id='word_1_485' title='bbox 703 3084 822 3120; x_wconf 89' lang='lat' dir='ltr'><strong>Linn.</strong></span> <span class='ocrx_word' id='word_1_486' title='bbox 849 3084 962 3120; x_wconf 89' lang='lat' dir='ltr'><strong>foliis</strong></span> <span class='ocrx_word' id='word_1_487' title='bbox 980 3084 1292 3128; x_wconf 85' lang='lat' dir='ltr'><strong>mucilaginosis</strong></span> <span class='ocrx_word' id='word_1_488' title='bbox 1310 3085 1352 3120; x_wconf 92' lang='lat' dir='ltr'><strong>in</strong></span> <span class='ocrx_word' id='word_1_489' title='bbox 1369 3087 1617 3129; x_wconf 84' lang='lat' dir='ltr'><strong>gonorrhoea</strong></span> <span class='ocrx_word' id='word_1_490' title='bbox 1632 3083 1712 3126; x_wconf 86' lang='lat' dir='ltr'><strong>uti,</strong></span> <span class='ocrx_word' id='word_1_491' title='bbox 1745 3084 1950 3118; x_wconf 88' lang='lat' dir='ltr'><strong>decoctum</strong></span> 
     </span>
     <span class='ocr_line' id='line_1_52' title="bbox 120 3138 1917 3184; baseline -0.003 -6"><span class='ocrx_word' id='word_1_492' title='bbox 120 3141 274 3178; x_wconf 83' lang='lat' dir='ltr'><strong>radicis</strong></span> <span class='ocrx_word' id='word_1_493' title='bbox 293 3138 510 3175; x_wconf 72' lang='lat' dir='ltr'><strong>Gmeliuae</strong></span> <span class='ocrx_word' id='word_1_494' title='bbox 527 3141 736 3176; x_wconf 83' lang='lat' dir='ltr'><strong>arboreae</strong></span> <span class='ocrx_word' id='word_1_495' title='bbox 751 3143 880 3177; x_wconf 83' lang='lat' dir='ltr'><strong>Roxb.</strong></span> <span class='ocrx_word' id='word_1_496' title='bbox 898 3141 1123 3178; x_wconf 86' lang='lat' dir='ltr'><strong>arthriticis</strong></span> <span class='ocrx_word' id='word_1_497' title='bbox 1140 3145 1178 3177; x_wconf 88' lang='lat' dir='ltr'><strong>et</strong></span> <span class='ocrx_word' id='word_1_498' title='bbox 1196 3141 1522 3178; x_wconf 87' lang='lat' dir='ltr'><strong>febricitantibus</strong></span> <span class='ocrx_word' id='word_1_499' title='bbox 1540 3140 1755 3184; x_wconf 82' lang='lat' dir='ltr'><strong>propinare</strong></span> <span class='ocrx_word' id='word_1_500' title='bbox 1772 3141 1917 3175; x_wconf 89' lang='lat' dir='ltr'><strong>solent.</strong></span> 
     </span>
     <span class='ocr_line' id='line_1_53' title="bbox 246 3192 1950 3244; baseline -0.001 -13"><span class='ocrx_word' id='word_1_501' title='bbox 246 3195 286 3231; x_wconf 89' lang='lat' dir='ltr'><em>V</em></span> <span class='ocrx_word' id='word_1_502' title='bbox 283 3197 377 3232; x_wconf 54' lang='lat' dir='ltr'><strong>item·</strong></span> <span class='ocrx_word' id='word_1_503' title='bbox 386 3192 541 3244; x_wconf 79' lang='lat' dir='ltr'><strong>Agnus</strong></span> <span class='ocrx_word' id='word_1_504' title='bbox 557 3201 705 3233; x_wconf 78' lang='lat' dir='ltr'><strong>castus</strong></span> <span class='ocrx_word' id='word_1_505' title='bbox 714 3197 834 3234; x_wconf 78' lang='lat' dir='ltr'><strong>Linn‚</strong></span> <span class='ocrx_word' id='word_1_506' title='bbox 846 3196 995 3243; x_wconf 79' lang='lat' dir='ltr'><strong>[vulgo</strong></span> <span class='ocrx_word' id='word_1_507' title='bbox 1004 3199 1320 3243; x_wconf 73' lang='lat' dir='ltr'><strong>Keusclilamm]</strong></span> <span class='ocrx_word' id='word_1_508' title='bbox 1337 3197 1472 3234; x_wconf 80' lang='lat' dir='ltr'><strong>frutex</strong></span> <span class='ocrx_word' id='word_1_509' title='bbox 1488 3201 1549 3233; x_wconf 84' lang='lat' dir='ltr'><strong>est</strong></span> <span class='ocrx_word' id='word_1_510' title='bbox 1567 3196 1751 3240; x_wconf 80' lang='lat' dir='ltr'><strong>vulgaris</strong></span> <span class='ocrx_word' id='word_1_511' title='bbox 1767 3194 1950 3242; x_wconf 91' lang='lat' dir='ltr'><strong>notitiae,</strong></span> 
     </span>
     <span class='ocr_line' id='line_1_54' title="bbox 119 3253 1952 3302; baseline -0.002 -12"><span class='ocrx_word' id='word_1_512' title='bbox 119 3254 164 3291; x_wconf 88' lang='lat' dir='ltr'><strong>in</strong></span> <span class='ocrx_word' id='word_1_513' title='bbox 177 3255 345 3298; x_wconf 84' lang='lat' dir='ltr'><strong>Europa</strong></span> <span class='ocrx_word' id='word_1_514' title='bbox 361 3254 605 3299; x_wconf 79' lang='lat' dir='ltr'><strong>australiore</strong></span> <span class='ocrx_word' id='word_1_515' title='bbox 621 3259 765 3298; x_wconf 85' lang='lat' dir='ltr'><strong>sponte</strong></span> <span class='ocrx_word' id='word_1_516' title='bbox 782 3264 991 3300; x_wconf 83' lang='lat' dir='ltr'><strong>crescens,</strong></span> <span class='ocrx_word' id='word_1_517' title='bbox 1017 3257 1136 3290; x_wconf 83' lang='lat' dir='ltr'><strong>vetus</strong></span> <span class='ocrx_word' id='word_1_518' title='bbox 1152 3257 1358 3290; x_wconf 87' lang='lat' dir='ltr'><strong>hortorum</strong></span> <span class='ocrx_word' id='word_1_519' title='bbox 1376 3253 1619 3291; x_wconf 85' lang='lat' dir='ltr'><strong>nostratium</strong></span> <span class='ocrx_word' id='word_1_520' title='bbox 1636 3256 1806 3299; x_wconf 88' lang='lat' dir='ltr'><strong>hospes,</strong></span> <span class='ocrx_word' id='word_1_521' title='bbox 1833 3253 1952 3302; x_wconf 62' lang='lat' dir='ltr'><strong>odore</strong></span> 
     </span>
     <span class='ocr_line' id='line_1_55' title="bbox 122 3302 1953 3357; baseline -0.002 -10"><span class='ocrx_word' id='word_1_522' title='bbox 122 3311 344 3348; x_wconf 87' lang='lat' dir='ltr'><strong>aromatico</strong></span> <span class='ocrx_word' id='word_1_523' title='bbox 369 3311 688 3346; x_wconf 83' lang='lat' dir='ltr'><strong>commendatus.</strong></span> <span class='ocrx_word' id='word_1_524' title='bbox 736 3303 898 3357; x_wconf 73' lang='grc' dir='ltr'><em>’Ἀγνος</em></span> <span class='ocrx_word' id='word_1_525' title='bbox 921 3303 1100 3357; x_wconf 79' lang='grc' dir='ltr'><em>(ἀγνειὰ</em></span> <span class='ocrx_word' id='word_1_526' title='bbox 1115 3312 1284 3357; x_wconf 83' lang='lat' dir='ltr'><strong>Neogr.)</strong></span> <span class='ocrx_word' id='word_1_527' title='bbox 1310 3311 1461 3347; x_wconf 88' lang='lat' dir='ltr'><strong>dictum</strong></span> <span class='ocrx_word' id='word_1_528' title='bbox 1485 3303 1557 3346; x_wconf 77' lang='grc' dir='ltr'><strong>διὰ</strong></span> <span class='ocrx_word' id='word_1_529' title='bbox 1579 3302 1628 3345; x_wconf 81' lang='grc' dir='ltr'><strong>τὸ</strong></span> <span class='ocrx_word' id='word_1_530' title='bbox 1649 3303 1809 3355; x_wconf 78' lang='grc' dir='ltr'><em>ἄγονον</em></span> <span class='ocrx_word' id='word_1_531' title='bbox 1827 3304 1953 3350; x_wconf 70' lang='grc' dir='ltr'><em>εἶναι,</em></span> 
     </span>
     <span class='ocr_line' id='line_1_56' title="bbox 121 3365 1953 3416; baseline -0.001 -14"><span class='ocrx_word' id='word_1_532' title='bbox 121 3367 219 3411; x_wconf 87' lang='lat' dir='ltr'><strong>quia</strong></span> <span class='ocrx_word' id='word_1_533' title='bbox 235 3367 416 3410; x_wconf 88' lang='lat' dir='ltr'><strong>cupidini</strong></span> <span class='ocrx_word' id='word_1_534' title='bbox 433 3375 632 3403; x_wconf 81' lang='lat' dir='ltr'><strong>venereae</strong></span> <span class='ocrx_word' id='word_1_535' title='bbox 648 3365 888 3414; x_wconf 87' lang='lat' dir='ltr'><strong>refragetur,</strong></span> <span class='ocrx_word' id='word_1_536' title='bbox 915 3367 1061 3416; x_wconf 84' lang='lat' dir='ltr'><strong>ferunt,</strong></span> <span class='ocrx_word' id='word_1_537' title='bbox 1079 3371 1116 3404; x_wconf 91' lang='lat' dir='ltr'><strong>et</strong></span> <span class='ocrx_word' id='word_1_538' title='bbox 1134 3368 1327 3404; x_wconf 89' lang='lat' dir='ltr'><strong>mulieres</strong></span> <span class='ocrx_word' id='word_1_539' title='bbox 1344 3368 1383 3403; x_wconf 89' lang='lat' dir='ltr'><strong>in</strong></span> <span class='ocrx_word' id='word_1_540' title='bbox 1404 3366 1716 3409; x_wconf 83' lang='lat' dir='ltr'><strong>thesmophoriis</strong></span> <span class='ocrx_word' id='word_1_541' title='bbox 1732 3365 1953 3401; x_wconf 85' lang='lat' dir='ltr'><strong>substratis</strong></span> 
     </span>
     <span class='ocr_line' id='line_1_57' title="bbox 123 3416 1954 3471; baseline -0.002 -12"><span class='ocrx_word' id='word_1_542' title='bbox 123 3424 371 3459; x_wconf 82' lang='lat' dir='ltr'><strong>ramusculis</strong></span> <span class='ocrx_word' id='word_1_543' title='bbox 395 3423 626 3460; x_wconf 90' lang='lat' dir='ltr'><strong>castitatem</strong></span> <span class='ocrx_word' id='word_1_544' title='bbox 643 3423 891 3471; x_wconf 87' lang='lat' dir='ltr'><strong>custodisse,</strong></span> <span class='ocrx_word' id='word_1_545' title='bbox 922 3418 1050 3471; x_wconf 77' lang='grc' dir='ltr'><em>λύγος</em></span> <span class='ocrx_word' id='word_1_546' title='bbox 1068 3416 1242 3470; x_wconf 74' lang='grc' dir='ltr'><strong>(λυγειοὶ</strong></span> <span class='ocrx_word' id='word_1_547' title='bbox 1256 3424 1425 3468; x_wconf 79' lang='lat' dir='ltr'><strong>Neogr.)</strong></span> <span class='ocrx_word' id='word_1_548' title='bbox 1443 3424 1565 3460; x_wconf 83' lang='lat' dir='ltr'><strong>etiam</strong></span> <span class='ocrx_word' id='word_1_549' title='bbox 1581 3425 1753 3458; x_wconf 83' lang='lat' dir='ltr'><strong>vocatus</strong></span> <span class='ocrx_word' id='word_1_550' title='bbox 1771 3424 1819 3458; x_wconf 89' lang='lat' dir='ltr'><strong>ob</strong></span> <span class='ocrx_word' id='word_1_551' title='bbox 1835 3421 1954 3459; x_wconf 85' lang='lat' dir='ltr'><strong>flexi-</strong></span> 
     </span>
     <span class='ocr_line' id='line_1_58' title="bbox 122 3477 1955 3530; baseline -0.001 -15"><span class='ocrx_word' id='word_1_552' title='bbox 122 3480 184 3515; x_wconf 86' lang='lat' dir='ltr'><strong>les</strong></span> <span class='ocrx_word' id='word_1_553' title='bbox 207 3489 361 3530; x_wconf 84' lang='lat' dir='ltr'><strong>ramos,</strong></span> <span class='ocrx_word' id='word_1_554' title='bbox 393 3481 445 3517; x_wconf 86' lang='lat' dir='ltr'><strong>ad</strong></span> <span class='ocrx_word' id='word_1_555' title='bbox 469 3490 593 3524; x_wconf 86' lang='lat' dir='ltr'><strong>opera</strong></span> <span class='ocrx_word' id='word_1_556' title='bbox 612 3479 773 3518; x_wconf 86' lang='lat' dir='ltr'><strong>textilia</strong></span> <span class='ocrx_word' id='word_1_557' title='bbox 787 3480 934 3529; x_wconf 82' lang='lat' dir='ltr'><strong>utiles,</strong></span> <span class='ocrx_word' id='word_1_558' title='bbox 966 3490 988 3518; x_wconf 88' lang='lat' dir='ltr'><strong>e</strong></span> <span class='ocrx_word' id='word_1_559' title='bbox 1011 3481 1160 3526; x_wconf 77' lang='lat' dir='ltr'><strong>quibus</strong></span> <span class='ocrx_word' id='word_1_560' title='bbox 1176 3484 1214 3517; x_wconf 89' lang='lat' dir='ltr'><strong>et</strong></span> <span class='ocrx_word' id='word_1_561' title='bbox 1231 3490 1403 3518; x_wconf 82' lang='lat' dir='ltr'><strong>coronae</strong></span> <span class='ocrx_word' id='word_1_562' title='bbox 1419 3482 1707 3529; x_wconf 85' lang='lat' dir='ltr'><strong>nectebantur,</strong></span> <span class='ocrx_word' id='word_1_563' title='bbox 1734 3482 1785 3516; x_wconf 83' lang='lat' dir='ltr'><strong>ab</strong></span> <span class='ocrx_word' id='word_1_564' title='bbox 1802 3477 1955 3516; x_wconf 83' lang='lat' dir='ltr'><strong>Arabi-</strong></span> 
     </span>
    </p>
   </div>
  </div>
 </body>
</html>
