2147 3756
937 113 1055 163 509

89 289 397 336 cotyledonibus
418 288 647 326 convolutis
671 287 864 332 foliisque
885 286 1096 331 stipulatis
1121 283 1476 322 distinctissimum
1500 283 1741 333 formantes,
1773 294 1913 323 omnes

87 351 130 386 in
147 349 341 385 America
363 347 520 390 tropica
540 347 739 383 habitant.
799 342 1116 391 Phytolacceae
1139 343 1416 386 exstipulatae
1433 342 1578 384 majori
1600 344 1764 379 numero
1780 344 1822 379 in
1841 355 1915 380 ve—

88 399 164 442 teri
189 408 283 440 orbe
307 404 542 449 gignuntur.
601 405 665 439 Ex
680 404 744 439 his
762 399 933 436 Limne
949 411 1058 438 mere
1076 400 1301 437 africanae.
1359 400 1392 434 Ε
1415 395 1727 432 Giesekiearmu
1746 410 1914 436 numero

87 460 302 499 Microtea
325 465 364 497 et
386 457 553 494 Ercma
575 468 725 505 genera
749 460 985 495 americana
1005 461 1112 494 sunt.
1174 453 1396 491 Gz’esekiae
1419 465 1490 499 per
1505 455 1651 491 Asiam
1675 460 1711 491 et
1730 457 1916 492 Africam

90 520 299 562 dispersae
335 517 533 553 habitant.
607 514 901 562 Phytolaceae
939 515 1182 560 amphigeae
1216 515 1331 551 solae
1360 512 1421 549 cis
1450 521 1643 548 cancrum
1674 518 1914 560 evagantur,

92 576 214 612 etiam
232 579 344 611 trans
361 574 645 617 capricornum
661 577 857 617 repertae.

233 667 595 720 qualitates
628 675 667 709 et
695 676 866 711 usus·
933 668 1186 706 substantiis
1217 668 1401 715 acribus,
1439 667 1724 704 vesicantibus
1755 672 1794 704 et
1823 668 1917 704 dra-

90 730 194 768 stice
218 732 487 774 purgantibus
504 733 854 773 Pnytolaccaceae
876 727 1068 763 virtutem
1086 727 1251 772 debent,
1282 727 1402 769 longe
1417 734 1542 768 supra
1559 724 1919 770 chenopodiacea-

92 798 179 825 rum
196 788 384 823 inertiam
402 791 440 823 et
456 788 638 823 modicas
655 784 1093 829 Caryopnyllinearum
1109 782 1220 818 vires
1236 782 1487 818 emicantem.

233 869 502 918 Phytolacca
518 868 732 905 decandra
748 869 868 905 Linn.
893 866 1113 911 (Solarium
1128 875 1382 903 racemosum
1399 865 1555 915 Ostia),
1587 869 1714 904 herba
1736 866 1779 904 in
1795 868 1919 904 Ame—

90 929 178 966 rica
207 929 363 964 boreali
394 928 608 973 indigena,
648 935 756 962 nunc
793 926 836 960 in
866 927 1034 967 Europa
1071 923 1268 959 calidiore
1304 924 1472 959 efferata
1502 929 1685 972 vegetat,
1731 925 1920 969 vulgaris

89 986 272 1022 notitiae.
341 985 460 1019 Folia
496 984 632 1029 acria,
671 982 791 1018 radix
821 984 859 1017 et
888 984 1042 1017 baccae
1071 980 1314 1016 immaturae
1343 982 1702 1027 vehementissime
1732 986 1921 1026 purgant.

90 1042 227 1078 Radix
252 1037 597 1075 Mechoaeannae
620 1036 872 1074 muzulensis
897 1037 1059 1073 nomine
1080 1036 1186 1072 inter
1207 1037 1628 1074 Convolvulacearum
1660 1039 1921 1082 purgantium

91 1099 348 1135 succedanea
371 1100 621 1133 numeratur.
680 1097 841 1132 Baccae
863 1098 1048 1130 maturae
1069 1092 1217 1137 [vulgo
1235 1090 1589 1140 Kermesbeeren)
1614 1106 1738 1131 succo
1760 1098 1921 1131 kerme-

94 1156 185 1191 sino
208 1158 389 1199 scatent,
420 1153 586 1190 minime
608 1154 806 1198 innocuo,
839 1152 907 1195 qui
923 1152 1088 1187 incaute
1105 1154 1239 1186 tamen
1255 1150 1459 1195 tingendis
1477 1153 1661 1187 bellariis
1680 1157 1716 1195 et
1734 1152 1829 1188 vino
1846 1154 1921 1188 ad-

90 1212 264 1247 hibetur.
304 1212 609 1255 columbarum,
634 1219 737 1252 quae
754 1209 894 1245 baccis
910 1209 1186 1251 Phytolaccae
1202 1212 1445 1253 vescuntur,
1463 1217 1556 1243 caro
1573 1214 1731 1252 purgat.
1771 1210 1922 1246 Planta

91 1268 298 1312 tingendis
325 1268 506 1310 jucundo
532 1270 663 1302 colore
685 1266 796 1302 vinis
818 1266 861 1300 in
885 1264 1105 1301 Lusitania
1128 1264 1329 1309 adhibita,
1363 1265 1602 1300 auctoritate
1625 1265 1792 1308 publica
1814 1275 1922 1302 nunc

92 1326 321 1368 exstirpata
340 1329 413 1360 est.
471 1325 681 1366 Frequens
696 1324 838 1368 hujus,
871 1322 1127 1363 aliarumque
1144 1330 1434 1365 congerierum,
1467 1321 1572 1356 inter
1588 1322 1809 1358 cosmetica
1830 1325 1923 1366 pal-

90 1382 262 1418 lentium
293 1390 487 1425 genarum
518 1380 698 1415 remedia
719 1381 826 1422 apud
849 1379 1114 1414 mulierculas
1139 1377 1396 1413 americanas
1418 1387 1534 1413 usus.
1591 1381 1766 1415 Succum
1790 1384 1923 1415 cutem

91 1438 258 1474 minime
274 1439 437 1473 laedere
454 1439 679 1479 perhibent.
729 1436 1028 1478 Foliajuniora
1044 1436 1167 1477 hujus
1184 1434 1440 1476 aliarumque
1455 1435 1683 1477 specierum
1701 1441 1816 1472 cocta
1831 1446 1923 1473 cum

93 1495 274 1530 oleribus
306 1495 581 1530 comeduntur.
640 1489 910 1539 Phytolacca
940 1489 1138 1525 drastt'ca
1166 1492 1292 1534 Popp.
1325 1496 1360 1526 et
1384 1492 1503 1528 Endl.
1528 1490 1705 1534 (Hierba
1728 1495 1865 1538 Purga
1888 1504 1922 1530 s.

94 1550 271 1594 Pircun]
289 1552 331 1586 in
350 1550 581 1594 scopulosis
599 1550 844 1585 subandinis
863 1549 980 1585 Chile
996 1547 1194 1584 australis
1211 1547 1402 1591 frequens
1418 1549 1614 1585 nascitur.
1651 1551 1788 1586 Radix
1803 1551 1924 1594 napi-

95 1608 234 1644 formis
257 1608 448 1653 inodora,
480 1606 642 1650 saporis
668 1606 822 1642 diutius
846 1606 1066 1642 masticata
1087 1604 1242 1640 modice
1259 1605 1408 1651 amari,
1440 1605 1632 1641 virtutem
1649 1608 1925 1644 vehementis-

97 1665 200 1701 sime
232 1664 453 1700 drasticam
483 1663 729 1699 substantiis
759 1663 959 1699 resinosis
991 1664 1119 1698 debet.
1179 1658 1450 1695 Riviniarum
1478 1665 1633 1698 baccae
1656 1674 1780 1700 succo
1805 1668 1924 1701 rubro

95 1721 278 1766 tingente
300 1725 472 1757 scatent.
531 1718 795 1764 Pecu-errae,
828 1722 948 1755 odore
966 1719 1141 1755 alliaceo
1158 1727 1324 1764 graves,
1357 1718 1399 1753 in
1417 1719 1640 1755 domestica
1655 1722 1927 1757 Americano-

95 1788 185 1814 rum
208 1778 413 1814 medicina
438 1779 485 1813 ob
508 1776 718 1823 virtutem,
756 1785 876 1819 quam
901 1776 1102 1819 tribuunt,
1135 1774 1428 1821 antifebrilem,
1462 1775 1800 1824 diaphoreticam,
1834 1779 1926 1815 diu-

97 1835 267 1870 reticam
291 1839 329 1871 et
353 1833 731 1871 anthelminthicam
754 1834 1008 1870 adhibentur.
1066 1829 1311 1868 Petz‘veriae
1333 1830 1543 1868 alle’aceae
1558 1833 1678 1872 Linn.
1703 1835 1823 1873 radix
1836 1846 1926 1874 ma-

97 1891 247 1929 sticata
263 1892 442 1928 dentium
458 1893 617 1928 dolores
635 1892 781 1928 sedare
798 1890 987 1927 creditur.

237 2027 261 2052 ²*
280 2029 835 2086 Gyrostemoneae.
901 2029 1087 2070 Arbores
1119 2042 1157 2070 v.
1179 2031 1377 2084 frutices
1415 2028 1927 2074 divaricato-ramosis-

104 2087 268 2129 simiin
284 2087 417 2130 Nova
433 2088 690 2129 Hollandia
714 2094 998 2129 crescentes.
1055 2089 1184 2126 Folia
1208 2087 1412 2137 alterna,
1442 2099 1564 2127 nunc
1585 2087 1928 2130 lineari-serni-

98 2146 291 2196 teretia‚
334 2150 630 2196 mucronata,
674 2158 798 2185 nunc
829 2145 987 2199 plana,
1038 2144 1239 2186 obovata
1269 2154 1311 2185 va
1342 2143 1575 2197 elliptica,
1620 2144 1667 2184 in
1698 2146 1928 2199 petiolum

100 2207 376 2256 angustata,
406 2201 731 2256 penninervia,
761 2201 1079 2256 integerrima.
1138 2202 1334 2253 Stipzclae
1362 2201 1536 2242 nullae.
1593 2201 1746 2241 Flores
1775 2203 1930 2256 dioici,

97 2260 146 2299 in
164 2259 319 2300 axillis
337 2258 561 2299 foliorum
583 2258 809 2311 solitarii,
840 2258 1154 2314 pedunculati.
1212 2260 1413 2298 Floribus
1437 2262 1752 2309 stancimgeris:
1786 2263 1930 2312 Calyae·

102 2315 552 2369 sex-septemlobus.
615 2317 790 2355 corolla
819 2315 964 2357 nulla.
1025 2317 1222 2355 Stamina
1251 2315 1454 2369 plurima
1484 2317 1782 2357 concentrice
1812 2319 1930 2359 mul-

99 2373 334 2423 tiseriata,
365 2374 562 2412 antheris
579 2373 843 2423 sessilibus,
876 2372 1071 2422 erectis,
1097 2372 1557 2425 cuneato-trigonis,
1579 2371 1932 2427 bilocularibus‚

99 2429 516 2484 longitudinaliter
539 2426 905 2470 dehiscentibus.
963 2429 1162 2469 Floribus
1176 2431 1472 2480 pistillvgeris:
1507 2431 1650 2479 Calyx
1673 2430 1931 2482 cyathifor-

105 2488 211 2538 mis,
245 2485 798 2541 quinque-septemlobus
821 2499 864 2526 v.
890 2485 1126 2526 dentatus.
1187 2487 1361 2524 Corolla
1393 2484 1533 2525 nulla.
1595 2488 1802 2536 Carpv‘dz‘a
1832 2488 1932 2542 plu..

102 2542 243 2594 rima,
275 2542 399 2583 circa
429 2542 694 2582 columnam
726 2542 1004 2592 centralem‚
1034 2542 1166 2596 apice
1194 2541 1273 2582 vix
1304 2541 1568 2590 dilatatam,
1601 2556 1641 2583 v.
1676 2543 1722 2582 in
1754 2544 1933 2587 discum

105 2599 380 2653 depressum
405 2598 704 2639 concentrice
729 2600 1061 2653 stigmatosum
1087 2610 1361 2652 expansam,
1390 2599 1435 2637 in
1455 2610 1646 2652 germen
1664 2599 1932 2643 multilocu-

103 2654 205 2696 lare
222 2655 407 2696 coalita.
455 2657 698 2694 Gemmulae
713 2656 761 2696 in
777 2655 947 2696 loculis
964 2655 1224 2707 solitariae,
1255 2654 1501 2695 columnae
1523 2655 1744 2696 centralis
1764 2658 1932 2710 medio,

105 2725 147 2753 v.
163 2712 430 2753 alternatim
450 2713 568 2766 apici
589 2713 818 2763 insertae,
848 2711 1214 2763 adscendentes,
1245 2711 1638 2765 campylotropae.
1699 2714 1814 2764 styla·
1833 2727 1931 2756 car·

104 2768 341 2823 pidiorum
372 2769 544 2823 angulo
579 2769 782 2810 centrali
813 2769 1042 2818 continui,
1071 2769 1258 2819 breves,
1288 2770 1495 2818 recurvi,
1525 2769 1654 2808 circa
1686 2771 1932 2813 columnae

106 2825 305 2879 apicem,
343 2826 613 2880 saepissime
648 2825 924 2878 proliferum
956 2825 1142 2866 radiati.
1200 2825 1390 2864 Fructus
1425 2823 1674 2874 obovatus‚
1711 2826 1932 2880 polycoc-

108 2894 213 2935 cus,
269 2883 421 2923 coccis
463 2882 854 2934 membranaceis,
906 2881 1203 2935 compressis,
1248 2881 1387 2921 dorso
1432 2881 1726 2933 incrassatis,
1771 2884 1935 2936 anguli

108 2937 328 2980 centralis
362 2939 634 2980 rectiusculi
669 2939 845 2990 medio,
876 2952 917 2978 v.
944 2939 1075 2993 apice
1106 2937 1356 2978 lunulatim
1383 2938 1540 2979 exciso
1567 2937 1932 2992 dehiscentibus,

105 2997 466 3049 monospermis.
540 2997 686 3035 semen
715 2996 934 3037 uncinato
953 2994 1388 3048 -conduplicatuni‚
1434 2994 1758 3048 integumento
1792 3009 1933 3038 mem-

104 3052 363 3104 branaceo,
395 3053 698 3093 transversim
715 3065 912 3107 rugos0‚
942 3049 1039 3092 hilo
1057 3049 1387 3106 strophiolato.
1447 3051 1632 3102 Embryo
1656 3049 1933 3108 homotrope

107 3113 349 3162 arcuatus,
390 3111 706 3162 cotyledom‘bus
747 3108 1032 3161 linearibus,
1083 3108 1478 3161 incumbentibus,
1529 3111 1729 3151 radicula
1773 3111 1936 3163 tereti,

105 3164 273 3208 infera.

840 3317 845 3330 Ι
883 3271 917 3306 G
933 3278 959 3306 Ε
975 3277 1007 3306 Ν
1025 3277 1051 3305 13
1068 3278 1098 3306 n
1115 3278 1164 3305 A.

238 3334 258 3377 ’-
674 3355 799 3390 5264.
829 3354 1095 3397 Gyrostemon
1110 3349 1237 3401 Desf.

673 3411 798 3448 5265.
828 3409 1140 3456 Codonocarpus
1159 3406 1391 3457 Cunm’ngh.
