2147 3756
953 125 1074 175 479
1103 104 1107 108 ’

221 301 345 338 5068.
374 300 580 336 Phoberos
599 297 725 334 Lonr.
1154 288 1279 336 5073.
1309 298 1474 339 Banara
1489 293 1616 334 Aubl.

434 348 697 382 Rhinanthera
720 347 844 383 lNum.
1366 346 1489 380 Ascra
1510 346 1659 380 Schotc.

431 391 608 424 Limenia
628 390 768 424 Giirtn.
1364 389 1487 422 Bosca
1502 390 1562 423 ΕΙ.
1579 389 1707 423 Flam.

434 433 616 477 Scolopia
635 432 789 467 Sclzreb.
1365 431 1615 474 thladenus
1633 431 1744 466 Desv.

220 485 345 521 5070.
375 485 509 527 Ludia
525 482 645 518 Lam.
1152 482 1279 519 5074.
1309 483 1464 518 Kulllia
1487 480 1543 516 H.
1563 480 1614 517 B.
1633 479 1690 516 K.

220 542 299 577 507
311 543 347 577 l.
377 542 524 577 Laelia
541 536 672 587 Lbffl.
1154 541 1279 576 5075.
1310 541 1452 576 Azara
1468 536 1579 573 the'z
1597 543 1635 574 et
1651 536 1756 575 Pae.

435 590 623 622 Thamnia
641 589 684 623 P.
702 587 769 623 Pr.
1369 587 1523 621 Lilenia
1540 587 1646 621 Bert.

430 631 664 671 Hellwingia
679 631 826 665 Adaus.
1213 642 1248 663 a.
1274 629 1447 663 Euazara
1463 630 1578 664 Endl.

219 684 343 719 5072.
374 683 552 718 Prockia
570 680 618 716 P.
636 680 710 717 Pr.
1209 672 1243 705 b·
1270 672 1421 715 Alffleja
1436 673 1550 707 Ε’ῑῑῖῖ-

222 741 299 776 507
311 736 345 776 a·
379 740 550 776 Thiodia
568 737 700 774 Belm-
969 746 975 750 -
1153 724 1277 758 5076.
1311 725 1467 759 Pineda
1487 721 1598 758 Rm‘z
1613 725 1649 758 et
1668 719 1776 757 Pav.

314 768 327 791 ¹
435 787 672 829 Lightfootia
691 784 860 821 Swartz.
1153 780 1277 815 5077.
1311 781 1575 816 Christannia
1593 777 1728 814 Presl.

223 836 347 891 507}
377 839 558 883 Aphloia
575 836 707 873 Bemz.
1154 837 1279 872 5078,
1310 838 1599 881 Dasyantliera
1614 832 1752 871 Presl.

255 945 480 984 TRIBUS
507 946 599 982 III.
644 942 1207 983 FLACOURTIANEAE.
1267 944 1415 996 stylus
1440 958 1478 985 v.
1495 947 1652 997 stigma
1676 943 1933 999 multiplex.

112 1004 297 1043 Fructus
326 1001 636 1043 indehiscens.

881 1104 915 1140 G
933 1111 959 1139 E
978 1112 1010 1139 N
1028 1111 1053 1139 E
1070 1112 1101 1140 R
1117 1112 1167 1141 A.

220 1190 345 1227 5079.
374 1188 613 1225 Flacourtia
632 1186 855 1226 Commers.
1164 1184 1167 1186 ’
1368 1179 1534 1213 Bessera
1553 1178 1721 1226 Spreng.

278 1250 317 1273 a.
339 1237 566 1272 Ramontchi
584 1238 698 1272 Endl.
1369 1229 1540 1263 Limaeia
1556 1230 1682 1267 Diem,

436 1280 668 1340 Stigmarota
684 1279 801 1329 Longu
1155 1281 1282 1340 508-‘1'<⁸
1311 1287 1513 1329 Xylosma
1532 1285 1582 1322 G.
1600 1285 1746 1323 Forst.
1912 1336 1913 1339 Ἴ

433 1323 686 1366 ΚΙιαηιηομςιε
705 1320 911 1356 Rezchenb.
1368 1335 1603 1379 Myroxyhm
1618 1336 1657 1370 J·
1675 1338 1723 1372 R·
1740 1336 1870 1372 porse·

276 1366 310 1400 b.
338 1366 718 1409 Craepaloprumnon
732 1365 848 1400 Endl.
1166 1395 1180 1399 -
1476 1395 1502 1421 >k

221 1418 346 1454 5080.
376 1419 558 1454 Roumea
577 1414 686 1450 Pm't.

436 1465 612 1500 Koelera
634 1464 769 1500 Willd.
1142 1459 1285 1507 5081.
1316 1457 1541 1503 Melicytus
1559 1455 1706 1494 Forst.

254 1583 479 1622 TRIBUS
506 1583 589 1624 JV.
633 1580 1260 1634 ERYTHROSPERMEAE.
1328 1580 1476 1632 scyrus
1506 1580 1763 1635 multiplex.
1824 1570 1938 1621 Fra-

111 1648 205 1681 ctus
227 1638 536 1682 indehiscens.

881 1743 1166 1779 GENERA.

196 1808 199 1810 ⁵
222 1829 350 1865 5032.
380 1826 614 1872 Kigellaria
631 1824 754 1862 Lv’mz.
1262 1821 1301 1863 G
1317 1833 1377 1862 en
1391 1834 1422 1862 u
1435 1835 1454 1863 s
1487 1821 1725 1864 dubium.

222 1902 347 1936 5083.
377 1901 762 1943 Erythrospermum
779 1894 901 1934 Lam.
1161 1899 1286 1934 5084.
1317 1898 1541 1934 Tachibota
1557 1892 1685 1934 Archl.

1376 1946 1565 1980 Salmasta
1582 1944 1739 1982 Scltreb.

180 2048 182 2051 ’
248 2033 572 2080 Affinitas.
617 2039 824 2076 Bixaceas
841 2039 949 2076 intra
964 2038 1083 2088 illos,
1101 2039 1250 2083 quibus
1264 2039 1333 2076 hic
1350 2038 1804 2085 includuntur,limites
1820 2043 1939 2085 plan-

111 2102 242 2136 tarum
265 2099 445 2134 ordinem
468 2098 614 2134 sistere
631 2097 726 2133 olim
744 2098 922 2133 diximus
934 2124 945 2143 ,
977 2107 1068 2135 cum
1084 2100 1199 2133 nullo
1216 2098 1298 2133 alio
1314 2097 1359 2133 in
1374 2097 1644 2134 Par-ietalium
1661 2100 1799 2134 classe
1816 2098 1940 2135 facile

108 2155 458 2203 confundendum,
482 2155 659 2190 nondum
684 2157 818 2190 tamen
835 2154 939 2190 satis
955 2154 1328 2200 circumscriptum,
1359 2157 1396 2190 et
1413 2162 1565 2198 genera
1582 2153 1779 2202 plurima,
1810 2157 1940 2198 ‹ltro-<ul

106 2221 248 2249 veram
269 2213 635 2256 integumentorum
651 2210 853 2246 floralium
870 2213 1058 2247 naturam
1077 2214 1114 2246 et
1131 2210 1333 2247 seminum
1351 2209 1548 2247 fabricam
1564 2210 1689 2247 nimis
1705 2211 1941 2255 imperfecte

109 2269 272 2314 cognita
295 2269 576 2315 colligentem,
607 2267 704 2305 hinc
727 2267 1003 2315 Homalineis,
1035 2267 1252 2310 Samydeis
1277 2270 1313 2303 et
1330 2266 1588 2303 Passifloreis
1613 2270 1742 2304 multa
1758 2270 1941 2306 necessi-

108 2327 248 2362 tudine
269 2325 453 2373 affinem,
483 2325 601 2361 illinc
624 2335 697 2368 per
718 2327 919 2363 nonnulla
941 2333 1094 2368 genera
1115 2324 1315 2361 Tiliaceis
1340 2323 1654 2370 conterminum,
1686 2325 1783 2363 olim
1806 2329 1942 2362 autem

108 2382 216 2419 notis
246 2382 436 2426 pluribus
468 2382 706 2420 accuratius
736 2381 931 2425 expensis
959 2381 1180 2426 generibus
1208 2380 1401 2418 fortassis
1429 2380 1618 2431 pluribus
1642 2384 1942 2427 repurgandum

109 2442 150 2476 et
165 2439 440 2476 dividendum.

251 2501 679 2560 &eugraphium
737 2507 947 2544 Bixaceae
970 2507 1013 2544 in
1029 2507 1266 2552 regionibus
1290 2507 1457 2552 tropicis
1472 2508 1801 2553 subtropicisque
1816 2510 1945 2547 totius

110 2565 220 2602 orbis
246 2570 454 2612 crescunt,
487 2566 531 2602 in
546 2565 740 2603 America
762 2569 801 2602 et
822 2565 1024 2602 ininsula
1038 2565 1244 2615 Mauritii,
1276 2567 1321 2602 ut
1333 2565 1514 2614 videtur,
1546 2567 1688 2610 paullo
1705 2575 1825 2610 quam
1840 2567 1943 2604 alibi

110 2623 363 2666 frequentius
379 2623 536 2659 obviae.

253 2686 618 2740 unalitates
643 2694 683 2728 et
702 2697 872 2732 usus·
908 2691 1061 2730 Varia
1075 2693 1370 2739 Bixac'earum,
1400 2691 1446 2728 in
1471 2696 1667 2735 quantum
1689 2694 1943 2737 exploratam

109 2751 329 2797 habemus,
361 2751 542 2794 qualitas
565 2749 721 2786 ordinis
743 2760 824 2786 non
849 2749 924 2785 rite
946 2750 1158 2786 constituti
1180 2749 1455 2791 suspicionem
1479 2743 1624 2785 movet.
1677 2747 1799 2784 Bisa
1818 2747 1942 2784 Orel-

110 2805 216 2842 Ianoe
238 2807 359 2843 Linn.
390 2815 491 2851 prae
521 2806 695 2843 caeteris
726 2806 977 2854 nominanda
1007 2810 1089 2851 est,
1122 2809 1241 2842 artior
1264 2805 1308 2841 in
1329 2805 1524 2841 America
1547 2805 1702 2849 tropica
1730 2806 1939 2852 indigena,

111 2866 273 2900 cultura
294 2873 405 2900 nunc
427 2873 499 2908 per
520 2872 679 2899 omnem
701 2863 809 2899 orbis
833 2865 999 2907 plagam
1016 2863 1192 2899 calidam
1208 2865 1447 2906 propagata.
1505 2862 1713 2898 seminum
1729 2865 1857 2910 pulpa
1872 2873 1942 2899 ru-

111 2921 294 2958 bicunda
316 2930 460 2957 recens
483 2921 630 2957 Violae
655 2921 816 2956 odorem
840 2919 991 2966 spirat,
1024 2920 1188 2963 saporis
1212 2928 1303 2954 cum
1328 2918 1567 2955 austeritate
1583 2919 1726 2955 amari.
1783 2921 1849 2955 Ex
1863 2923 1941 2956 hac

112 2977 322 3020 regionum
338 2978 503 3013 illarum
518 2977 680 3013 incolae
696 2978 904 3013 decoctum
920 2980 1067 3018 parant
1083 2976 1334 3020 refrigerans
1348 3001 1357 3021 ,
1382 2975 1488 3018 quod
1503 2975 1739 3012 antifebrile
1753 2978 1792 3012 et
1808 2978 1942 3014 alexi-

115 3034 260 3069 terium
276 3034 537 3080 praedicant,
562 3033 766 3076 simulque
781 3034 823 3069 in
842 3033 1165 3077 haemorrhagiis
1182 3036 1222 3068 et
1238 3031 1485 3079 diarrhoeis,
1510 3042 1586 3069 nec
1602 3042 1685 3068 non
1700 3036 1839 3069 contra
1852 3036 1942 3070 cal-

115 3092 231 3140 culos
255 3091 460 3126 adhibent.
519 3091 686 3126 Semina
709 3090 1110 3126 aromatico-amara
1131 3089 1297 3125 remedii
1314 3089 1494 3124 cardiaci
1511 3092 1550 3125 et
1565 3090 1805 3126 stomachici
1820 3092 1942 3127 laude

114 3147 312 3195 gaudent,
344 3146 516 3191 ipsaque
540 3147 660 3183 radix
682 3146 923 3191 digestionis
947 3146 1053 3183 vitia
1076 3146 1278 3191 corrigere
1301 3150 1340 3182 et
1364 3145 1514 3197 virtute
1530 3149 1742 3183 roborante
1756 3148 1943 3190 praedita

115 3203 305 3239 creditur.
362 3205 428 3240 Ex
457 3203 681 3240 seminibus
711 3203 820 3239 fuste
845 3203 1048 3250 contusis,
1080 3206 1202 3246 atque
1231 3203 1275 3238 in
1299 3210 1406 3246 aqua
1431 3202 1500 3238 diu
1521 3203 1574 3239 ad
1597 3203 1943 3240 fermentationem

114 3259 354 3307 maceratis,
379 3260 524 3296 deinde
540 3259 717 3308 pressis,
742 3259 874 3297 deflua
889 3269 982 3296 cum
997 3269 1106 3304 aqua
1121 3260 1356 3298 substantia
1371 3259 1574 3295 obtinetur
1590 3251 1796 3306 colorans,
1821 3263 1945 3297 rubra

117 3316 171 3359 (e
202 3316 355 3359 duplici
385 3316 586 3360 principio
618 3315 701 3352 alio
731 3316 857 3364 flavo,
888 3317 972 3353 alio
1001 3320 1121 3354 rubro
1151 3314 1428 3361 composita),
1460 3315 1596 3351 odoris
1626 3309 1850 3359 peculiaris
1878 3317 1945 3354 in-

117 3372 297 3417 amoeni,
329 3372 491 3416 saporis
512 3373 651 3409 valide
671 3373 985 3422 adstringentis,
1017 3383 1123 3418 quae
1150 3376 1296 3408 terrae
1320 3370 1539 3406 orellanae
1564 3369 1746 3420 (Urucu,
1764 3375 1942 3419 Roucou‚

116 3427 316 3473 Arnotto]
347 3430 510 3466 nomine
538 3430 584 3466 in
605 3430 880 3466 mercimoniis
905 3434 988 3479 est,
1018 3431 1063 3467 in
1086 3433 1302 3475 placentas
1320 3438 1361 3465 v.
1383 3431 1525 3473 globos
1549 3427 1739 3478 formata,
1775 3433 1897 3474 atque
1921 3440 1946 3467 a

116 3486 343 3530 pictoribus
376 3489 415 3523 et
446 3485 686 3533 tinctoribus
710 3486 944 3538 adhibetur,
973 3488 1071 3534 olim
1094 3488 1217 3526 etiam
1239 3486 1284 3524 in
1304 3485 1651 3536 pharmacopoliis
1675 3487 1731 3534 ad
1752 3487 1945 3535 tingenda
