2147 3756
1010 122 1122 172 219

157 297 261 334 nihil
284 297 494 342 anomala,
525 297 565 331 et
588 297 806 338 embryone
827 300 934 331 certe
949 294 1255 339 dicotyledoneo
1271 296 1405 331 locum
1422 295 1526 330 inter
1542 295 1708 339 plantas
1723 295 1979 339 vegetatione

157 352 410 397 peripherieo
434 351 636 387 terminali
653 353 823 388 donatas
841 354 1153 388 demonstrante.
1213 351 1383 388 indubia
1399 356 1461 388 est
1476 361 1568 388 cum
1583 353 1829 395 Nepentheis
1845 353 1981 389 affini-

159 414 242 458 tas,
273 408 587 452 Bragantiarum
604 411 643 443 et
659 410 852 444 Thotteae
870 409 977 445 facie
993 409 1240 445 confirmata.

301 471 733 528 Geographia.
793 480 974 516 Maximo
1002 489 1170 515 numero
1199 475 1242 515 'in
1272 478 1466 515 America
1494 477 1649 522 tropica
1678 478 1980 524 provenientes,

157 537 200 572 in
234 536 466 579 temperatis
496 536 804 578 hemisphaerae
828 537 1002 572 borealis
1025 540 1064 572 et
1087 536 1129 571 in
1155 536 1261 572 Asia
1284 536 1440 580 tropica
1464 536 1640 572 rariores
1664 535 1902 579 gignuntur,
1937 535 1980 570 in

157 593 321 638 regione
351 593 647 628 mediterranea
677 596 818 637 paullo
849 593 1102 636 frequentius
1132 593 1298 640 obviae,
1345 596 1459 629 trans
1491 593 1775 636 capricornum
1804 593 1979 627 nondum

157 652 399 688 observatae
416 648 591 684 fuerunt.
1104 650 1107 658 ¹

299 713 663 766 Qualitates
687 722 726 756 et
747 724 917 759 usus.
976 721 1132 755 Tantus
1163 723 1224 755 est
1254 719 1297 756 in
1327 718 1482 756 ordinis
1514 721 1636 764 hujus
1658 717 1863 756 naturalis
1887 718 1982 754 stir-

155 777 278 822 pibus
302 777 488 820 egregiae
508 776 670 812 virtutis
686 786 933 821 consensus,
966 779 1009 811 ut.
1026 777 1135 818 apud
1161 776 1450 812 dissitissimas
1477 781 1618 822 gentes
1643 779 1682 812 et
1705 779 1755 812 ab
1781 774 1981 817 antiquis-

155 835 273 871 simis
297 833 544 876 temporibus
569 832 612 868 in
633 833 869 867 hodiernam
887 841 1016 874 usque
1033 832 1138 867 diem
1154 841 1238 868 una
1255 842 1390 868 eorum
1405 836 1499 870 laus
1516 834 1583 870 sit.
1642 830 1867 870 Radicibus
1883 831 1980 867 Ari-

155 890 445 927 stolochiarum
463 891 747 931 plerarumque
763 891 895 923 oleum
913 891 1167 935 aethereum,
1194 889 1333 925 resina
1355 891 1492 926 mollis
1509 899 1667 937 amara,
1693 893 1731 926 et
1747 887 1983 925 substantia

154 946 385 982 extractiva
422 945 532 980 acris
566 942 917 990 (Serpentartna)
952 945 1080 993 inest,
1118 945 1267 989 quibus
1300 948 1501 988 plurimae
1530 955 1743 993 vasorum,
1782 944 1982 988 imprimis

153 1002 474 1048 secernentium,
507 1010 722 1037 nervorum
753 1004 792 1037 et.
814 1001 921 1037 cutis
943 1001 1071 1038 vitam
1093 1001 1385 1050 sollicitantes,
1416 1003 1459 1038 in
1484 1002 1746 1039 eliminandis
1769 1012 1792 1038 e
1815 1010 1982 1044 corpore

152 1059 346 1103 potentiis
363 1058 598 1106 morbificis,
629 1067 788 1094 veneno
803 1057 1059 1102 potissimum
1076 1059 1267 1106 animali,
1299 1059 1507 1107 efficaces,
1531 1061 1730 1096 adversus
1748 1063 1982 1102 serpentum

152 1125 312 1152 morsus
334 1114 519 1151 unanimi
542 1115 722 1159 gentium
745 1115 964 1158 praeconio
983 1117 1261 1162 celebrantur,
1295 1117 1388 1152 dum
1405 1116 1532 1163 aliae,
1564 1116 1608 1152 in
1625 1116 1772 1159 quibus
1788 1117 1983 1151 substan-

154 1171 235 1208 tiae
259 1172 470 1208 resinosae
493 1180 658 1207 amarae
680 1172 853 1208 miscela
877 1175 1111 1218 praevalet,
1143 1176 1327 1215 systema
1348 1173 1634 1217 sanguiferum
1656 1173 1820 1209 stimulo
1843 1172 1980 1208 valido

153 1232 427 1275 exagitantes,
453 1229 538 1271 jam
556 1237 582 1264 a
598 1228 748 1272 priscis
764 1228 933 1265 medicis
949 1231 997 1265 ob
1016 1229 1219 1273 insignem
1235 1229 1441 1277 virtutem,
1474 1239 1555 1273 qua
1570 1234 1727 1266 uterum
1744 1228 1928 1265 afficiunt
1945 1232 1981 1263 et

158 1286 331 1322 visceris
349 1287 416 1327 huj
425 1295 470 1320 us
487 1285 658 1321 inertiae
673 1287 898 1331 medentur,
922 1286 1166 1329 saepissime
1182 1288 1233 1322 ad
1249 1288 1522 1323 revocandum
1538 1290 1736 1322 retentum
1754 1289 1982 1321 menstruo-

155 1352 242 1378 rtnn
273 1342 423 1378 fluxum
450 1346 485 1377 et
515 1344 567 1378 ad
592 1342 848 1385 expedienda
870 1343 1009 1379 lochia
1031 1342 1258 1390 adhibitae,
1289 1343 1599 1380 Aristolochiae
1619 1353 1766 1379 nomen
1789 1350 1981 1386 graecum

154 1397 334 1442 (aptiore
349 1398 644 1443 Aegyptiorum
667 1397 814 1443 σιφοέφ
839 1399 867 1439 1.
884 1410 918 1435 e.
936 1403 1154 1446 serpentes
1169 1399 1340 1447 abigens
1356 1400 1612 1445 posthabito]
1636 1400 1855 1436 universae
1871 1400 1980 1443 genti

153 1457 360 1491 dederunt.
420 1452 555 1490 Asara*
575 1459 709 1492 autem
732 1457 911 1502 species,
943 1457 1101 1493 boreali
1124 1459 1235 1493 coelo
1252 1460 1384 1494 solum
1402 1466 1427 1494 a
1442 1461 1591 1494 natura
1607 1465 1850 1503 concessae,
1882 1458 1981 1492 sub-

151 1512 353 1548 stantiam
369 1512 577 1549 volatilem
602 1516 907 1557 camphoratam
933 1509 1215 1562 (Asaritem),
1247 1517 1380 1551 oleum
1403 1514 1553 1559 pingue
1566 1513 1791 1558 peculiaris
1806 1512 1980 1549 acrimo-

153 1569 268 1615 niae,
300 1572 337 1605 et
359 1569 568 1605 materiem
590 1578 792 1617 amaram,
823 1579 1072 1608 nauseosam
1098 1567 1371 1616 (Asarinum)
1397 1573 1675 1619 concelantes,
1706 1570 1981 1606 medicamen-

154 1633 236 1662 tum
268 1628 481 1671 praebent,
520 1628 626 1669 quod
663 1627 843 1665 refracta
873 1628 961 1665 dosi
989 1637 1095 1664 vasa
1123 1629 1365 1673 sanguisera
1394 1632 1433 1664 et
1461 1627 1720 1665 secernentia
1748 1627 1981 1672 stimulans,

151 1686 448 1718 menstruorum
470 1682 624 1720 fluxum
640 1684 805 1727 expedit
819 1689 857 1721 et
873 1686 915 1722 in
930 1686 1110 1729 hydrope
1127 1687 1316 1722 sananda
1329 1685 1478 1722 efficax
1495 1688 1578 1733 est,
1609 1684 1770 1729 largius
1787 1683 1981 1728 propina-

153 1745 235 1775 tum
252 1739 524 1775 ventriculum
542 1743 578 1776 et
595 1740 794 1777 intestina
809 1742 1015 1787 afficiens,
1046 1742 1239 1777 vomitum
1259 1746 1296 1778 et
1312 1741 1398 1778 alvi
1415 1739 1570 1778 fluXum
1583 1744 1733 1780 movet.

290 1795 542 1833 posthabitis
559 1797 783 1843 plerisque,
816 1808 922 1841 quae
945 1799 1040 1834 olim
1057 1799 1266 1834 adhibitae
1284 1798 1467 1844 fuerunt,
1496 1797 1804 1834 Aristolochiae
1818 1797 1979 1841 specie-

152 1855 246 1899 bus,
278 1851 637 1899 frequentissimus
653 1854 773 1890 hodie
793 1852 967 1890 Radz'm's
985 1853 1289 1901 Serpentariae
1305 1854 1574 1902 virginianae
1591 1852 1715 1898 (aliis
1738 1853 1775 1888 V
1773 1854 1979 1901 iperincte,

155 1907 431 1957 Calabriam,
466 1907 789 1957 Contrayervae
813 1911 1083 1960 virg-inionem
1114 1912 1271 1957 dictae]
1302 1914 1411 1957 apud
1434 1913 1613 1949 medicos
1635 1921 1739 1948 usus
1762 1914 1842 1958 est,
1875 1920 1980 1955 quae

151 1976 203 2002 ex
227 1962 520 2001 Aristolochia
544 1964 827 2013 Serpentm-fa
849 1970 969 2006 Linn.
994 1974 1034 2006 et
1057 1966 1351 2004 Aristolochia
1374 1966 1723 2019 officinaliNees.
1741 1977 1816 2005 nec
1831 1978 1912 2004 non
1928 1977 1981 2005 ex

150 2023 247 2059 aliis
279 2023 497 2066 speciebus
528 2024 571 2060 in
601 2025 792 2062 America
822 2026 977 2063 boreali
999 2026 1280 2063 crescentibus
1303 2029 1497 2072 collecta,
1531 2029 1568 2062 et
1590 2029 1640 2062 ab
1664 2025 1980 2062 autochtonibus

150 2081 354 2116 adversus
370 2081 522 2117 Crotali
545 2092 721 2117 morsum
745 2085 974 2129 celebrata,
1006 2086 1175 2120 saeculo
1199 2084 1351 2119 decimo
1374 2084 1544 2127 septimo
1560 2083 1790 2125 Europaeis
1809 2082 1981 2119 medicis

150 2136 343 2184 innotuit,
375 2141 414 2173 et
444 2141 491 2173 ob
524 2137 689 2174 virtutis
710 2141 1007 2182 praestantiam
1029 2149 1129 2184 prae
1151 2141 1368 2183 speciebus
1387 2133 1599 2184 'indigenis
1621 2139 1813 2183 usurpari
1835 2139 1978 2183 coepit.

148 2195 182 2230 Ε
200 2194 416 2236 speciebus
433 2195 870 2232 boreali-americanis
889 2193 1182 2232 Aristolochicz
1200 2194 1326 2243 Sipho
1343 2197 1486 2245 Linu.,
1510 2207 1561 2233 ex
1577 2196 1794 2234 antillanis
1812 2192 1981 2230 Aristo-

151 2247 293 2284 lochicc
311 2249 520 2286 trilobatcc
534 2252 653 2289 Linn.
681 2251 873 2296 [stipites
888 2254 1189 2290 Aristolochiae
1212 2255 1427 2290 trilobatae
1449 2253 1655 2301 Officin.],
1687 2249 1981 2288 Aristolochia

149 2305 455 2343 odoratissima
477 2307 596 2346 Linn.
622 2314 661 2346 et
684 2303 979 2345 Aristolochicc
1008 2311 1314 2346 surtnmnensis
1336 2311 1505 2357 winih,
1538 2322 1561 2348 e
1582 2310 1785 2352 Peruvanis
1811 2308 1979 2345 Aristo-

149 2361 292 2399 lochia
305 2364 678 2413 fragrantissima
699 2367 839 2414 Ruiz.7
871 2378 924 2404 ex
945 2368 1097 2404 indicis
1120 2364 1413 2402 Aristolochiez
1434 2366 1580 2403 indica
1601 2368 1722 2404 Linn.
1754 2371 1791 2403 et
1811 2363 1979 2402 Aristo-

150 2419 293 2456 lochia
309 2420 541 2457 bracteam
556 2425 672 2460 Retz.
685 2450 694 2468 ,
727 2424 832 2459 inter
849 2425 1067 2468 popularia
1085 2425 1421 2467 alexipharmaca
1437 2428 1716 2472 celebrantur,
1749 2424 1877 2460 radici
1893 2426 1979 2460 vir-

95 2506 102 2508 .
150 2478 346 2523 ginianae
374 2479 534 2516 viribus
565 2481 724 2516 similes
758 2486 794 2516 et
827 2482 974 2524 partim
1006 2483 1350 2525 aequiparandae.
1410 2482 1647 2525 Specierum
1672 2481 1980 2518 brasiliensium

152 2531 490 2577 (Aristolochiae
514 2536 774 2585 conmiserat?
797 2541 936 2585 Mart„
971 2535 1287 2573 Aristolochiae
1315 2548 1572 2574 ntacrourae
1589 2541 1775 2585 Gomez.,
1808 2534 1979 2572 Aristo-

150 2589 318 2626 lochiae
338 2593 546 2639 ringentis
576 2595 719 2640 Vahl.,
753 2590 1069 2629 Aristolochiae
1091 2594 1357 2630 masiliensis
1387 2599 1527 2644 Mart.,
1560 2583 1876 2630 Aristolochiae
1895 2605 1977 2641 ga-

151 2647 294 2682 leatae
316 2652 458 2695 Mart.,
494 2647 808 2685 Aristolochiae
832 2650 1092 2698 cymbiferae
1115 2656 1235 2689 Mart.
1260 2656 1299 2688 et
1315 2648 1631 2688 Aristolochiae
1653 2650 1842 2687 labz‘osae
1857 2651 1977 2697 ΚΒΓ.)

149 2706 280 2742 virtus
296 2706 477 2742 maxima
494 2707 684 2755 creditur,
703 2707 863 2744 radices
880 2706 1028 2753 (vulgo
1038 2706 1151 2742 Raiz
1163 2707 1211 2742 de
1219 2706 1491 2744 Mil-homeres
1509 2713 1547 2746 et
1558 2708 1670 2745 Raiz
1679 2706 1976 2754 deJm-rmlta]

149 2761 332 2799 etiam'in
353 2765 559 2806 Europam
582 2768 855 2801 transvectae.
915 2762 1206 2800 Aristolochia
1230 2763 1458 2813 angnia-ida
1481 2764 1602 2803 Linn.
1626 2770 1664 2803 et
1686 2762 1978 2800 Aristolochia

153 2819 418 2855 lamacensis
441 2821 594 2856 Kunth.
620 2819 847 2865 (capitana
870 2821 918 2858 de
935 2822 1143 2867 Corazon]
1169 2822 1211 2858 in
1228 2822 1419 2859 America
1434 2823 1571 2859 calida
1586 2825 1786 2859 adversus
1803 2823 1977 2865 Vipera-

148 2886 235 2914 rum
258 2886 437 2925 morsum
460 2878 722 2926 adhibentur,
753 2879 896 2915 eadem
912 2875 1227 2914 Aristolochiae
1250 2877 1506 2929 corde'fole'ae
1521 2880 1658 2917 Mutis.
1684 2872 1977 2922 (conti-acapt-

150 2938 246 2969 tana
269 2935 317 2970 de
332 2937 546 2983 Mompox,
577 2937 674 2971 Flor
695 2936 744 2971 de
760 2937 955 2972 Alcatras
979 2936 1261 2986 tlehlortipox)
1274 2928 1378 2974 ¹laus
1394 2939 1478 2984 est,
1511 2939 1630 2981 cujus
1646 2936 1764 2973 flores
1781 2936 1974 2981 gigantei,

147 2992 232 3026 late
250 2991 463 3038 celebrati,
493 2991 632 3035 pueris
647 2992 792 3029 mitrae
809 2993 942 3029 instar
957 2993 1202 3030 inserviunt.
1259 2995 1436 3031 Decocto
1454 2990 1768 3029 Aristolochiae
1775 2990 1976 3042 foetidae

147 3047 299 3083 Kunth.
324 3045 503 3090 (Hierba
525 3050 590 3084 del
612 3048 753 3093 Indio)
777 3050 988 3086 Mexicani
1010 3053 1151 3087 ulcera
1172 3053 1329 3087 lavant.
1388 3047 1681 3086 Aristolochiae
1702 3046 1976 3097 grandiflora

148 3104 324 3140 SwartZ.
341 3104 386 3140 111
402 3105 590 3141 Jamaica
608 3106 844 3154 monticola,
876 3106 1171 3156 foetidissima,
1202 3109 1322 3144 odore
1337 3107 1564 3157 narcotico,
1595 3108 1776 3154 ingrato,
1809 3109 1859 3142 ad
1878 3108 1975 3142 odo-

148 3163 232 3195 rem
261 3156 496 3196 Vulvariae
519 3164 755 3210 accedente,
787 3164 1022 3212 pecoribus,
1054 3165 1281 3208 suibusque
1302 3165 1429 3201 noxia
1452 3163 1573 3209 [hinc
1594 3165 1746 3210 Anglis
1769 3160 1978 3198 Poisoned

148 3214 373 3263 Hogmead
392 3218 522 3265 dieta3
550 3219 800 3263 Nigritarum
815 3230 917 3265 gens
939 3221 984 3257 in
1000 3221 1314 3258 denominandis
1330 3222 1484 3265 plantis
1499 3222 1600 3258 mire
1614 3221 1796 3268 lasciva,
1829 3224 1878 3257 ob
1895 3221 1974 3257 ali-

147 3282 268 3316 quam
286 3273 420 3310 faucis
437 3284 563 3319 saepe
579 3277 884 3320 conglutinatae
900 3277 1227 3327 similitudinem,
1262 3275 1522 3326 Cuntslower
1538 3277 1742 3322 nominat]
1760 3277 1969 3314 arthritico

152 3331 332 3366 medetur
348 3331 495 3378 dolori,
527 3332 688 3368 balneis
703 3333 857 3370 addita.

287 3387 592 3424 Aristolochiae
614 3389 775 3433 species
798 3390 842 3427 in
865 3391 1029 3435 Europa
1053 3392 1292 3428 australiori
1310 3395 1345 3428 et
1366 3401 1435 3435 per
1450 3400 1606 3428 omnem
1624 3391 1828 3436 regionem
1843 3391 1971 3428 medi-

147 3448 374 3480 terraneam
407 3447 550 3488 sponte
578 3449 828 3493 crescentes,
862 3450 958 3483 ante
987 3451 1193 3485 reclusum
1221 3448 1462 3485 mortalibus
1493 3457 1687 3485 oceanum
1720 3447 1972 3492 frequentius
1998 3462 2006 3465 χ

149 3499 374 3550 adhibitae,
407 3503 454 3538 ob
481 3503 820 3540 transatlanticae
842 3504 990 3543 mercis
1010 3506 1305 3550 praestantiam
1331 3500 1498 3541 minoris
1521 3506 1638 3541 hodie
1662 3506 1769 3549 apud
1792 3505 1970 3542 medicos
