2147 3756
947 72 1066 122 265

97 258 309 295 muscosa,
339 244 548 284 humentia
577 250 616 282 et
638 245 841 290 paludosa
862 255 901 281 v.
925 254 1092 281 arenam
1114 243 1332 280 littoralem
1357 250 1515 292 amant,
1546 255 1704 289 paucae
1727 248 1771 284 in
1792 249 1921 285 editos

97 312 253 345 montes
277 306 549 347 adscendunt,
582 312 634 339 ex
657 302 722 337 his
740 299 1038 348 Lysv'pomt'tta,
1071 300 1322 337 dehiscentia
1344 302 1574 344 operculari
1597 303 1848 353 singularia,
1881 307 1924 342 iu

99 361 339 400 editissimis
355 360 535 396 Andium
566 368 836 402 peruanorum
862 358 995 403 jugis,
1027 360 1066 394 et
1091 355 1393 401 Heterotoma,
1426 367 1556 402 genus
1579 361 1850 408 paradoxum,
1882 362 1926 397 in

99 418 372 464 frigidissima
387 416 694 451 mexicanorum
711 415 875 457 regione
890 415 1088 450 habitant.
1146 414 1313 457 Species
1335 414 1410 449 vix
1425 423 1504 449 non
1522 423 1661 452 omnes
1678 417 1925 465 endemicae,

98 484 299 518 caperises
315 473 480 515 'aliquot
503 472 545 507 in
568 473 684 507 Nova
700 472 941 518 llollandia,
972 480 1097 507 unam
1120 471 1244 507 etiam
1266 471 1309 506 in
1326 470 1454 518 cirili,
1486 474 1669 513 repertas
1687 472 1817 508 fuisse
1834 483 1925 516 per-

98 531 252 569 hibent.
312 527 487 564 Lobelz'a
506 524 788 574 Clafforciana
804 527 924 564 Linn.
948 537 1019 572 per
1041 527 1228 573 regiones
1253 527 1414 565 calidas
1435 526 1558 564 totius
1575 528 1684 566 orbis
1701 531 1750 566 ab
1767 529 1927 566 homine

100 589 302 633 dispersa.

243 649 608 703 Qualitates
633 658 672 692 et
695 660 864 696 usus.
922 652 1191 690 Lobeliaeeae
1216 653 1348 691 foetae
1365 657 1461 692 sunt
1477 663 1601 691 succo
1615 656 1772 701 lacteo,
1803 657 1928 691 vehe-

99 715 353 752 mentissime
383 714 469 749 acri
500 717 537 749 et
560 713 785 759 narcotico,
817 711 885 753 qui
907 714 1038 745 cutem
1062 711 1234 746 corrodit
1258 715 1294 746 et
1319 721 1385 747 ore
1409 714 1621 748 absumtus
1644 711 1928 748 intestinorum

100 770 480 815 inflammationem,
510 770 705 805 vomitum
729 771 766 803 et
790 767 876 803 alvi
900 767 1052 802 fluxum
1075 776 1324 813 provocans,
1356 769 1513 804 bestias
1538 772 1573 804 et
1597 768 1799 803 hominem
1814 769 1927 804 brevi

99 828 308 864 interimit.
366 824 711 861 Venenatissimis
734 823 886 866 plantis
911 823 1049 864 itaque
1072 825 1372 870 accensendae,
1404 827 1628 860 nonnullae
1651 828 1786 860 tamen
1803 832 1828 860 a
1844 833 1929 860 me·-

102 885 206 920 dicis
224 880 547 918 transatlanticis
563 880 668 915 inter
684 879 916 915 cautissimi
933 888 1032 914 usus
1050 882 1268 921 pharmaca
1285 881 1511 927 admissae,
1537 881 1617 916 imo
1634 882 1686 917 ad
1700 890 1777 916 nos
1795 885 1930 916 trans-

100 943 243 978 vectae
260 939 436 973 fuerunt.
485 933 656 970 Lobelia
672 943 798 969 urens
814 936 950 981 Linn.,
975 934 1018 970 in
1033 936 1199 978 Europa
1215 936 1460 972 occidentali
1477 944 1512 972 et
1530 937 1706 973 australi
1720 937 1928 982 indigena,

98 995 315 1041 pecoribus
346 993 542 1036 exitiosa,
576 996 624 1028 ob
655 994 820 1035 plantae
851 990 1059 1027 raritatem
1089 992 1162 1027 vix
1191 992 1297 1028 inter
1319 993 1480 1029 virosas
1504 998 1706 1030 nostrates
1729 993 1931 1029 nominari

101 1055 220 1090 solet.
286 1047 502 1096 Taparum
519 1048 765 1085 clrilensium
783 1047 949 1091 [Tapae
964 1048 1143 1083 Feuillei
1159 1049 1261 1083 Don.
1274 1076 1284 1094 ,
1316 1050 1456 1093 Tupae
1473 1050 1645 1086 Berterii
1661 1050 1756 1097 DC„
1787 1052 1930 1093 'rupae

99 1107 351 1146 salicifoliae
373 1105 501 1150 Bon.)
524 1105 762 1141 dele-terium
784 1105 913 1139 virus.
972 1105 1137 1139 Florum
1160 1105 1332 1141 halitum
1354 1106 1525 1141 naribus
1549 1110 1722 1142 tractum
1736 1107 1930 1143 vomitum

99 1165 208 1202 ciere
231 1164 455 1208 perhibent.
512 1160 766 1196 Isotomato's
783 1155 1115 1207 long-istorinon.
1133 1160 1353 1204 [Lobeliae
1374 1162 1615 1206 longifoliae
1631 1163 1775 1210 Linn.,
1805 1166 1929 1207 vulgo

99 1219 313 1256 Proventu
326 1216 549 1264 Caballos)
566 1218 746 1254 maxima
764 1218 868 1253 inter
886 1220 1050 1260 plantas
1066 1222 1292 1254 venenatas
1308 1219 1351 1254 in
1368 1219 1542 1254 Antillis
1560 1219 1669 1255 fama
1685 1224 1759 1256 est.
1796 1217 1930 1254 Lobe-

100 1276 204 1313 Iz’am
227 1273 427 1323 inflatam
449 1275 570 1312 Linn.
596 1274 743 1319 [vulgo
764 1274 1023 1318 Eye-briglrt
1048 1277 1086 1309 et
1106 1275 1253 1311 Indian
1276 1275 1489 1320 Tabacco]
1513 1283 1539 1311 a
1559 1276 1730 1313 medicis
1752 1276 1930 1313 boreali-

100 1334 347 1373 americanis
370 1333 476 1368 inter
497 1332 677 1368 remedia
699 1331 1064 1374 expectorantiaaet
1087 1331 1361 1374 diaphoretica
1378 1333 1621 1381 admissam,
1654 1336 1774 1376 atque
1789 1333 1932 1376 impri-

100 1392 181 1429 mis
202 1392 247 1427 in
270 1393 470 1427 asthmate
492 1390 670 1424 curando
694 1389 994 1435 praedicatam,
1026 1388 1236 1424 incautius
1253 1389 1579 1425 administratam
1596 1398 1740 1434 aegros
1757 1399 1931 1426 necasse

101 1451 275 1486 constat.
331 1443 531 1480 Lobelzae
555 1442 826 1505 sypm‘mcae
848 1445 968 1480 Linn.
993 1444 1114 1480 radix
1138 1445 1245 1480 acris
1268 1449 1304 1481 et
1330 1446 1521 1494 emetica,
1554 1449 1604 1482 ab
1621 1446 1838 1483 Americae
1862 1449 1934 1483 bo-

99 1505 226 1542 realis
258 1503 570 1540 autoclitonibus
601 1503 681 1538 adv
685 1511 801 1538 ersus
832 1511 882 1545 sy
887 1501 1115 1544 pliiliticum
1137 1505 1317 1538 morbum
1341 1512 1432 1538 cum
1454 1502 1591 1538 fructu
1614 1507 1767 1550 sumta,
1800 1507 1838 1539 et
1863 1503 1933 1540 diu

100 1562 206 1597 inter
235 1560 368 1606 gentis
399 1563 559 1595 secreta
588 1559 750 1605 habita,
780 1562 994 1602 postquam
1025 1567 1119 1594 aete
1150 1562 1200 1594 ab
1225 1559 1375 1603 Anglis
1407 1563 1513 1595 emta
1541 1560 1712 1596 medicis
1742 1560 1932 1607 innotuit,

99 1617 242 1654 multis
267 1617 506 1660 praedicata
529 1615 747 1660 encomiis,
780 1623 806 1650 a
829 1615 1157 1658 prudentioribus
1178 1615 1298 1651 hodie
1321 1616 1547 1659 seponitur.
1606 1613 1804 1652 Lobelzae
1824 1614 1934 1651 Car-

101 1672 257 1709 dz‘nalz‘s
273 1673 394 1710 Linn.
412 1672 589 1716 radicem
606 1671 980 1708 anthelminthicam
1000 1674 1153 1713 putant.

238 1733 273 1766 Ε
307 1726 622 1774 Se’plcoecmepylz'
652 1724 925 1761 Canes-choat-
955 1730 1059 1763 Don.
1096 1730 1205 1762 lacte
1236 1727 1386 1771 gummi
1425 1727 1641 1764 elasticum
1677 1728 1723 1766 in
1752 1729 1934 1766 Peruvia

99 1787 260 1837 parari,
297 1784 626 1832 Ceatmpogom's
643 1782 950 1820 surz'namense's
967 1784 1049 1820 DC.
1066 1786 1217 1820 baccas
1235 1785 1389 1821 comedi
1403 1783 1579 1821 'relatum
1595 1788 1670 1823 est.

482 1907 653 1953 ordo
685 1905 914 1953 CXXV.
981 1904 1550 1963 Campanulaceae.

241 2011 436 2058 Herbae
474 2025 656 2056 annuae
694 2026 738 2056 v.
771 2025 1030 2073 perennes,
1078 2009 1353 2073 plerumque
1392 2009 1732 2069 lactescentes,
1779 2011 1933 2058 rarius

101 2083 395 2139 suffrutices,
441 2081 566 2128 foliis
598 2080 794 2127 alternis
827 2097 868 2129 v.
900 2078 1135 2127 interdum
1168 2081 1421 2144 oppositis,
1461 2082 1770 2146 simplicibus,
1811 2083 1933 2129 inte-

102 2157 199 2218 gris
229 2171 275 2201 v.
313 2152 504 2209 Iobatis,
536 2152 811 2216 plerumque
845 2152 1051 2199 eleuatis
1082 2168 1126 2200 v.
1160 2150 1388 2211 dentatis,
1435 2152 1723 2200 radicalibus
1755 2170 1782 2200 a
1821 2169 1932 2200 cau-

103 2227 212 2274 linis
265 2240 410 2287 saepe
429 2217 690 2280 diversis,
755 2223 1066 2287 exstipulatis.
1154 2223 1328 2271 Floras
1378 2225 1607 2287 perfecti,
1667 2224 1930 2287 legulares,

102 2297 325 2345 axillares
363 2311 406 2343 v,
439 2294 735 2352 terminales,
784 2295 1042 2351 laceniosi,
1091 2294 1261 2357 spicati
1298 2311 1341 2341 v.
1377 2295 1650 2357 glomerati,
1699 2294 1932 2342 interdum

101 2366 379 2433 paniculati,
440 2364 552 2411 nudi
597 2382 639 2411 v.
679 2364 912 2412 interdum
959 2364 1231 2423 involucro,
1295 2365 1446 2416 libero
1492 2376 1572 2413 aut
1613 2383 1715 2413 cum
1755 2366 1934 2429 ealycis

104 2438 215 2486 tubo
256 2437 432 2485 coalito
471 2437 652 2483 muniti.
737 2438 894 2498 Calgsoe
930 2436 1042 2482 tubo
1084 2452 1186 2482 cum
1227 2437 1440 2497 germine
1471 2454 1514 2484 v.
1549 2438 1651 2500 ejus
1683 2437 1785 2484 basi
1817 2453 1934 2483 con-

102 2518 238 2565 nato,
284 2506 425 2554 limbo
465 2523 637 2570 supero
676 2524 719 2554 v.
762 2508 1078 2570 semisupero,
1124 2508 1438 2569 persistente,
1485 2509 1757 2571 plerumque
1800 2508 1934 2572 quin-

104 2577 314 2643 quefido,
348 2579 498 2624 rarius
529 2576 997 2636 tri-sex-octofido,
1031 2578 1268 2624 rarissime
1301 2586 1542 2636 truncato,
1576 2578 1695 2625 lobis
1721 2579 1934 2640 margine

104 2651 254 2716 planis
300 2665 346 2696 v.
395 2649 605 2704 inflexis,
664 2649 710 2694 in
756 2647 960 2695 lobulum
1007 2649 1156 2694 sinum
1202 2648 1508 2710 obtegentem
1555 2648 1933 2706 decurrentibus,

103 2737 191 2786 per
221 2720 580 2768 aestivationem
611 2718 828 2767 valvatis.
912 2720 1109 2765 Corolla
1141 2720 1458 2783 gamopetala,
1515 2737 1711 2783 supera,
1761 2720 1933 2766 annulo

104 2794 230 2839 inter
284 2791 461 2855 calycis
512 2789 671 2837 tubum
725 2799 774 2837 et
825 2805 1020 2852 germen
1065 2798 1312 2852 protruso,
1374 2791 1614 2837 rarissime
1661 2791 1708 2837 in
1755 2789 1935 2836 discum

104 2863 278 2920 effuso,
325 2878 653 2925 nonnunquam
691 2861 738 2907 in
779 2860 985 2907 tubulum
1024 2860 1135 2924 styli
1174 2859 1320 2907 basim
1359 2861 1660 2924 vaginantem
1697 2860 1931 2925 producto

105 2934 308 2991 inserta,
355 2931 654 2979 marcescens
692 2948 736 2979 v.
777 2932 931 2978 rarius
979 2929 1202 2989 decidua,
1251 2933 1574 2995 campanulata
1617 2949 1660 2979 v.
1703 2931 1932 2989 tubulosa,

105 3003 247 3052 limbo
281 3003 384 3067 plus
416 3003 564 3050 minus
595 3001 829 3066 profunde
861 3001 1035 3061 diviso,
1083 3002 1204 3049 lobis
1237 3011 1308 3049 tot
1347 3012 1460 3067 quot
1498 3003 1698 3051 laciniae
1740 3003 1935 3067 calycis,

104 3075 417 3122 aestivatione
455 3074 678 3133 valvatis,
726 3073 810 3121 suh
853 3073 1247 3137 anthesi*patulis
1279 3091 1323 3121 v.
1358 3075 1559 3132 erectis,
1605 3090 1933 3137 nonnunquam

105 3147 242 3210 apice
275 3145 660 3192 cohaerentibus.
735 3146 956 3192 Stamina
995 3161 1097 3192 cum
1131 3145 1311 3192 corolla
1341 3146 1544 3204 inserta,
1588 3144 1800 3208 ejusdem
1831 3144 1934 3192 basi

106 3231 438 3280 nonnunquam
475 3214 807 3274 adhaerentia,
854 3215 974 3263 lobis
1013 3232 1207 3263 numero
1249 3216 1490 3279 aequalia3
1537 3216 1814 3278 filamenlz‘s
1852 3231 1935 3263 ae-

106 3286 342 3352 qualibus,
382 3286 484 3334 basi
515 3287 788 3350 saepissime
822 3285 1460 3344 membranaceo-dilatatis,
1501 3287 1859 3335 conniventibus
1890 3303 1932 3334 v.

107 3357 410 3415 subcoalitis,
473 3373 677 3421 superne
736 3357 1337 3415 attenuato-filiformibus,
1399 3357 1645 3416 discretis,
1715 3359 1947 3406 anthere’s'

106 3429 348 3488 introrsis,
393 3426 754 3488 biloc'ularibus,
809 3427 1216 3492 longitudinaliter
1261 3427 1636 3488 dehiscentibuS,
1669 3427 1932 3498 ¹distinctis

463 3557 480 3565 s
