2147 3756
971 175 1086 225 557

257 345 478 382 TRIBUS
506 345 597 383 III.
660 344 1065 384 HOTTONIEAE.
1142 346 1332 394 Capseclcc
1364 357 1557 398 supera,
1605 346 1817 387 valxatim
1860 348 1935 388 de·

115 400 309 442 hiscens.
370 402 539 439 Serm’na
563 407 808 454 anatropa,
840 398 934 442 hilo
960 395 1166 442 basilari.

755 503 965 539 Genus
1015 510 1284 541 UNlcUM.

673 574 798 610 4214.
828 574 1020 609 Hottonia
1040 570 1162 607 Lv‘nn.

886 621 1096 657 Stratiotes
1120 620 1234 656 rain.

256 722 482 760 TRIBUS
507 723 591 765 IV.
645 723 969 761 SAMOLEAE.
1038 724 1226 772 Capsula
1255 723 1568 776 semisupera,
1606 721 1828 764 valvatim
1860 722 1934 764 de-

109 774 307 819 hiscens.
369 780 537 818 Semina
566 785 816 833 anatropa‚
847 777 941 819 hilo
974 779 1182 818 basilari.
1911 784 1915 789 “

732 883 965 929 &anus
1012 889 1287 918 nwrcurr.

670 951 792 988 4215.
825 953 1016 986 8311101113
1039 949 1243 998 Tonrnef.

887 998 1117 1032 Sheffielttia
1133 998 1262 1033 Forst.

752 1086 969 1127 Genus
1015 1085 1287 1127 dubium.

669 1156 795 1212 42153'2.
825 1163 1020 1206 Euparea
1036 1158 1199 1198 Banks.

611 1254 797 1296 Genus
830 1254 1206 1296 Primulaceis
1238 1254 1430 1296 affine.

667 1332 792 1368 4216.
822 1331 1076 1367 Schwenkia
1093 1326 1214 1364 Lz‘nn.

888 1378 1161 1412 Chaetochilus
1183 1377 1294 1412 thtl.

887 1421 1043 1455 Mathe&
1056 1421 1164 1456 Flor.
1180 1421 1311 1457 Flam.

752 1508 974 1551 Genera
1010 1510 1100 1550 vix
1139 1512 1285 1551 nota.

782 1599 996 1635 Manaelia
1016 1596 1158 1635 Bowd.

779 1655 988 1699 Findlaya
1001 1652 1146 1690 Bowd.

245 1745 569 1792 Affinitas·
627 1753 731 1789 Ordo
753 1754 974 1790 staminum
998 1757 1092 1790 ante
1116 1751 1491 1790 corollaelacinias
1508 1752 1611 1801 situ,
1643 1754 1825 1798 germine
1841 1755 1935 1793 uni-

104 1809 302 1855 loculari,
334 1809 549 1854 gemmulis
579 1810 843 1853 amphitropis
875 1809 1232 1857 distinctissimus,
1264 1810 1367 1846 solis
1395 1810 1643 1857 Myrsineis,
1675 1812 1822 1854 quipus
1850 1822 1936 1849 me-

107 1867 246 1903 diante
268 1867 526 1901 Dodeeatheo
549 1869 587 1901 et
609 1866 780 1902 Ardisia
802 1867 1058 1909 aliquomodo
1081 1866 1219 1903 affinis
1242 1870 1325 1915 est,
1355 1868 1668 1910 comparandus.
1724 1870 1859 1912 Major
1874 1873 1935 1907 est

105 1931 197 1959 cum
212 1923 452 1959 Solanaceis
468 1921 715 1970 similitudo,
747 1923 954 1959 distinctio
970 1923 1123 1959 facilis.

251 1986 682 2044 Geographia.
740 1993 1026 2030 Primulaceae
1064 1992 1242 2030 maximo
1270 2001 1436 2030 numero
1466 1991 1510 2028 in
1540 1994 1777 2038 temperatis
1805 1996 1935 2032 hemi-

109 2052 311 2094 sphaerae
339 2050 542 2095 borealis,
573 2049 774 2093 imprimis
803 2051 991 2098 Europae
1021 2054 1057 2086 et
1080 2050 1212 2086 Asiae
1235 2050 1400 2096 obviae3
1430 2050 1631 2093 plurimae
1653 2056 1871 2089 montanae
1895 2056 1934 2089 et

106 2107 323 2149 alpicolae.
380 2106 569 2150 Exiguus
600 2110 659 2142 est
689 2107 918 2149 specierum
950 2107 992 2142 in
1023 2107 1259 2149 temperatis
1281 2110 1395 2142 trans
1419 2106 1702 2149 capricornum
1724 2118 1931 2145 numerus.

109 2164 270 2198 Genera
291 2164 490 2205 quaedam
511 2163 712 2199 littoralia
734 2167 772 2199 et
788 2164 970 2206 alpicola
985 2164 1091 2199 inter
1107 2163 1282 2206 tropicos
1299 2166 1517 2199 observata
1532 2163 1706 2200 fuerunt.
1764 2166 1932 2213 Samoli,

102 2219 308 2255 latissime
336 2229 408 2263 per
436 2223 634 2256 terrarum
664 2223 799 2257 orbem
830 2220 1027 2268 dispersi,
1058 2221 1102 2255 in
1124 2222 1241 2256 Nova
1263 2219 1484 2256 Hollandia
1506 2219 1835 2264 frequentissime
1856 2230 1933 2258 na-

103 2279 288 2312 scuntur.

247 2339 611 2392 Qualitates
636 2348 674 2383 et
696 2353 864 2388 usus.
910 2347 1192 2384 Primulaceae
1205 2347 1314 2384 floris
1332 2348 1476 2391 decore
1494 2346 1930 2397 commendatissimae,

104 2401 189 2439 rari
210 2403 319 2446 apud
334 2404 512 2439 medicos
530 2413 630 2440 usus
647 2408 756 2441 sunt.
813 2405 990 2441 Radices
1008 2405 1273 2448 plurimarum
1290 2404 1524 2440 substantia
1539 2405 1626 2441 acri
1640 2405 1822 2452 volatili,
1852 2405 1931 2441 mi-

105 2460 220 2495 nima
241 2460 284 2495 in
308 2460 513 2504 plerisque
535 2461 718 2504 portione
741 2461 872 2497 foetae
895 2465 1010 2508 sunt,
1043 2462 1152 2497 aliae
1174 2461 1450 2497 substantiam
1464 2461 1733 2497 extractivam
1749 2470 1932 2498 amaram

106 2519 145 2550 et
182 2515 408 2551 resinosam
444 2519 680 2563 concelant,
716 2521 843 2554 herba
881 2520 1169 2553 nonnullarum
1200 2517 1480 2564 adstringens,
1517 2517 1782 2560 plurimarum
1811 2518 1930 2555 flores

105 2574 413 2616 suaveolentes,
452 2573 532 2608 olei
563 2573 740 2610 aetherei
770 2574 928 2617 aliquid
958 2576 1141 2617 produnt.
1206 2571 1425 2607 Primulae
1455 2573 1566 2608 veris
1595 2574 1714 2610 Linn.
1747 2572 1930 2616 (Herhae

103 2628 368 2672 Paralyseos,
394 2631 517 2672 vulgo
533 2629 978 2677 Himmelsschlt'isselJ,
1002 2633 1168 2673 plantae
1184 2630 1378 2666 nostratis
1394 2630 1581 2674 vulgaris
1598 2630 1783 2676 notitiae,
1810 2631 1930 2666 radix

107 2693 250 2720 recens
272 2684 377 2720 Allii
409 2689 443 2720 et
467 2685 589 2720 Anisi
611 2688 730 2721 odore
752 2687 912 2733 gravis,
945 2687 1218 2723 substantiam
1248 2695 1449 2732 amaram,
1481 2687 1711 2730 Seneginae
1739 2686 1927 2731 similem,

105 2744 142 2777 et
161 2740 241 2775 olei
258 2741 434 2776 aetherei
454 2739 697 2784 particulam
715 2745 896 2778 concelat
909 2770 918 2788 ,
943 2743 1127 2785 patribus
1145 2743 1251 2778 inter
1266 2743 1442 2778 remedia
1457 2743 1822 2791 nervino-tonica,
1854 2745 1929 2779 ad-

105 2806 252 2833 versus
281 2806 522 2841 organorum
552 2799 711 2834 urinam
743 2799 975 2841 parantium
998 2803 1036 2833 et
1057 2799 1315 2834 evellentium
1337 2800 1571 2845 passiones,
1604 2802 1641 2834 et
1664 2802 1806 2835 0011113
1826 2799 1928 2835 arti-

106 2856 288 2889 culorum
307 2855 465 2890 dolores
482 2855 686 2901 adhibita,
719 2856 866 2890 dudum
885 2864 910 2890 a
925 2855 1094 2890 medicis
1109 2855 1290 2898 seposita
1306 2857 1379 2890 est.
1432 2855 1588 2890 Similis
1606 2855 1794 2891 soliorum
1810 2865 1924 2892 113113.

103 2908 238 2946 Insusi
255 2909 393 2946 florum
410 2911 540 2946 virtus
557 2912 702 2947 leniter
718 2911 957 2958 stiinulanS,
991 2911 1283 2960 diaphoretica.
1329 2909 1547 2946 Prv'mzclcze
1565 2907 1793 2945 Auria-ulae
1806 2912 1926 2948 Linn.

109 2965 358 3010 [Auriculae
374 2965 510 3014 Ursi),
539 2968 729 3011 alpicolis
747 2968 869 3003 etiam
886 2969 1088 3003 adversus
1106 2968 1297 3011 phthisim
1312 2970 1628 3014 commendatae,
1656 2968 1806 3004 similis
1823 2977 1926 3004 usus

106 3026 182 3057 est.
242 3020 509 3057 Soldanellae
525 3024 672 3060 leniter
686 3028 874 3069 purgant.
937 3022 1224 3070 Gya-laminam
1243 3022 1476 3067 (Saubrod)
1494 3024 1677 3061 rhizoma
1692 3027 1926 3061 tuberosum

108 3075 278 3121 (Radix
296 3073 586 3124 Arthamrae)
610 3090 755 3117 reeens
777 3090 1023 3128 mucosums
1040 3089 1243 3124 amarum,
1275 3081 1557 3116 vehementius
1581 3090 1695 3127 3016,
1728 3080 1927 3117 drastice-

106 3143 309 3180 purgans,
333 3136 564 3181 emeticum,
583 3139 764 3173 abortum
781 3147 1020 3180 provocans.
1078 3138 1238 3173 siccum
1257 3147 1295 3172 v.
1313 3137 1406 3179 igne
1421 3142 1569 3173 tostum
1585 3138 1694 3173 iners
1711 3141 1792 3183 est,
1811 3139 1926 3172 tube-

83 3215 85 3217 -
107 3200 192 3226 rum
213 3191 252 3226 in
271 3192 429 3226 modum
447 3195 582 3235 amylo
597 3194 838 3229 scatentium
856 3195 985 3230 edule.
1043 3189 1346 3240 Anagallv’decm
1363 3196 1488 3229 herba
1504 3202 1924 3239 mucoso-nauseosa,

109 3247 202 3283 dein
227 3257 316 3283 cum
343 3249 514 3283 notabili
537 3250 728 3288 acredine
747 3259 908 3296 3111313,
940 3251 1146 3287 veteribus
1163 3251 1363 3286 adversus
1379 3251 1582 3286 viscerum
1599 3255 1817 3295 torporem,
1848 3252 1926 3292 hy-

109 3304 293 3349 dropem,
323 3303 501 3339 maniam
526 3309 565 3340 et
587 3305 851 3352 epilepsiam,
882 3307 1003 3343 etiam
1021 3308 1220 3343 adversus
1237 3310 1470 3348 serpentum
1488 3310 1524 3341 et
1541 3306 1657 3341 canis
1675 3306 1802 3341 rabidi
1819 3315 1927 3340 mor-

107 3369 178 3395 sus
208 3361 391 3396 laudata.
450 3356 716 3407 Anagallz'dv‘s
745 3362 938 3406 arvetqse's
969 3366 1149 3399 extracto
1180 3364 1461 3399 drachmarum
1491 3363 1645 3404 aliquot
1669 3361 1758 3397 dosi
1782 3370 1924 3398 canem

108 3416 269 3462 necari,
309 3420 530 3460 provocata
564 3421 823 3454 membranae
858 3428 1051 3456 mucosae
1081 3419 1301 3455 ventriculi
1330 3418 1665 3462 inflammatione,
1704 3418 1948 3469 perhibent„

111 3468 346 3507 Trz‘entcrle’s
375 3481 612 3518 europaeae
639 3474 759 3510 Linn.
791 3475 910 3510 radix
939 3476 1123 3512 emetiea.
1188 3472 1558 3520 Jraessanachiarnm
1588 3477 1712 3510 herba
1742 3474 1926 3510 acidulo-

108 3536 269 3577 amara,
293 3528 440 3566 leniter
455 3530 727 3574 adstringens.
772 3522 1178 3575 species'nostrates:
1199 3528 1475 3578 Lysimachia
1492 3527 1789 3566 Necmmularz'a
1803 3530 1923 3567 Linn.
