2147 3756
965 89 1073 140 165

100 260 299 307 baccato
333 256 506 305 elevati
538 267 585 304 et
616 259 782 321 partim
817 258 1036 321 ejusdcm
1070 255 1364 320 marginibus
1398 258 1560 305 cincti.
1628 260 1800 307 Semen
1824 262 1937 307 ‘uni-

103 346 231 386 cum,
294 330 586 384 uncinatum,
651 330 977 391 integumento
1026 337 1302 387 crustaceo‚
1363 329 1522 390 fragili
1567 345 1611 376 v.
1657 331 1931 378 tenuissime

82 399 485 456 membranaceo,
536 400 629 445 hilo
677 401 898 447 ventrali.
987 400 1196 462 Embryo
1248 399 1372 446 intra
1411 399 1626 445 albumen
1669 416 1931 459 carnosum,

99 471 200 534 plus
233 471 381 516 minus
424 471 666 532 copiosum
706 471 987 533 homotrope
1028 471 1307 528 uncinatus,
1356 470 1727 531 cotyledonz‘bus
1768 471 1934 518 oblon-

100 541 194 603 gis,
226 541 400 605 planis,
434 540 836 599 incumbentibus,
869 543 1094 588 radicula
1125 541 1230 603 plus
1261 542 1408 586 minus
1441 541 1606 600 longa,
1639 557 1823 604 supera.

873 673 1160 707 GENERA.

189 756 309 791 1855.
339 754 621 799 Epicarpurus
637 751 801 791 Blume.
1125 755 1247 791 1859.
1278 753 1403 790 Ficus
1427 752 1630 803 Tnnrneff.

424 804 634 837 Albi-antlia
655 803 846 838 Gaudich.
1366 810 1524 843 Erosma
1541 809 1654 844 Roth.

187 855 309 890 ¹856·
339 857 482 890 M⁰r¹¹s
506 852 709 907 T‘mrnes}
1127 875 1248 910 1860.
1280 875 1501 910 Dorstenia
1517 873 1650 909 Plum-

228 923 240 926 ”
422 902 608 946 Anwalus
626 903 714 948 Bo).
1028 915 1030 921 Ι
1189 942 1225 963 a.
1252 928 1473 972 Sychinium
1491 930 1604 964 Desv.

336 1010 522 1046 &Fatoua
541 1006 749 1045 Gaudia-k.
1189 985 1224 1019 b'
1251 986 1461 1020 Dorstenia
1476 985 1589 1032 ΜΨ·

188 1082 311 1117 1857.
342 1084 534 1117 Maclura
552 1077 671 1117 Nate.

187 1140 307 1174 1858.
337 1138 631 1173 Broussonetia
653 1133 773 1173 Vent.
1279 1121 1486 1159 ”sosaria
1502 1118 1652 1157 FOYSk·

422 1186 615 1230 Papyrius
632 1185 744 1221 Lam.

237 1286 561 1333 Affinitas.
622 1295 748 1340 Ordo,
779 1293 822 1329 in
838 1303 952 1337 quem
977 1301 1129 1338 genera
1153 1295 1295 1340 plura,
1327 1291 1460 1336 prima
1484 1292 1588 1329 facie
1614 1293 1827 1329 admodum
1850 1293 1938 1330 dis-

98 1349 253 1388 similia
270 1349 472 1397 (Morum,
504 1351 648 1386 Ficum
666 1355 704 1386 et
720 1350 1009 1395 Dorstenias),
1035 1350 1302 1386 nihilominus
1326 1350 1465 1385 florum
1490 1354 1525 1385 et
1550 1350 1755 1386 fructuum
1780 1350 1938 1388 fabrica

100 1407 283 1450 apprime
313 1407 419 1442 inter
440 1417 484 1442 se
509 1408 798 1443 convenientia
822 1409 1132 1451 conjunximus,
1165 1407 1358 1442 CeltideiS
1383 1410 1421 1442 et
1444 1407 1712 1450 Artocarpeis
1737 1407 1937 1444 affinitate

99 1464 311 1507 proximus
327 1468 402 1500 est.
460 1464 658 1499 Differunt
683 1469 818 1500 autem
835 1468 999 1500 Mor-eae
1023 1473 1049 1500 a
1066 1463 1260 1500 Celtideis
1285 1473 1409 1498 succo
1433 1466 1588 1509 lacteo,
1621 1463 1936 1512 inflorescentia,

100 1521 310 1567 stigmate,
335 1521 492 1556 fructus
509 1521 646 1556 indole
663 1525 699 1556 et
719 1521 941 1556 albuminis
961 1522 1099 1566 copia,
1124 1522 1173 1555 ab
1191 1520 1454 1562 Artocarpeis
1471 1523 1698 1564 gemmulae
1716 1521 1937 1557 directione

101 1581 138 1612 et
157 1577 378 1613 albuminis
397 1578 634 1620 praesentia
649 1578 853 1613 diversae.
884 1579 1127 1613 Urticaceae
1143 1586 1287 1622 verae,
1304 1577 1546 1619 quibuscum
1565 1578 1661 1613 olim
1678 1579 1936 1625 conjunctae,

103 1643 228 1671 succo
245 1643 396 1681 aqueo,
431 1638 466 1669 et
483 1637 701 1677 embryone
718 1635 760 1670 in
776 1633 930 1670 semine
947 1638 1078 1670 erecto
1097 1634 1299 1677 antitropo
1317 1634 1638 1677 distinguuntur.

244 1712 676 1769 Geogl·aphia.
736 1723 902 1755 Moreae
934 1719 1122 1762 regiones
1156 1718 1334 1761 tropicas
1360 1718 1698 1761 subtropicasque
1721 1717 1936 1762 utriusque

69 1773 410 1818 -liemisphaerae
442 1776 642 1822 incolunt,
682 1775 724 1810 in
755 1775 925 1811 fervidis
954 1775 1106 1819 veteris
1138 1775 1247 1810 orbis
1281 1777 1419 1818 paullo
1451 1775 1658 1817 copiosius
1690 1780 1933 1813 crescentes.

99 1833 266 1868 Paucae
282 1833 515 1868 Americam
539 1835 742 1869 borealem
768 1836 1032 1875 temperatam
1056 1831 1302 1868 inhabitant.
1363 1828 1490 1866 Ficus
1511 1829 1670 1866 Carica
1686 1834 1732 1868 1..
1758 1842 1809 1868 ex
1830 1833 1938 1869 Asia

99 1889 254 1925 minore
283 1889 428 1935 petita,
461 1890 503 1924 in
534 1889 698 1933 regione
728 1890 1026 1926 mediterranea
1055 1898 1162 1925 nunc
1193 1890 1359 1924 efferata
1383 1892 1560 1932 vegetat.
1618 1891 1756 1924 Moros
1782 1891 1935 1937 plures,

100 1946 196 1982 olim
213 1955 265 1981 ex
280 1947 408 1982 Asiae
431 1947 710 1989 penetralibus
733 1949 907 1995 allatas,
940 1949 1015 1984 sub
1034 1955 1213 1983 noverco
1230 1945 1366 1982 sidere
1383 1946 1578 1994 colimus,
1609 1945 1755 1982 hiemis
1771 1950 1938 1984 nostrae

103 2004 212 2039 haud
229 2003 503 2046 impatientes.

243 2081 605 2134 Quanta-tes
629 2091 669 2124 et
688 2094 859 2128 usus.
919 2090 1076 2125 Succus
1099 2091 1260 2125 lacteus
1286 2087 1330 2124 iu
1353 2088 1599 2132 quibusdam
1621 2097 1772 2132 parcus
1796 2091 1833 2124 et
1852 2088 1937 2126 fere

102 2147 286 2192 decolor,
317 2145 358 2181 in
391 2146 488 2181 aliis
513 2146 701 2189 copiosus
726 2149 884 2193 manat,
915 2146 958 2182 in
982 2147 1186 2189 plerisque
1210 2145 1320 2181 acris
1338 2150 1376 2180 et.
1394 2146 1646 2193 corrosivus,
1679 2146 1937 2182 substantias

102 2203 289 2238 diversas
311 2202 442 2249 venit,
475 2213 496 2238 e
521 2203 667 2246 quibus
693 2203 735 2238 in
757 2201 893 2238 Moris
909 2203 1099 2239 Mannita
1122 2206 1159 2238 et
1175 2203 1348 2238 Acidum
1367 2203 1644 2247 succinicum,
1675 2202 1719 2238 in
1737 2200 1938 2237 Mac-lura

99 2259 343 2304 principium
376 2262 563 2295 colorans
595 2260 802 2302 proprium
834 2258 1065 2307 (lumina),
1112 2264 1151 2296 et
1183 2259 1227 2295 in
1258 2259 1446 2302 plurimis
1472 2256 1653 2294 Fe‘cubns
1685 2259 1825 2295 resina
1849 2262 1936 2295 ela-

101 2316 208 2353 stica
236 2315 508 2352 nominandae
533 2319 643 2352 sunt.
700 2317 879 2353 Diversa
907 2317 1048 2353 laticis
1079 2317 1122 2351 in
1149 2316 1324 2352 diversis
1355 2316 1592 2362 speciebus,
1624 2316 1704 2352 imo
1734 2316 1776 2352 in
1806 2316 1938 2352 variis

101 2374 286 2416 ejusdem
315 2375 482 2416 plantae
512 2373 678 2418 organis
708 2377 879 2420 natura,
910 2374 1202 2409 accedentibus
1233 2373 1482 2410 substantiis
1513 2373 1863 2414 adstringentibus
1893 2373 1938 2408 in

103 2429 272 2476 cortice,
304 2430 617 2473 mucilaginosis
649 2434 688 2465 et
717 2430 952 2466 aromaticis
983 2431 1026 2466 in
1058 2430 1171 2466 foliis
1203 2430 1380 2472 aliisque
1405 2430 1589 2472 partibus
1611 2430 1823 2466 herbaceis
1841 2439 1938 2466 con·

102 2486 247 2531 tentis,
294 2486 480 2522 diversas
511 2486 689 2531 singulis
722 2487 808 2523 fere
835 2487 947 2523 vasti
977 2487 1134 2523 ordinis
1162 2487 1380 2530 speciebus
1410 2487 1520 2522 vires
1553 2487 1765 2531 conciliat,
1811 2486 1870 2522 ita
1895 2488 1939 2521 ut

103 2542 346 2587 quibusdam
363 2543 468 2578 inter
485 2544 663 2579 remedia
678 2543 876 2580 lenientia
892 2553 994 2579 usus
1013 2546 1271 2589 concedatur,
1297 2544 1390 2578 dum
1408 2543 1518 2579 aliae
1534 2544 1699 2579 stimulo
1716 2543 1847 2587 magis
1866 2545 1937 2579 aut

102 2600 239 2637 minus
270 2599 498 2635 vehementi
529 2600 571 2634 in
601 2609 756 2644 organa
780 2610 853 2637 se—
876 2603 915 2635 et
938 2601 1203 2637 excernentia
1225 2604 1370 2645 agant,
1403 2603 1627 2636 nonnullae
1649 2601 1733 2636 sint
1753 2608 1938 2635 venena-

103 2656 300 2693 tissimae.
360 2656 497 2692 Floris
528 2656 718 2692 diversae
748 2660 884 2699 partes
915 2666 1037 2692 succo
1062 2658 1147 2693 acri
1173 2657 1325 2702 foetae,
1352 2661 1571 2699 postquam
1596 2658 1638 2692 in
1663 2657 1820 2693 fructus
1845 2665 1938 2692 car-

103 2723 229 2755 nosos
261 2713 533 2758 adoleverint,
567 2714 787 2748 accedente
817 2713 1006 2749 sacchari
1037 2717 1076 2748 et
1106 2718 1230 2749 aucta
1258 2714 1523 2756 mucilaginis
1555 2713 1674 2756 copia
1704 2713 1747 2760 in
1779 2716 1937 2748 tantum

103 2770 343 2816 mitescunt,
376 2773 419 2805 ut
443 2769 577 2805 cibum
603 2771 786 2816 dulcem,
819 2769 981 2813 egregie
1004 2770 1248 2805 nutrientem
1271 2778 1312 2805 v.
1336 2777 1502 2804 amoeno
1521 2773 1831 2811 temperamento
1849 2769 1937 2804 aci-

108 2828 247 2862 dulum
286 2830 323 2862 et
357 2826 666 2870 refrigerantem
695 2825 898 2871 plurimae
928 2828 1170 2874 praebeant,
1209 2828 1248 2861 et
1277 2825 1383 2861 inter
1413 2826 1668 2861 diversarum
1698 2825 1937 2869 passionum

106 2884 286 2920 remedia
301 2885 542 2920 habeantur.

251 2952 398 2988 Morus
429 2953 556 3000 nigra
584 2955 632 2990 L.
665 2951 928 2998 [manumet]
959 2956 1010 2990 ab
1041 2952 1342 2996 antiquissimis
1368 2953 1615 2996 temporibus
1637 2962 1709 2996 per
1731 2954 1937 2995 Europam

108 3013 192 3048 late
222 3013 335 3046 culta
364 3010 510 3054 [arbor
538 3010 699 3054 persica
729 3011 837 3058 est),
869 3010 1028 3046 fructus
1059 3014 1257 3055 maturat,
1289 3011 1499 3055 perigonio
1530 3019 1700 3045 carnoso
1729 3012 1936 3057 baccatos,

107 3070 375 3115 saccharum,
406 3077 567 3104 mucum
599 3071 636 3103 et
661 3067 824 3103 acidum
847 3071 1055 3113 gerentes,
1085 3067 1245 3102 viribus
1265 3067 1510 3108 nutrienteS,
1542 3069 1750 3102 solventes
1775 3070 1813 3101 et
1837 3069 1937 3101 tem-

110 3127 314 3168 perantes.
374 3127 563 3160 Maturae
579 3133 669 3160 cum
685 3127 882 3160 saccharo
900 3124 942 3159 in
959 3126 1112 3167 pultem'
1129 3121 1240 3167 [Rob
1257 3126 1475 3159 baccarum
1494 3121 1720 3164 Mororum]
1738 3126 1877 3157 coctae
1892 3121 1937 3158 in

107 3180 284 3216 officinis
308 3184 538 3218 servantur.
596 3181 662 3216 Ex
685 3180 913 3217 immaturis
938 3190 1136 3224 syrupum
1158 3184 1318 3224 parant.
1379 3180 1526 3216 Cortex
1543 3179 1694 3215 radicis
1713 3188 1801 3214 cum
1821 3187 1937 3214 acre-

107 3238 201 3274 dine
218 3245 382 3272 amarus
400 3237 594 3273 Taeniam
609 3245 758 3273 necare
775 3237 964 3281 creditur.
1023 3235 1190 3272 Morum
1207 3236 1348 3271 albam
1364 3238 1411 3272 L.
1433 3239 1480 3272 ob
1501 3236 1717 3278 Bombycis
1742 3228 1938 3278 pabulum

108 3302 134 3330 a
159 3293 271 3329 Sinis
303 3293 470 3336 petitam
499 3297 672 3330 constat.
729 3294 906 3330 Fructus
935 3293 1112 3337 insipide
1136 3295 1277 3330 dulces
1301 3293 1437 3329 rarius
1459 3294 1738 3337 comeduntur,
1771 3290 1813 3327 i‘n
1845 3291 1939 3327 fau—

110 3351 218 3386 cium
248 3350 564 3385 inflammatione
592 3349 730 3387 utiles.
786 3350 933 3386 Radici
964 3350 1074 3386 vires
1107 3350 1328 3386 diureticas
1359 3353 1396 3386 et
1427 3348 1787 3385 anthelminthicas
1811 3348 1937 3385 sinae

110 3407 312 3451 tribuunt,
345 3415 467 3442 succo
491 3405 678 3442 foliorum
701 3406 850 3442 febrem
874 3406 1204 3443 intermittentem
1227 3406 1326 3450 pelli
1353 3415 1469 3449 posse
1493 3406 1680 3452 credunt,
1714 3404 1812 3440 folia
1828 3405 1938 3448 apud

109 3466 314 3500 nostrates
337 3463 443 3499 inter
464 3462 642 3499 remedia
664 3463 916 3499 vulneraria.
979 3461 1093 3498 More·
1112 3460 1279 3498 indicae
1302 3462 1422 3498 Linn.
1449 3461 1605 3498 fructus
1628 3461 1804 3509 aemuli,
1837 3460 1938 3497 folia
