2147 3756
1079 83 1196 131 552

234 253 435 290 solatione
464 255 573 289 ortos
603 254 734 289 sanat.
804 250 1032 288 sanctor-tce·
1057 252 1189 288 indice·
1217 253 1315 290 Cav.
1347 253 1465 290 radix
1495 255 1717 292 aromatica
1747 255 1789 292 ln
1821 257 2049 302 cardialgia

234 310 359 346 utilis.
417 310 688 345 Americanae
704 311 823 346 odore
839 313 1067 357 mosoliam,
1098 310 1140 345 vi
1156 314 1356 354 purgante
1372 315 1409 346 et
1426 311 1597 347 emetica
1619 316 1838 350 excellunt.
1895 315 1960 349 Ex
1982 315 2048 351 his

235 364 410 401 Gzcarect
436 363 710 400 trz'clcilz'm'des
734 367 877 411 Linn.,
913 363 1090 399 Cum-ea
1108 363 1430 412 Seoartzz‘z‘DC.,
1467 364 1644 401 Gnarea
1659 378 1852 415 purgans
1877 372 1933 406 st.
1951 371 2049 417 }1i1.‚

238 421 416 457 Getarea
432 419 684 457 cathartica
700 425 819 457 Mart.
832 449 842 468 ,
880 419 1099 456 Trz'cln‘le'oe
1115 420 1364 457 cathartica
1381 426 1501 459 Mart.
1520 421 1650 468 (Jito)
1676 429 1714 460 et
1735 424 1944 461 Trz‘cln'lv‘a
1967 424 2051 460 lta-

232 479 429 514 vcmensz‘s
459 480 572 521 Jacq.
603 478 886 513 nominandae.
964 475 1196 512 Trv'cln‘lz'ae
1228 478 1477 528 trifolialcae
1506 480 1626 516 Linn.
1659 481 1867 518 radicibus
1898 482 1941 518 in
1980 483 2050 518 de—

233 540 344 572 cocto
376 544 520 571 servae
550 535 664 570 afrae
693 534 744 569 ad
776 536 1072 576 procurandum
1104 538 1287 571 abortum
1322 538 1555 572 abutuntur.
1634 534 1842 572 Trt'cln‘lv’oe
1872 540 2053 572 emetica

232 594 352 628 Vahl.
371 590 541 634 (Elcaja
557 592 719 634 Forsk.,
757 587 920 633 Rota),
953 590 993 625 in
1012 591 1156 626 Africa
1172 593 1326 635 tropica
1343 593 1536 627 nascitur.
1575 593 1734 628 Arabes
1751 596 1873 636 hujus
1891 594 2050 630 fructus

233 648 389 692 (Djouz
407 650 449 683 el
474 646 566 689 kai)
592 647 643 681 ad
667 646 829 682 emesim
855 650 1154 689 provocandam
1179 649 1382 683 adhibent.
1442 648 1640 683 Miscetur
1660 649 1781 684 etiam
1805 660 1895 686 cum
1919 650 2053 685 odori-

234 705 353 749 feris,
386 704 530 746 quibus
548 702 723 737 feminae
747 706 869 745 caput
891 705 1044 740 lavant..
1112 701 1342 738 Walsnrae
1359 701 1570 738 Pz'scz‘de'ae
1586 706 1715 740 XVall.
1741 707 1887 741 cortice
1911 707 1963 741 ad
1986 706 2053 742 in-

231 761 447 797 ebriandos
472 758 605 801 pisces
621 758 884 794 Cocculorum
900 762 988 794 loco
1006 763 1185 796 utuntur.
1245 758 1285 794 E
1298 756 1585 806 Moschoxylo
1604 758 1919 798 Swartziz·Adr.
1938 763 2051 798 Juss.

232 816 454 861 (Triclinia
470 817 680 850 moscliata
697 815 913 861 Swartz.),
939 815 980 851 in
998 817 1184 853 Jamaica
1201 822 1429 862 crescente,
1462 817 1651 852 corticem
1667 816 1947 854 Jurz'bala‘seu
1964 816 2054 852 Pa-

231 882 400 907 mermm
418 870 555 915 colligi
579 871 808 917 perbibent,
840 874 958 915 cujus
981 872 1167 908 virtutem
1192 883 1372 909 amaram
1397 877 1433 908 et
1459 876 1732 920 roborantem,
1763 875 1908 910 leniter
1929 874 2054 911 simul

229 932 469 972 purgantem
492 928 674 963 laudant.
737 926 935 973 Carapae
955 925 1201 974 gecjarcetzsv's
1217 932 1338 966 Aubl.
1365 920 1502 966 cortex
1524 938 1673 974 magna
1696 932 1802 966 inter
1823 930 2053 967 medicinas

230 985 457 1028 febrifugas
474 983 609 1019 laudis
627 987 700 1019 est.
746 986 907 1029 Oleum,
934 986 1038 1027 quod
1057 995 1077 1021 e
1094 987 1319 1022 seminibus
1337 986 1558 1032 obtinetur,
1586 995 1789 1034 amarum,
1815 987 1903 1023 sebi
1919 988 2053 1023 instar

231 1042 427 1086 spissum,
446 1040 636 1076 remediis
652 1040 999 1076 anthelmintliicis
1016 1044 1317 1088 adnumeratur,
1337 1043 1455 1078 etiam
1474 1043 1516 1078 in
1534 1044 1700 1090 tutando
1718 1044 1920 1079 adversus
1938 1044 2052 1080 rubi-

230 1099 365 1142 ginem
382 1097 487 1133 ferro
505 1105 678 1140 magnae
694 1097 898 1134 utilitatis,
952 1098 1200 1141 Congeneris
1219 1099 1374 1134 arboris
1387 1126 1396 1144 ,
1431 1097 1629 1143 Cat-apae
1644 1098 1882 1144 gm'neensz’s
1900 1102 2053 1136 Sweet.

233 1153 592 1197 Crouloucouna),
638 1153 680 1188 in
709 1153 854 1189 Africa
885 1154 1039 1196 tropica
1070 1155 1306 1199 indigenae,
1353 1155 1512 1190 semina
1541 1155 1789 1191 animalibus
1827 1155 2053 1192 minoribus

231 1212 421 1246 exitiosa.
497 1206 739 1254 Xylocarpe·
772 1209 956 1255 asiatici,
1003 1211 1177 1254 Carapis
1208 1211 1408 1248 affinitate
1438 1210 1632 1255 proximi,
1677 1211 1834 1255 insigni
1865 1212 2052 1248 amaritia

230 1270 410 1303 celebres
422 1293 432 1312 ‚
457 1266 645 1301 remediis
661 1266 920 1302 stomachicis
938 1268 1268 1304 adnumerantur.
1308 1264 1578 1313 Hartiglesea
1596 1264 1795 1302 Forscere·
1807 1269 1904 1305 Adr.
1924 1270 2052 1316 Juss.‚

228 1324 272 1360 in
295 1324 435 1360 insula
455 1324 640 1359 Namoka
658 1322 874 1371 indigena,
905 1326 944 1359 et
967 1319 1188 1369 Dysoxyle'
1208 1324 1370 1368 species
1387 1323 1609 1367 javanicae
1633 1325 1752 1360 odore
1781 1324 1956 1361 alliaceo
1986 1324 2053 1361 in-

218 1381 375 1417 sames.

369 1433 525 1470 Lansz'z'
544 1433 763 1470 domestici
782 1436 922 1482 Jack.,
954 1435 997 1472 in
1018 1435 1190 1472 Antillis
1217 1436 1461 1481 crescentis,
1493 1438 1645 1474 baccae
1667 1436 1908 1473 immaturae
1930 1447 2053 1474 succo

228 1496 380 1540 lacteo,
413 1492 636 1537 glutinoso,
670 1493 721 1528 ad
746 1496 896 1528 tactum
919 1492 1029 1528 aeris
1052 1493 1309 1537 nigrescente
1333 1497 1503 1530 scatent.
1561 1497 1771 1538 Matutae,
1805 1496 1937 1529 soluto
1962 1503 2052 1530 cor-

232 1551 329 1595 tice,
368 1558 514 1592 sapore
542 1549 873 1594 acidulo-dulci,
912 1549 1057 1585 vinoso
1089 1551 1432 1586 commendantur.
1492 1550 1659 1585 Semina
1688 1559 1848 1598 amara,
1891 1553 2053 1586 anthel—

229 1606 439 1642 mintliica.
485 1605 631 1641 Cortex
646 1605 790 1648 prunis
805 1605 982 1648 injectus
998 1606 1153 1642 fumum
1168 1609 1476 1644 suaveolentem
1490 1606 1660 1651 spargit.
1701 1602 1894 1642 Milneae
1917 1605 2051 1642 edulia

229 1664 359 1699 Roxb.
377 1662 523 1698 arillus
541 1662 775 1697 deliciosus.
821 1694 843 1711 ,Ἴ

371 1719 647 1758 plurimarum
663 1718 828 1764 egregia
842 1718 1054 1770 materies,
1087 1719 1422 1757 cedrelacearum
1439 1718 1596 1765 lignum
1613 1721 1854 1757 aemulatur.

587 1841 759 1887 ordo
791 1840 1176 1888 ccxxvlll.
1236 1841 1688 1889 Gedrelaceae.

369 1944 593 1991 Arbores
639 1960 782 2007 saepe
829 1944 1075 1998 excelsae,
1122 1944 1250 2007 ligno
1297 1945 1568 2008 plerumque
1610 1943 1780 2002 denso,
1828 1942 2048 2003 odorato,

232 2014 463 2062 colorato.
537 2015 678 2061 Folia
717 2015 921 2072 alterna,
968 2016 1182 2077 pinnata,
1229 2016 1407 2062 foliolis
1439 2016 1633 2062 alternis
1665 2032 1709 2063 v.
1745 2016 1931 2078 saepius
1965 2031 2050 2078 op·

230 2086 419 2149 positis,
467 2085 784 2147 integerrimis
823 2086 921 2132 sive
961 2086 1173 2132 serratis.
1248 2088 1471 2148 Sceptclae
1502 2086 1670 2133 nullae.
1744 2087 1915 2132 Flores
1945 2101 2053 2148 per-

231 2156 369 2212 fecti,
410 2172 455 2203 v.
492 2157 682 2217 organis
714 2156 946 2202 nonnullis
979 2156 1165 2203 effoetis
1196 2157 1483 2219 imperfecti,
1523 2156 1790 2218 regulares,
1839 2156 1885 2201 in
1918 2157 2062 2219 pani-s

233 2227 360 2273 culas
415 2225 705 2282 terminales,
765 2226 966 2288 amplas,
1030 2228 1181 2273 rarius
1235 2227 1480 2283 axillares,
1547 2225 2050 2290 cymuloso-‹lefinitas

232 2296 487 2359 dispositis.
581 2297 737 2358 Calyce
783 2297 925 2353 liber,
972 2297 1491 2360 tetra-pentaphyllus,
1549 2314 1590 2343 v.
1642 2295 1926 2359 quadrifidus
1972 2305 2053 2343 aut

231 2366 616 2431 quadripartituS,
678 2367 856 2413 foliolis
909 2383 954 2412 v.
1001 2368 1183 2413 laciniis
1237 2369 1547 2414 aestivatione
1595 2368 1868 2414 imbricatis.
1962 2369 2052 2414 Co-

229 2439 389 2485 rollae
424 2438 578 2500 petala
611 2438 915 2499 receptaculo
948 2439 1145 2495 inserta,
1195 2439 1371 2502 calycis
1402 2438 1575 2484 foliolis
1608 2455 1802 2485 numero
1835 2438 2051 2501 aequalia

231 2517 279 2556 et
302 2509 505 2565 alterna,
539 2507 699 2554 iisdem
727 2507 866 2571 duplo
893 2525 932 2557 v.
959 2509 1059 2572 plus
1093 2508 1230 2571 duplo
1265 2509 1504 2572 longiora,
1540 2508 1782 2565 distincta,
1816 2507 2048 2555 interdum

230 2579 554 2641 unguiculata,
602 2580 910 2626 aestivatione
952 2589 1170 2626 contorta
1200 2598 1244 2627 v.
1282 2579 1863 2627 contorto-convoluti‘va.
1935 2580 2050 2625 Sta·

229 2652 359 2696 mina
391 2648 520 2696 disco
555 2650 753 2711 germini
791 2650 1007 2712 subjecto
1049 2667 1148 2696 cum
1189 2651 1360 2713 petalis
1400 2651 1600 2706 inserta,
1649 2649 1811 2695 iisdem
1852 2664 2045 2695 numero

231 2720 369 2783 dupla
416 2729 463 2767 et
500 2719 745 2776 breviora,
796 2721 976 2767 alterna
1014 2722 1184 2783 petalis
1225 2722 1462 2784 opposita,
1511 2721 1703 2767 alternis
1743 2735 1928 2783 semper
1964 2735 2048 2764 an·-

230 2791 470 2838 theriferis
515 2790 759 2848 breviora,
807 2790 1039 2837 interdum
1078 2792 1259 2837 sterilia
1300 2808 1339 2838 v.
1379 2792 1514 2854 plane
1555 2789 1838 2836 deficientia.
1903 2790 2048 2837 Fila-

230 2870 390 2908 metzta
435 2878 554 2907 nunc
603 2862 716 2918 lata,
764 2862 923 2923 plana,
972 2863 1107 2924 apice
1155 2861 1417 2918 bidentata,
1466 2860 1750 2922 marginibus
1797 2861 1843 2906 in
1891 2859 2048 2906 tubum

232 2930 828 2978 octo-decantlieriferum
890 2933 1083 2989 coalita,
1145 2948 1266 2977 nunc
1327 2931 1538 2977 subulata
1601 2930 1846 2988 distincta,
1908 2930 2046 2992 apice

229 3002 645 3049 monantherifera.
715 3002 974 3048 Antherae
1013 3002 1268 3058 intr-orsae,
1315 3001 1628 3058 hiloculares,
1669 3017 1817 3062 saepe
1849 3001 2048 3047 versati-

233 3074 323 3128 les,
359 3071 761 3134 longitudinaliter
793 3069 1107 3127 dehiscentes:
1168 3073 1343 3118 Discus·
1373 3069 1699 3133 glandulosus,
1733 3071 2046 3134 stipitiformis

231 3161 276 3190 v,
312 3143 572 3199 annularis,
615 3142 839 3204 germinis
871 3142 1016 3188 basim
1049 3143 1268 3202 cingens,
1317 3141 1546 3188 interdum
1579 3140 1730 3188 eidem
1764 3140 2042 3198 cohaerens,

235 3230 556 3276 nonnunquam
588 3213 922 3269 tubuliformis,
957 3213 1179 3274 germinis
1210 3212 1356 3258 hasim
1388 3213 1627 3274 vaginans.
1694 3214 1893 3258 German
1927 3211 2044 3256 libe-

234 3300 354 3340 rum,
406 3284 571 3329 loculis
613 3292 679 3329 tot
720 3292 830 3346 quot
860 3284 1015 3346 petala
1045 3299 1087 3329 v.
1120 3281 1348 3328 interdum
1382 3283 1696 3346 paucioribus
1775 3282 2046 3328 Gemmzclae

234 3354 279 3398 in
313 3355 508 3416 singulis
541 3354 707 3400 loculis
740 3362 961 3417 quatuor,
1003 3361 1134 3409 octo,
1177 3351 1424 3401 duodecim
1457 3370 1501 3400 v.
1536 3353 1690 3415 plura,
1740 3351 2048 3414 trophosper-

234 3424 337 3470 miis
377 3433 511 3487 septa
548 3423 937 3488 marginantibus‚
985 3440 1090 3471 eum
1126 3423 1203 3471 axi
1236 3424 1436 3471 centrali
1469 3423 1654 3470 coalitis
1684 3422 1943 3470 hiseriatim
1975 3421 2044 3467 in-
