2147 3756
1049 110 1164 160 652

338 273 663 321 AffinitaS·
723 283 825 318 Ordo
848 291 1003 318 summe
1025 283 1248 328 naturalis,
1281 282 1375 318 hinc
1400 282 1748 331 Melastomaceis,
1779 285 1815 320 et
1840 283 1905 321 his
1928 294 2012 320 nie-

197 333 405 374 diantibus
423 338 676 379 Lythrarieis
695 342 734 374 et
753 340 1012 378 Oenothereis
1032 339 1260 384 proximus,
1292 340 1408 374 illinc
1426 339 1637 374 Poniaceis
1656 344 1764 377 arcte
1781 341 1916 376 affinis
1934 344 2010 388 est,

197 390 308 432 foliis
339 394 581 436 saepissime
612 395 831 439 oppositis,
864 395 1149 438 exstipulatis,
1181 395 1318 430 nervis
1341 394 1515 438 margini
1539 395 1795 440 integerrimo
1820 397 2014 440 approxi-

196 448 340 494 matis,
372 452 411 484 et
427 450 880 493 pellucido-punctatis
897 444 1095 486 facillime
1114 451 1439 494 distinguendus.

331 513 767 570 Geographia.
828 514 1063 563 Myrtaceae
1093 521 1198 556 inter
1222 516 1395 564 tropico's
1419 521 1634 557 Americae
1657 525 1694 557 et
1717 522 1758 557 in
1781 524 1894 558 Nova
1915 523 2014 558 Hol-

196 575 340 611 landia
368 577 563 619 imprimis
596 577 783 618 copiosae
814 580 928 622 sunt,
961 577 1124 618 parcius
1148 577 1293 613 Asiam
1325 582 1362 612 et
1384 577 1567 613 Africam
1590 578 1927 620 aequinoctialem
1950 579 2015 615 in-

199 632 404 678 habitant,
436 633 644 667 rarissime
676 633 715 667 in
741 634 905 675 Europa
933 633 1211 679 meridionali,
1244 633 1285 668 in
1317 634 1509 669 America
1540 635 1693 670 boreali
1723 638 1762 669 et
1790 635 2018 671 antarctica

198 688 356 724 vivunt.
405 686 785 722 elimandam-ime
804 699 941 725 omnes
959 691 1111 724 Novam
1131 690 1410 735 Hollandiam,
1436 690 1632 731 imprimis
1649 692 2017 727 austro-occiden-
2052 688 2056 692 ”

198 747 319 779 talem
344 745 545 789 incolunt,
580 745 621 779 in
649 745 799 787 tropico
821 745 983 781 insulae
1004 746 1137 781 littore
1159 754 1290 781 rarae.
1349 743 1771 791 Lepcospermearzmt
1795 747 1940 790 ingens
1957 751 2020 783 est

197 799 240 834 in
257 803 333 835 hac
351 805 456 835 terra
473 810 689 847 numerus,
716 810 873 845 paucae
892 802 934 836 in
950 802 1057 837 Asia
1074 803 1228 844 tropica
1244 802 1509 845 reperiuntur.
1556 800 1752 847 Myrteae
1769 803 1811 838 in
1828 804 2018 839 America

199 857 354 898 tropica
373 857 706 903 copiosissimae,
740 858 780 892 in
802 859 927 894 veteri
945 859 1173 893 continente
1189 861 1312 894 multo
1331 856 1504 895 rariores
1521 860 1717 895 habitant,
1756 857 2016 906 Barringto-

198 912 319 946 nz'eae
336 906 441 961 inter
459 914 631 955 tropicos
649 915 906 966 atniiltigeae,
941 912 1222 961 Lecythideae
1241 925 1378 952 omnes
1397 916 1666 952 americanae.
1788 906 1791 910 θ

340 978 702 1029 Qualitates
732 988 769 1019 et
792 990 961 1023 usus.
1020 988 1259 1028 Myrtaceae
1276 996 1327 1021 ex
1344 986 1421 1021 olei
1439 986 1616 1021 aetherei
1634 988 1669 1021 et
1689 982 1883 1022 tanninae
1899 986 2019 1022 varia.

199 1040 410 1076 admodum
441 1041 480 1075 in
513 1041 691 1084 singulis
722 1042 938 1084 speciebus
969 1042 1138 1078 miscela
1168 1042 1277 1078 vires
1309 1036 1499 1086 repetunt¹
1524 1043 1730 1089 diversas,
1763 1043 1821 1079 ita
1845 1047 1887 1077 ut
1910 1043 2019 1079 aliae

199 1097 305 1132 inter
342 1096 568 1132 medicinas
604 1098 1152 1144 aromatico-stimulantes,
1192 1101 1390 1140 quaedam
1428 1099 1533 1134 inter
1562 1100 1740 1134 remedia
1769 1099 2020 1135 stimulanti-

198 1154 335 1188 tonica
374 1157 652 1201 numerentur,
697 1157 919 1204 nonnullae
947 1165 1055 1190 mere
1087 1155 1435 1198 adstringentibus
1466 1159 1778 1191 accenseantur.
1851 1155 2019 1192 Baccati

198 1209 354 1246 fructus
372 1210 503 1246 acidis
518 1210 681 1257 liberis,
714 1220 830 1246 muco
848 1215 884 1246 et
901 1214 1097 1247 saccharo
1117 1212 1370 1257 temperatis,
1403 1217 1560 1255 gratum
1578 1220 1764 1254 saporem
1782 1213 1939 1249 debent.

338 1264 510 1312 Myrtus
527 1266 754 1301 communis
770 1267 888 1302 Linn.
907 1262 1134 1318 (μυρσίνη)
1152 1268 1337 1311 vulgaris
1354 1272 1415 1303 est
1430 1268 1618 1312 notitiae,
1637 1268 2023 1304 frutex-mediterra-

198 1332 323 1369 neus,
356 1324 532 1360 omnium
559 1324 732 1366 partium
757 1325 876 1359 odore
901 1330 1037 1371 grato,
1071 1329 1109 1360 et
1132 1333 1277 1367 sapore
1293 1324 1709 1370 amaro-aromatico,
1742 1326 2021 1369 adstringente

200 1380 642 1426 commendatissimus,
676 1382 722 1415 de
746 1382 864 1422 cujus
890 1392 960 1424 per
976 1391 1131 1417 omnem
1147 1381 1428 1424 antiquitatem
1447 1382 1598 1427 gloria,
1631 1390 1724 1416 nam
1741 1383 1873 1417 adhuc
1889 1384 2020 1429 durat,

197 1437 303 1471 nihil
334 1438 492 1472 addam.
552 1437 673 1472 Folia
703 1439 935 1480 baccaeque
960 1438 1394 1474 ionico-stimulantes·
1415 1438 1564 1473 exoleti
1589 1439 1696 1480 apud
1719 1439 1895 1473 medicos
1920 1448 2021 1475 usus

198 1496 314 1540 sunt,
347 1502 371 1528 a
397 1493 580 1542 patribus
599 1495 796 1529 adversus
815 1492 1069 1540 diarrhoeas,
1102 1495 1433 1539 haemorrhagias
1453 1495 1644 1537 passivas
1662 1499 1697 1530 et
1717 1499 1856 1530 con-tra
1871 1497 2020 1538 hydro-

200 1559 289 1592 pem
319 1551 524 1586 laudatae.
591 1551 742 1586 Vinum
778 1552 968 1593 Myrtites
1000 1555 1210 1593 crapulam
1242 1560 1399 1596 arcere,
1439 1560 1626 1586 coronam
1658 1556 1876 1599 myrteam,
1917 1560 2021 1595 quae

197 1607 456 1642 Naucratites
472 1609 778 1654 appellabatur,
811 1607 1028 1650 reprimere
1045 1608 1328 1654 exhalationes
1346 1619 1366 1642 e
1385 1607 1498 1653 vino,
1532 1612 1690 1643 veteres
1712 1609 1866 1643 docent.

338 1664 522 1699 Maxima
545 1664 662 1699 hodie
680 1664 785 1699 inter
801 1670 984 1700 aromata
1000 1665 1138 1700 florum
1157 1661 1436 1709 Caryopltylli
1448 1664 1679 1698 aromatici
1693 1665 1810 1699 Linn.
1824 1692 1834 1711 ,
1866 1664 2023 1700 arboris

198 1721 486 1764 moluccanae,
526 1719 636 1754 fama
666 1722 746 1768 est,
786 1723 825 1755 et
852 1721 1053 1764 plurimus
1085 1731 1199 1757 usus.
1264 1721 1457 1766 Arboris,
1498 1721 1603 1756 inter
1633 1724 1859 1763 sylvestres
1890 1730 2022 1767 rarae,

199 1778 361 1812 cultura
391 1779 441 1811 ab
467 1777 706 1823 HollandiS,
737 1781 952 1820 postquam
985 1777 1103 1813 bellis
1133 1782 1170 1814 et
1196 1778 1350 1813 astutia
1375 1778 1496 1813 istius
1520 1778 1772 1822 archipelagi
1802 1778 2022 1813 dominium

199 1836 315 1868 erant
345 1833 501 1879 adepti,
534 1834 584 1868 ad
616 1841 771 1876 paucas
802 1834 985 1878 insulas,
1018 1835 1246 1870 devastatis
1287 1843 1357 1876 per
1382 1835 1562 1876 reliquas
1587 1834 1720 1876 sylvis
1745 1833 2025 1877 caryophylli-

200 1888 320 1936 feris,
352 1889 561 1936 restricta,
595 1891 803 1925 Gallorum
832 1891 1025 1938 beneficio
1054 1891 1096 1926 in
1126 1891 1289 1926 insulas
1314 1893 1582 1926 Mascarenas
1616 1895 1857 1936 propagata,
1890 1891 2024 1926 serius

200 1946 321 1982 etiam
351 1946 393 1982 in
423 1946 658 1982 Amerinam
689 1948 890 1993 manavit,
921 1947 980 1983 ita
1012 1951 1055 1982 ut
1086 1948 1206 1983 hodie
1237 1947 1379 1983 variae
1403 1947 1573 1990 originis
1597 1957 1751 1982 merces
1776 1947 2025 1983 etdiversae

201 2005 424 2040 secundum
446 2003 619 2046 patriam
645 2003 894 2047 dignationis
917 2004 958 2039 ln
978 2005 1291 2047 -aromatopoliis
1317 2006 1526 2040 habeatur.
1587 2004 1801 2050 Sinenses,
1834 2006 1884 2039 ab
1917 2003 2027 2039 anti-

200 2060 411 2103 quissimis
437 2061 682 2103 temporibus
698 2060 861 2096 insulas
878 2063 1090 2097 Moluccas
1107 2061 1283 2096 navibus
1301 2060 1625 2104 frequentantes,
1660 2061 2026 2103 Caryophyllorum

198 2124 319 2152 usum
360 2126 430 2159 per
461 2116 684 2152 Lusitanos
721 2126 813 2152 cum
843 2118 1002 2159 reliqua
1032 2120 1195 2160 Europa
1225 2118 1552 2152 communicasse
1582 2119 1768 2151 auctores
1801 2117 2024 2160 perhibent,

201 2173 392 2216 quamvis
415 2173 621 2208 veteribus
648 2174 815 2209 Graecis
840 2177 879 2210 et
900 2175 1095 2210 Romanis
1119 2178 1156 2209 et
1171 2175 1352 2215 Arabum
1379 2173 1547 2208 medicis
1571 2175 1643 2207 hoc
1668 2181 1804 2208 aroma
1821 2174 2027 2215 cognitum

200 2229 334 2266 fuisse
361 2230 465 2265 satis
489 2233 666 2276 constet,
698 2230 741 2265 in
765 2230 1066 2273 antiquissimis
1084 2231 1376 2274 Aegyptiorum
1399 2230 1547 2265 loculis
1572 2233 1681 2265 serta
1697 2239 1718 2264 e
1737 2229 2027 2271 Caryophyllis

201 2286 267 2323 sno
298 2287 476 2322 inductis
509 2288 724 2333 adornata,
757 2287 947 2329 qualibus
977 2288 1193 2322 hodiedum
1225 2288 1331 2329 apud
1362 2296 1434 2322 nos
1459 2289 1623 2330 puellae
1648 2286 1854 2330 Zingarae
1877 2288 2028 2322 collum

204 2343 399 2379 redimere
430 2346 581 2390 solent,
614 2344 782 2379 inventa
813 2344 976 2389 fuerint.
1036 2345 1259 2379 Hollandos
1289 2348 1412 2387 pacta
1443 2353 1533 2378 cum
1558 2352 1650 2385 rege
1667 2342 1907 2377 Ternatensi
1932 2351 2028 2378 con-

201 2400 393 2435 ventione
424 2400 581 2435 arboris
614 2400 818 2443 peculium
852 2402 956 2434 1652
984 2400 1230 2447 arripuisse,
1264 2404 1302 2436 et
1326 2400 1475 2443 primos
1497 2400 1717 2435 sollicitam
1741 2401 1939 2434 culturam
1963 2398 2029 2434 in-

205 2456 390 2492 stituisse
406 2460 586 2503 constat,
618 2457 774 2501 ingenti
792 2457 950 2499 quidem
970 2458 1060 2493 c'um
1077 2460 1203 2492 lucro.
1265 2456 1531 2499 Caryophylli
1547 2457 1654 2492 enim
1671 2457 1926 2491 accommodo
1943 2457 2030 2491 solo

205 2512 287 2549 sati
304 2522 382 2548 non
399 2515 530 2549 solum
547 2514 711 2549 uberius
729 2513 887 2560 florent,
918 2524 999 2549 non
1017 2518 1096 2549 tam
1114 2514 1155 2548 in
1174 2516 1301 2549 altum
1319 2513 1651 2549 excrescentibus
1669 2513 1792 2556 ramis
1810 2512 2029 2547 luxurian-

206 2573 288 2615 tes,
322 2571 392 2605 sed
423 2571 544 2605 etiarn
575 2571 854 2613 praestantius
884 2571 1099 2613 acquirunt
1131 2579 1288 2615 aroma,
1329 2574 1366 2605 et
1398 2569 1560 2605 facilem
1591 2570 1808 2605 admittunt
1839 2577 2026 2604 messem.

205 2627 315 2662 Inter
339 2627 703 2669 Caryophyllorum
729 2626 932 2669 juniorem
964 2632 1140 2671 segetem
1164 2631 1299 2671 autem
1323 2626 1432 2662 aliae
1456 2629 1622 2668 arbores
1646 2627 1893 2668 maritandae
1918 2629 2026 2673 sunt,

205 2687 250 2718 ut
274 2686 448 2731 tenellae
471 2684 609 2719 aliena
626 2687 767 2719 umbra
784 2679 1072 2729 defendantur3
1103 2692 1206 2725 quae
1224 2688 1357 2718 tamen
1374 2683 1527 2718 sensim
1545 2683 1811 2728 minuendae,
1844 2682 2027 2717 tandem-

207 2748 284 2782 que
317 2741 518 2774 tollendae
540 2743 676 2786 erunt,
708 2740 778 2774 ubi
801 2742 1084 2775 adolescentes
1109 2743 1276 2775 arbores
1298 2739 1437 2774 florere
1462 2740 1700 2781 inceperint.
1758 2740 1870 2774 Nono
1893 2740 2028 2773 autem

206 2805 246 2831 v.
273 2796 505 2831 duodecimo
529 2805 634 2832 anno
652 2796 803 2839 prImos
820 2797 938 2832 flores
956 2796 1115 2838 aperire
1133 2796 1329 2839 incipiunt
1348 2798 1512 2831 arbores
1527 2799 1680 2841 cultae,
1713 2794 2030 2838 quadringenta-

209 2861 297 2888 rum
326 2853 714 2898 V.¹quingentarum
743 2853 939 2888 librarum
970 2862 1142 2888 messem
1172 2852 1289 2887 initio
1320 2853 1554 2896 reddentes,
1595 2851 1738 2886 deinde
1768 2861 1839 2893 per
1869 2850 2029 2894 sesqui-

208 2910 419 2944 saeculum
443 2910 609 2956 durant,
642 2913 760 2944 aucto
785 2909 827 2944 in
850 2910 1016 2952 duplum
1046 2910 1191 2945 reditu.
1251 2910 1414 2951 Duplex
1441 2913 1574 2943 autem
1603 2907 1751 2942 messis
1776 2910 1857 2952 est,
1889 2906 2030 2951 florum

208 2967 384 3001 nondum
415 2964 611 3008 expansis
637 2966 807 3011 petalis,
838 2965 906 3008 qui
932 2963 1312 3010 Canyophyllorum
1337 2961 1729 3006 (Gewurznaglein)
1760 2963 1920 2998 nomine
1949 2961 2032 2999 fre-

208 3022 471 3064 quentissime
486 3025 695 3066 petuntur,
723 3026 761 3057 et
777 3021 980 3057 fructuum
996 3031 1070 3057 seu
1082 3018 1461 3066 Anclmpltyllorum
1478 3019 1844 3064 (Mutternelken),
1863 3028 2031 3062 quorum

210 3078 341 3114 rarior
363 3088 465 3114 usus
488 3078 651 3113 obtinet.
709 3079 850 3114 Flores
867 3079 989 3113 Junio
1013 3088 1150 3114 mense
1168 3078 1322 3121 prodire
1339 3077 1560 3123 incipiunt,
1591 3086 1671 3111 non
1688 3080 1780 3111 ante
1798 3077 2032 3118 Augustum

213 3134 431 3178 pandendi.
491 3134 684 3171 collectio
708 3135 1073 3178 Caryophyllorum
1094 3135 1154 3181 fit,
1188 3135 1279 3169 dum
1306 3134 1443 3169 florum
1469 3136 1677 3169 alabastra
1701 3143 1723 3167 e
1747 3132 1950 3175 primitivo
1966 3131 2031 3168 vi-

212 3200 321 3238 rore,
353 3202 424 3235 per
447 3192 729 3240 succedentem
753 3192 1014 3238 flavedinem,
1045 3192 1087 3226 in
1110 3190 1345 3226 rubedinem
1368 3194 1598 3236 transeunt,
1633 3187 1896 3231 proximaque
1911 3187 2031 3231 pani-

215 3250 335 3284 culae
352 3247 452 3284 folia
470 3248 670 3285 decidunt.
708 3251 820 3284 Tunc
839 3251 946 3283 terra
961 3251 1036 3284 sub
1054 3251 1196 3284 arbore
1212 3256 1335 3290 scopa
1352 3247 1546 3292 verritur,
1573 3249 1610 3281 et
1626 3248 1787 3289 legulus
1805 3239 2031 3281 conscensa.

214 3307 356 3340 arbore
385 3304 601 3348 paniculas
631 3307 748 3341 hamo
778 3300 982 3340 attractas
1007 3299 1196 3341 manibus
1227 3303 1438 3348 diffringit,
1478 3304 1788 3346 decerptumque
1819 3301 1954 3337 florem
1985 3301 2029 3337 in.

216 3363 334 3396 corbe
358 3361 511 3404 excipit
532 3371 573 3397 v.
595 3361 638 3397 in
661 3366 807 3397 terram
831 3360 1012 3407 projicit,
1044 3370 1070 3397 a
1092 3360 1302 3397 sodalibus
1326 3360 1610 3403 colligendum.
1669 3358 1858 3400 Decerpti
1876 3358 2031 3400 caryo-

217 3416 367 3464 phylli,
399 3419 634 3461 plerumque
665 3427 795 3462 aquae
824 3418 1009 3454 ‘fervidae
1038 3417 1153 3462 prius
1184 3416 1393 3462 immersi,·
1418 3416 1561 3451 deinde
1583 3414 1731 3459 tigillis
1755 3414 2026 3458 imponuntur,

217 3472 326 3510 fumo
357 3483 428 3519 per
451 3473 605 3518 aliquot
629 3474 717 3511 dies
741 3474 1062 3520 impraegnandi.
1120 3474 1276 3510 Deinde
1300 3473 1378 3510 soli
1401 3471 1579 3517 expositi
1599 3471 1826 3520 siccantur,
1859 3472 2028 3507 colorem

524 3585 530 3603 t

2122 3503 2140 3510 Α
