<?xml version="1.0" encoding="UTF-8"?>
<!DOCTYPE html PUBLIC "-//W3C//DTD XHTML 1.0 Transitional//EN"
    "http://www.w3.org/TR/xhtml1/DTD/xhtml1-transitional.dtd">
<html xmlns="http://www.w3.org/1999/xhtml" xml:lang="en" lang="en">
 <head>
  <title>
</title>
<meta http-equiv="Content-Type" content="text/html;charset=utf-8" />
  <meta name='ocr-system' content='tesseract 3.04.00' />
  <meta name='ocr-capabilities' content='ocr_page ocr_carea ocr_par ocr_line ocrx_word'/>
</head>
<body>
  <div class='ocr_page' id='page_1' title='image "./enchiridionbotan00endl/enchiridionbotan00endl_0310.png"; bbox 0 0 2147 3756; ppageno 0'>
   <div class='ocr_carea' id='block_1_1' title="bbox 1077 105 1230 179">
    <p class='ocr_par' dir='ltr' id='par_1_1' title="bbox 1077 105 1230 179">
     <span class='ocr_line' id='line_1_1' title="bbox 1077 105 1230 179; baseline 0.007 -27"><span class='ocrx_word' id='word_1_1' title='bbox 1077 105 1191 153; x_wconf 78' lang='lat'><strong>292</strong></span> <span class='ocrx_word' id='word_1_2' title='bbox 1225 175 1230 179; x_wconf 79' lang='lat'><em>.</em></span> 
     </span>
    </p>
   </div>
   <div class='ocr_carea' id='block_1_2' title="bbox 234 274 2048 442">
    <p class='ocr_par' dir='ltr' id='par_1_2' title="bbox 234 274 2048 442">
     <span class='ocr_line' id='line_1_2' title="bbox 234 274 2047 325; baseline 0.001 -11"><span class='ocrx_word' id='word_1_3' title='bbox 234 288 257 314; x_wconf 86' lang='lat' dir='ltr'><strong>e</strong></span> <span class='ocrx_word' id='word_1_4' title='bbox 277 276 541 322; x_wconf 83' lang='lat' dir='ltr'><strong>cogeneribus</strong></span> <span class='ocrx_word' id='word_1_5' title='bbox 556 277 699 314; x_wconf 80' lang='lat' dir='ltr'><strong>Tieute</strong></span> <span class='ocrx_word' id='word_1_6' title='bbox 721 277 933 313; x_wconf 75' lang='lat' dir='ltr'><strong>arboribus</strong></span> <span class='ocrx_word' id='word_1_7' title='bbox 948 305 958 325; x_wconf 89' lang='lat'><strong>,</strong></span> <span class='ocrx_word' id='word_1_8' title='bbox 994 274 1203 323; x_wconf 74' lang='lat' dir='ltr'><strong>Stryclmo</strong></span> <span class='ocrx_word' id='word_1_9' title='bbox 1217 275 1442 322; x_wconf 70' lang='lat' dir='ltr'><strong>gm’anensae‘</strong></span> <span class='ocrx_word' id='word_1_10' title='bbox 1460 281 1579 314; x_wconf 88' lang='lat' dir='ltr'><strong>Mart.</strong></span> <span class='ocrx_word' id='word_1_11' title='bbox 1605 274 1881 322; x_wconf 68' lang='lat' dir='ltr'><strong>(leonhamon</strong></span> <span class='ocrx_word' id='word_1_12' title='bbox 1897 278 2047 324; x_wconf 81' lang='lat' dir='ltr'><strong>Aubl.)</strong></span> 
     </span>
     <span class='ocr_line' id='line_1_3' title="bbox 234 331 2048 382; baseline 0.001 -13"><span class='ocrx_word' id='word_1_13' title='bbox 234 339 273 369; x_wconf 87' lang='lat' dir='ltr'><strong>et</strong></span> <span class='ocrx_word' id='word_1_14' title='bbox 307 331 518 379; x_wconf 68' lang='lat' dir='ltr'><strong>strychno</strong></span> <span class='ocrx_word' id='word_1_15' title='bbox 553 333 749 382; x_wconf 64' lang='lat' dir='ltr'><strong>toxifera</strong></span> <span class='ocrx_word' id='word_1_16' title='bbox 781 336 963 369; x_wconf 78' lang='lat' dir='ltr'><strong>Schonib.</strong></span> <span class='ocrx_word' id='word_1_17' title='bbox 994 338 1182 382; x_wconf 85' lang='lat' dir='ltr'><strong>paratur,</strong></span> <span class='ocrx_word' id='word_1_18' title='bbox 1217 342 1339 370; x_wconf 87' lang='lat' dir='ltr'><strong>succo</strong></span> <span class='ocrx_word' id='word_1_19' title='bbox 1370 334 1534 371; x_wconf 83' lang='lat' dir='ltr'><strong>corticis</strong></span> <span class='ocrx_word' id='word_1_20' title='bbox 1565 335 1737 372; x_wconf 90' lang='lat' dir='ltr'><strong>istarum</strong></span> <span class='ocrx_word' id='word_1_21' title='bbox 1768 345 1859 372; x_wconf 90' lang='lat' dir='ltr'><strong>cum</strong></span> <span class='ocrx_word' id='word_1_22' title='bbox 1887 336 2048 382; x_wconf 82' lang='lat' dir='ltr'><strong>Pipere‚</strong></span> 
     </span>
     <span class='ocr_line' id='line_1_4' title="bbox 235 390 1120 442; baseline -0.001 -17"><span class='ocrx_word' id='word_1_23' title='bbox 235 390 412 426; x_wconf 80' lang='lat' dir='ltr'><strong>cocculo</strong></span> <span class='ocrx_word' id='word_1_24' title='bbox 429 390 605 432; x_wconf 83' lang='lat' dir='ltr'><strong>aliisque</strong></span> <span class='ocrx_word' id='word_1_25' title='bbox 619 392 773 433; x_wconf 81' lang='lat' dir='ltr'><strong>plantis</strong></span> <span class='ocrx_word' id='word_1_26' title='bbox 790 391 950 425; x_wconf 84' lang='lat' dir='ltr'><strong>acribus</strong></span> <span class='ocrx_word' id='word_1_27' title='bbox 967 390 1120 442; x_wconf 74' lang='lat' dir='ltr'><strong>mixto.v</strong></span> 
     </span>
    </p>
   </div>
   <div class='ocr_carea' id='block_1_3' title="bbox 230 469 2055 1139">
    <p class='ocr_par' dir='ltr' id='par_1_3' title="bbox 230 469 2055 1139">
     <span class='ocr_line' id='line_1_5' title="bbox 377 469 2053 522; baseline 0.002 -15"><span class='ocrx_word' id='word_1_28' title='bbox 377 469 555 519; x_wconf 73' lang='lat' dir='ltr'><strong>Lignum</strong></span> <span class='ocrx_word' id='word_1_29' title='bbox 577 471 842 507; x_wconf 72' lang='lat' dir='ltr'><strong>Colabm’num</strong></span> <span class='ocrx_word' id='word_1_30' title='bbox 861 469 1102 520; x_wconf 66' lang='lat' dir='ltr'><strong>officinale,</strong></span> <span class='ocrx_word' id='word_1_31' title='bbox 1134 472 1336 509; x_wconf 81' lang='lat' dir='ltr'><strong>rarissimi</strong></span> <span class='ocrx_word' id='word_1_32' title='bbox 1359 473 1477 509; x_wconf 87' lang='lat' dir='ltr'><strong>hodie</strong></span> <span class='ocrx_word' id='word_1_33' title='bbox 1491 473 1533 509; x_wconf 91' lang='lat' dir='ltr'><strong>in</strong></span> <span class='ocrx_word' id='word_1_34' title='bbox 1549 475 1714 518; x_wconf 84' lang='lat' dir='ltr'>Europa</span> <span class='ocrx_word' id='word_1_35' title='bbox 1728 484 1851 522; x_wconf 88' lang='lat' dir='ltr'><strong>usus,</strong></span> <span class='ocrx_word' id='word_1_36' title='bbox 1884 485 1905 510; x_wconf 87' lang='lat' dir='ltr'><strong>e</strong></span> <span class='ocrx_word' id='word_1_37' title='bbox 1922 474 2053 518; x_wconf 82' lang='lat' dir='ltr'><strong>pluri-</strong></span> 
     </span>
     <span class='ocr_line' id='line_1_6' title="bbox 231 529 2051 574; baseline 0.001 -9"><span class='ocrx_word' id='word_1_38' title='bbox 231 530 310 565; x_wconf 83' lang='lat' dir='ltr'><strong>bus</strong></span> <span class='ocrx_word' id='word_1_39' title='bbox 334 530 527 572; x_wconf 83' lang='lat' dir='ltr'><strong>Strychni</strong></span> <span class='ocrx_word' id='word_1_40' title='bbox 550 530 764 572; x_wconf 82' lang='lat' dir='ltr'><strong>speciebus</strong></span> <span class='ocrx_word' id='word_1_41' title='bbox 790 529 951 574; x_wconf 78' lang='lat' dir='ltr'><strong>colligi,</strong></span> <span class='ocrx_word' id='word_1_42' title='bbox 986 539 1007 564; x_wconf 89' lang='lat' dir='ltr'><strong>e</strong></span> <span class='ocrx_word' id='word_1_43' title='bbox 1031 529 1182 565; x_wconf 88' lang='lat' dir='ltr'><strong>Blumii</strong></span> <span class='ocrx_word' id='word_1_44' title='bbox 1205 530 1591 574; x_wconf 72' lang='lat' dir='ltr'><strong>investigationibus</strong></span> <span class='ocrx_word' id='word_1_45' title='bbox 1615 535 1797 574; x_wconf 81' lang='lat' dir='ltr'><strong>apparet.</strong></span> <span class='ocrx_word' id='word_1_46' title='bbox 1856 532 2051 574; x_wconf 85' lang='lat' dir='ltr'><strong>Majorem</strong></span> 
     </span>
     <span class='ocr_line' id='line_1_7' title="bbox 234 582 2051 634; baseline 0.001 -14"><span class='ocrx_word' id='word_1_47' title='bbox 234 586 326 628; x_wconf 88' lang='lat' dir='ltr'><strong>ejus</strong></span> <span class='ocrx_word' id='word_1_48' title='bbox 356 586 514 628; x_wconf 86' lang='lat' dir='ltr'><strong>copiam</strong></span> <span class='ocrx_word' id='word_1_49' title='bbox 546 585 831 627; x_wconf 73' lang='lat' dir='ltr'><strong>suppeditasse</strong></span> <span class='ocrx_word' id='word_1_50' title='bbox 863 586 959 621; x_wconf 88' lang='lat' dir='ltr'><strong>olim</strong></span> <span class='ocrx_word' id='word_1_51' title='bbox 995 582 1249 631; x_wconf 63' lang='lat' dir='ltr'><strong>Str-ysclanum</strong></span> <span class='ocrx_word' id='word_1_52' title='bbox 1273 583 1430 620; x_wconf 76' lang='lat' dir='ltr'><strong>Nucem</strong></span> <span class='ocrx_word' id='word_1_53' title='bbox 1460 586 1663 620; x_wconf 71' lang='lat' dir='ltr'><strong>vomicam</strong></span> <span class='ocrx_word' id='word_1_54' title='bbox 1691 588 1834 634; x_wconf 89' lang='lat' dir='ltr'><strong>Linn.,</strong></span> <span class='ocrx_word' id='word_1_55' title='bbox 1872 588 2051 630; x_wconf 79' lang='lat' dir='ltr'><strong>speciem</strong></span> 
     </span>
     <span class='ocr_line' id='line_1_8' title="bbox 232 640 2052 689; baseline 0.001 -11"><span class='ocrx_word' id='word_1_56' title='bbox 232 640 438 678; x_wconf 84' lang='lat' dir='ltr'><strong>latissime</strong></span> <span class='ocrx_word' id='word_1_57' title='bbox 464 652 532 684; x_wconf 81' lang='lat' dir='ltr'><strong>per</strong></span> <span class='ocrx_word' id='word_1_58' title='bbox 548 642 691 676; x_wconf 79' lang='lat' dir='ltr'><strong>Asiam</strong></span> <span class='ocrx_word' id='word_1_59' title='bbox 717 641 962 687; x_wconf 76' lang='lat' dir='ltr'><strong>dispersam,</strong></span> <span class='ocrx_word' id='word_1_60' title='bbox 994 642 1221 678; x_wconf 76' lang='lat' dir='ltr'><strong>verisimile</strong></span> <span class='ocrx_word' id='word_1_61' title='bbox 1237 646 1318 689; x_wconf 86' lang='lat' dir='ltr'><strong>est,</strong></span> <span class='ocrx_word' id='word_1_62' title='bbox 1352 644 1469 684; x_wconf 89' lang='lat' dir='ltr'><strong>cujus</strong></span> <span class='ocrx_word' id='word_1_63' title='bbox 1486 643 1644 678; x_wconf 80' lang='lat' dir='ltr'><strong>radices</strong></span> <span class='ocrx_word' id='word_1_64' title='bbox 1661 652 1828 679; x_wconf 83' lang='lat' dir='ltr'><strong>crassae</strong></span> <span class='ocrx_word' id='word_1_65' title='bbox 1844 647 1879 678; x_wconf 85' lang='lat' dir='ltr'><strong>ct</strong></span> <span class='ocrx_word' id='word_1_66' title='bbox 1895 644 2052 688; x_wconf 84' lang='lat' dir='ltr'><strong>lignum</strong></span> 
     </span>
     <span class='ocr_line' id='line_1_9' title="bbox 236 696 2052 746; baseline -0.001 -13"><span class='ocrx_word' id='word_1_67' title='bbox 236 699 467 733; x_wconf 79' lang='lat' dir='ltr'><strong>truncorum</strong></span> <span class='ocrx_word' id='word_1_68' title='bbox 492 696 751 731; x_wconf 80' lang='lat' dir='ltr'><strong>mediocrium</strong></span> <span class='ocrx_word' id='word_1_69' title='bbox 775 703 811 732; x_wconf 89' lang='lat' dir='ltr'><strong>et</strong></span> <span class='ocrx_word' id='word_1_70' title='bbox 836 706 1034 733; x_wconf 87' lang='lat' dir='ltr'><strong>ramorum</strong></span> <span class='ocrx_word' id='word_1_71' title='bbox 1051 699 1224 733; x_wconf 88' lang='lat' dir='ltr'><strong>remedio</strong></span> <span class='ocrx_word' id='word_1_72' title='bbox 1242 699 1443 734; x_wconf 80' lang='lat' dir='ltr'><strong>inservire</strong></span> <span class='ocrx_word' id='word_1_73' title='bbox 1460 701 1657 735; x_wconf 81' lang='lat' dir='ltr'><strong>solebant.</strong></span> <span class='ocrx_word' id='word_1_74' title='bbox 1717 696 1922 746; x_wconf 72' lang='lat' dir='ltr'><strong>Stryclem&#39;</strong></span> <span class='ocrx_word' id='word_1_75' title='bbox 1936 697 2052 733; x_wconf 80' lang='lat' dir='ltr'><strong>colu-</strong></span> 
     </span>
     <span class='ocr_line' id='line_1_10' title="bbox 234 751 2052 800; baseline 0.002 -13"><span class='ocrx_word' id='word_1_76' title='bbox 234 751 384 787; x_wconf 68' lang='lat' dir='ltr'><strong>briaae</strong></span> <span class='ocrx_word' id='word_1_77' title='bbox 413 754 542 788; x_wconf 62' lang='lat' dir='ltr'><strong>U&#39;all.</strong></span> <span class='ocrx_word' id='word_1_78' title='bbox 574 751 765 795; x_wconf 82' lang='lat' dir='ltr'><strong>[Modira</strong></span> <span class='ocrx_word' id='word_1_79' title='bbox 795 753 1015 799; x_wconf 84' lang='lat' dir='ltr'><strong>Caniram]</strong></span> <span class='ocrx_word' id='word_1_80' title='bbox 1046 758 1084 789; x_wconf 88' lang='lat' dir='ltr'><strong>et</strong></span> <span class='ocrx_word' id='word_1_81' title='bbox 1114 754 1304 790; x_wconf 77' lang='lat' dir='ltr'><strong>fortassis</strong></span> <span class='ocrx_word' id='word_1_82' title='bbox 1336 755 1457 790; x_wconf 88' lang='lat' dir='ltr'><strong>etiam</strong></span> <span class='ocrx_word' id='word_1_83' title='bbox 1483 751 1688 800; x_wconf 71' lang='lat' dir='ltr'><strong>strychni</strong></span> <span class='ocrx_word' id='word_1_84' title='bbox 1715 754 1889 790; x_wconf 66' lang='lat' dir='ltr'><strong>miinoris</strong></span> <span class='ocrx_word' id='word_1_85' title='bbox 1918 756 2052 791; x_wconf 88' lang='lat' dir='ltr'><strong>Blum.</strong></span> 
     </span>
     <span class='ocr_line' id='line_1_11' title="bbox 233 807 2052 857; baseline 0.002 -13"><span class='ocrx_word' id='word_1_86' title='bbox 233 807 924 853; x_wconf 81' lang='lat' dir='ltr'><strong>[Tsjeru-Katuvalli-Caniram)</strong></span> <span class='ocrx_word' id='word_1_87' title='bbox 955 810 1118 846; x_wconf 89' lang='lat' dir='ltr'><strong>nonnisi</strong></span> <span class='ocrx_word' id='word_1_88' title='bbox 1147 812 1307 846; x_wconf 80' lang='lat' dir='ltr'><strong>radices</strong></span> <span class='ocrx_word' id='word_1_89' title='bbox 1336 812 1524 855; x_wconf 82' lang='lat' dir='ltr'><strong>lignosae</strong></span> <span class='ocrx_word' id='word_1_90' title='bbox 1554 812 1867 857; x_wconf 84' lang='lat' dir='ltr'><strong>adhibebantur,</strong></span> <span class='ocrx_word' id='word_1_91' title='bbox 1900 810 2052 854; x_wconf 82' lang='lat' dir='ltr'><strong>speciei</strong></span> 
     </span>
     <span class='ocr_line' id='line_1_12' title="bbox 231 864 2053 913; baseline 0.002 -13"><span class='ocrx_word' id='word_1_92' title='bbox 231 865 381 908; x_wconf 81' lang='lat' dir='ltr'><strong>prioris</strong></span> <span class='ocrx_word' id='word_1_93' title='bbox 400 867 531 900; x_wconf 84' lang='lat' dir='ltr'><strong>tamen</strong></span> <span class='ocrx_word' id='word_1_94' title='bbox 550 867 597 900; x_wconf 87' lang='lat' dir='ltr'><strong>ob</strong></span> <span class='ocrx_word' id='word_1_95' title='bbox 615 864 760 908; x_wconf 86' lang='lat' dir='ltr'><strong>ingens</strong></span> <span class='ocrx_word' id='word_1_96' title='bbox 778 866 970 913; x_wconf 85' lang='lat' dir='ltr'><strong>pretium,</strong></span> <span class='ocrx_word' id='word_1_97' title='bbox 1003 876 1079 910; x_wconf 87' lang='lat' dir='ltr'><strong>quo</strong></span> <span class='ocrx_word' id='word_1_98' title='bbox 1096 870 1340 909; x_wconf 85' lang='lat' dir='ltr'><strong>pharmacon</strong></span> <span class='ocrx_word' id='word_1_99' title='bbox 1359 865 1474 910; x_wconf 75' lang='lat' dir='ltr'><strong>(Pero</strong></span> <span class='ocrx_word' id='word_1_100' title='bbox 1494 866 1542 901; x_wconf 82' lang='lat' dir='ltr'><strong>de</strong></span> <span class='ocrx_word' id='word_1_101' title='bbox 1563 866 1700 902; x_wconf 68' lang='lat' dir='ltr'><strong>Gabra</strong></span> <span class='ocrx_word' id='word_1_102' title='bbox 1715 867 1872 912; x_wconf 82' lang='lat' dir='ltr'><strong>Lusit.)</strong></span> <span class='ocrx_word' id='word_1_103' title='bbox 1891 866 2053 903; x_wconf 85' lang='lat' dir='ltr'><strong>tutissi-</strong></span> 
     </span>
     <span class='ocr_line' id='line_1_13' title="bbox 231 919 2053 969; baseline 0.001 -13"><span class='ocrx_word' id='word_1_104' title='bbox 231 930 341 957; x_wconf 87' lang='lat' dir='ltr'><strong>mum</strong></span> <span class='ocrx_word' id='word_1_105' title='bbox 371 922 569 956; x_wconf 84' lang='lat' dir='ltr'><strong>adversus</strong></span> <span class='ocrx_word' id='word_1_106' title='bbox 599 922 801 964; x_wconf 85' lang='lat' dir='ltr'><strong>serpentis</strong></span> <span class='ocrx_word' id='word_1_107' title='bbox 831 919 956 968; x_wconf 76' lang='lat' dir='ltr'><strong>Naga</strong></span> <span class='ocrx_word' id='word_1_108' title='bbox 993 933 1032 959; x_wconf 84' lang='lat' dir='ltr'><strong>v.</strong></span> <span class='ocrx_word' id='word_1_109' title='bbox 1066 921 1205 957; x_wconf 77' lang='lat' dir='ltr'><strong>Cobra</strong></span> <span class='ocrx_word' id='word_1_110' title='bbox 1235 922 1283 957; x_wconf 86' lang='lat' dir='ltr'><strong>de</strong></span> <span class='ocrx_word' id='word_1_111' title='bbox 1318 921 1494 969; x_wconf 77' lang='lat' dir='ltr'><strong>Capella</strong></span> <span class='ocrx_word' id='word_1_112' title='bbox 1516 933 1724 961; x_wconf 87' lang='lat' dir='ltr'><strong>morsuras</strong></span> <span class='ocrx_word' id='word_1_113' title='bbox 1755 924 1974 960; x_wconf 84' lang='lat' dir='ltr'><strong>remedium</strong></span> <span class='ocrx_word' id='word_1_114' title='bbox 2002 925 2053 958; x_wconf 89' lang='lat' dir='ltr'><strong>ab</strong></span> 
     </span>
     <span class='ocr_line' id='line_1_14' title="bbox 230 976 2054 1026; baseline -0.001 -13"><span class='ocrx_word' id='word_1_115' title='bbox 230 976 344 1014; x_wconf 86' lang='lat' dir='ltr'><strong>Indis</strong></span> <span class='ocrx_word' id='word_1_116' title='bbox 368 979 559 1022; x_wconf 87' lang='lat' dir='ltr'><strong>habetur,</strong></span> <span class='ocrx_word' id='word_1_117' title='bbox 592 977 797 1013; x_wconf 83' lang='lat' dir='ltr'><strong>rarissime</strong></span> <span class='ocrx_word' id='word_1_118' title='bbox 821 978 863 1013; x_wconf 94' lang='lat' dir='ltr'><strong>in</strong></span> <span class='ocrx_word' id='word_1_119' title='bbox 883 980 1089 1022; x_wconf 75' lang='lat' dir='ltr'><strong>Europam</strong></span> <span class='ocrx_word' id='word_1_120' title='bbox 1114 981 1285 1017; x_wconf 83' lang='lat' dir='ltr'><strong>delatae.</strong></span> <span class='ocrx_word' id='word_1_121' title='bbox 1344 977 1520 1026; x_wconf 75' lang='lat' dir='ltr'><strong>Lignum</strong></span> <span class='ocrx_word' id='word_1_122' title='bbox 1545 979 1801 1016; x_wconf 72' lang='lat' dir='ltr'><strong>colubrv&#39;nnm</strong></span> <span class='ocrx_word' id='word_1_123' title='bbox 1829 979 2054 1014; x_wconf 67' lang='lat' dir='ltr'><strong>timore-nse</strong></span> 
     </span>
     <span class='ocr_line' id='line_1_15' title="bbox 233 1033 2050 1083; baseline 0.002 -16"><span class='ocrx_word' id='word_1_124' title='bbox 233 1034 457 1075; x_wconf 77' lang='lat' dir='ltr'><strong>Stryclrnos</strong></span> <span class='ocrx_word' id='word_1_125' title='bbox 482 1033 703 1077; x_wconf 84' lang='lat' dir='ltr'><strong>ligustrina</strong></span> <span class='ocrx_word' id='word_1_126' title='bbox 725 1035 856 1070; x_wconf 90' lang='lat' dir='ltr'><strong>Blum.</strong></span> <span class='ocrx_word' id='word_1_127' title='bbox 883 1036 1135 1082; x_wconf 85' lang='lat' dir='ltr'><strong>suppeditat,</strong></span> <span class='ocrx_word' id='word_1_128' title='bbox 1168 1037 1363 1079; x_wconf 84' lang='lat' dir='ltr'><strong>qualitate</strong></span> <span class='ocrx_word' id='word_1_129' title='bbox 1386 1045 1412 1072; x_wconf 90' lang='lat' dir='ltr'><strong>a</strong></span> <span class='ocrx_word' id='word_1_130' title='bbox 1435 1037 1602 1080; x_wconf 86' lang='lat' dir='ltr'><strong>reliquis</strong></span> <span class='ocrx_word' id='word_1_131' title='bbox 1618 1038 1727 1073; x_wconf 83' lang='lat' dir='ltr'><strong>haud</strong></span> <span class='ocrx_word' id='word_1_132' title='bbox 1744 1037 1971 1083; x_wconf 85' lang='lat' dir='ltr'><strong>diversum,</strong></span> <span class='ocrx_word' id='word_1_133' title='bbox 2003 1038 2050 1071; x_wconf 89' lang='lat' dir='ltr'><strong>ob</strong></span> 
     </span>
     <span class='ocr_line' id='line_1_16' title="bbox 231 1089 2055 1139; baseline 0.001 -15"><span class='ocrx_word' id='word_1_134' title='bbox 231 1089 315 1124; x_wconf 89' lang='lat' dir='ltr'><strong>vim</strong></span> <span class='ocrx_word' id='word_1_135' title='bbox 339 1089 591 1136; x_wconf 83' lang='lat' dir='ltr'><strong>specificam,</strong></span> <span class='ocrx_word' id='word_1_136' title='bbox 619 1098 699 1132; x_wconf 86' lang='lat' dir='ltr'><strong>qua</strong></span> <span class='ocrx_word' id='word_1_137' title='bbox 721 1090 763 1125; x_wconf 91' lang='lat' dir='ltr'><strong>in</strong></span> <span class='ocrx_word' id='word_1_138' title='bbox 778 1092 998 1127; x_wconf 85' lang='lat' dir='ltr'><strong>medullam</strong></span> <span class='ocrx_word' id='word_1_139' title='bbox 1015 1092 1217 1134; x_wconf 86' lang='lat' dir='ltr'><strong>spinalem</strong></span> <span class='ocrx_word' id='word_1_140' title='bbox 1235 1096 1273 1128; x_wconf 90' lang='lat' dir='ltr'><strong>et.</strong></span> <span class='ocrx_word' id='word_1_141' title='bbox 1288 1102 1434 1128; x_wconf 82' lang='lat' dir='ltr'><strong>nervos</strong></span> <span class='ocrx_word' id='word_1_142' title='bbox 1451 1093 1544 1129; x_wconf 89' lang='lat' dir='ltr'><strong>inde</strong></span> <span class='ocrx_word' id='word_1_143' title='bbox 1561 1094 1810 1139; x_wconf 85' lang='lat' dir='ltr'><strong>exorienteS,</strong></span> <span class='ocrx_word' id='word_1_144' title='bbox 1843 1092 1913 1136; x_wconf 89' lang='lat' dir='ltr'><strong>qui</strong></span> <span class='ocrx_word' id='word_1_145' title='bbox 1928 1090 2055 1128; x_wconf 90' lang='lat' dir='ltr'><strong>motui</strong></span> 
     </span>
    </p>
   </div>
   <div class='ocr_carea' id='block_1_4' title="bbox 228 1145 2055 1239">
    <p class='ocr_par' dir='ltr' id='par_1_4' title="bbox 228 1145 2055 1239">
     <span class='ocr_line' id='line_1_17' title="bbox 230 1145 2055 1196; baseline 0.002 -16"><span class='ocrx_word' id='word_1_146' title='bbox 230 1145 463 1181; x_wconf 78' lang='lat' dir='ltr'><strong>voluntario</strong></span> <span class='ocrx_word' id='word_1_147' title='bbox 482 1145 734 1192; x_wconf 87' lang='lat' dir='ltr'><strong>inserviunt,</strong></span> <span class='ocrx_word' id='word_1_148' title='bbox 766 1147 873 1196; x_wconf 84' lang='lat' dir='ltr'><strong>agit,</strong></span> <span class='ocrx_word' id='word_1_149' title='bbox 905 1156 930 1183; x_wconf 88' lang='lat' dir='ltr'><strong>a</strong></span> <span class='ocrx_word' id='word_1_150' title='bbox 944 1148 1111 1185; x_wconf 88' lang='lat' dir='ltr'><strong>medicis</strong></span> <span class='ocrx_word' id='word_1_151' title='bbox 1127 1148 1171 1185; x_wconf 80' lang='lat' dir='ltr'><strong>in</strong></span> <span class='ocrx_word' id='word_1_152' title='bbox 1190 1149 1307 1186; x_wconf 89' lang='lat' dir='ltr'><strong>terris</strong></span> <span class='ocrx_word' id='word_1_153' title='bbox 1325 1149 1473 1187; x_wconf 85' lang='lat' dir='ltr'><strong>calidis</strong></span> <span class='ocrx_word' id='word_1_154' title='bbox 1490 1153 1617 1186; x_wconf 88' lang='lat' dir='ltr'><strong>artem</strong></span> <span class='ocrx_word' id='word_1_155' title='bbox 1634 1149 1916 1185; x_wconf 83' lang='lat' dir='ltr'><strong>exercentibus</strong></span> <span class='ocrx_word' id='word_1_156' title='bbox 1931 1149 2055 1184; x_wconf 87' lang='lat' dir='ltr'><strong>vehe-</strong></span> 
     </span>
     <span class='ocr_line' id='line_1_18' title="bbox 228 1201 816 1239; baseline 0.002 -1"><span class='ocrx_word' id='word_1_157' title='bbox 228 1201 481 1238; x_wconf 86' lang='lat' dir='ltr'><strong>mentissime</strong></span> <span class='ocrx_word' id='word_1_158' title='bbox 500 1204 816 1239; x_wconf 88' lang='lat' dir='ltr'><strong>commendatur.</strong></span> 
     </span>
    </p>
   </div>
   <div class='ocr_carea' id='block_1_5' title="bbox 231 1283 2059 1728">
    <p class='ocr_par' dir='ltr' id='par_1_5' title="bbox 231 1283 2059 1728">
     <span class='ocr_line' id='line_1_19' title="bbox 382 1283 2056 1335; baseline 0.003 -16"><span class='ocrx_word' id='word_1_159' title='bbox 382 1283 588 1332; x_wconf 72' lang='lat' dir='ltr'><strong>strychni</strong></span> <span class='ocrx_word' id='word_1_160' title='bbox 608 1284 737 1321; x_wconf 69' lang='lat' dir='ltr'><strong>Nncv&#39;s</strong></span> <span class='ocrx_word' id='word_1_161' title='bbox 755 1286 940 1322; x_wconf 66' lang='lat' dir='ltr'><strong>vomicae</strong></span> <span class='ocrx_word' id='word_1_162' title='bbox 954 1289 1072 1325; x_wconf 90' lang='lat' dir='ltr'><strong>Linn.</strong></span> <span class='ocrx_word' id='word_1_163' title='bbox 1091 1288 1247 1325; x_wconf 87' lang='lat' dir='ltr'><strong>arboris</strong></span> <span class='ocrx_word' id='word_1_164' title='bbox 1262 1289 1425 1326; x_wconf 88' lang='lat' dir='ltr'><strong>indicae</strong></span> <span class='ocrx_word' id='word_1_165' title='bbox 1441 1290 1598 1326; x_wconf 88' lang='lat' dir='ltr'><strong>semina</strong></span> <span class='ocrx_word' id='word_1_166' title='bbox 1616 1289 1841 1335; x_wconf 86' lang='lat' dir='ltr'><strong>discoidea,</strong></span> <span class='ocrx_word' id='word_1_167' title='bbox 1873 1287 2056 1332; x_wconf 87' lang='lat' dir='ltr'><strong>margine</strong></span> 
     </span>
     <span class='ocr_line' id='line_1_20' title="bbox 238 1341 2058 1391; baseline 0.001 -13"><span class='ocrx_word' id='word_1_168' title='bbox 238 1341 413 1388; x_wconf 87' lang='lat' dir='ltr'><strong>tumida,</strong></span> <span class='ocrx_word' id='word_1_169' title='bbox 446 1344 545 1386; x_wconf 87' lang='lat' dir='ltr'><strong>pilis</strong></span> <span class='ocrx_word' id='word_1_170' title='bbox 569 1345 761 1379; x_wconf 83' lang='lat' dir='ltr'><strong>brevibus</strong></span> <span class='ocrx_word' id='word_1_171' title='bbox 779 1345 957 1390; x_wconf 87' lang='lat' dir='ltr'><strong>sericea,</strong></span> <span class='ocrx_word' id='word_1_172' title='bbox 989 1350 1129 1381; x_wconf 80' lang='lat' dir='ltr'><strong>ventre</strong></span> <span class='ocrx_word' id='word_1_173' title='bbox 1145 1347 1401 1391; x_wconf 85' lang='lat' dir='ltr'><strong>umbilicata‚</strong></span> <span class='ocrx_word' id='word_1_174' title='bbox 1433 1347 1682 1389; x_wconf 77' lang='lat' dir='ltr'><strong>Stryclmina</strong></span> <span class='ocrx_word' id='word_1_175' title='bbox 1698 1350 1733 1382; x_wconf 87' lang='lat' dir='ltr'><strong>et</strong></span> <span class='ocrx_word' id='word_1_176' title='bbox 1751 1346 1931 1381; x_wconf 88' lang='lat' dir='ltr'><strong>Brucina</strong></span> <span class='ocrx_word' id='word_1_177' title='bbox 1948 1345 2058 1380; x_wconf 85' lang='lat' dir='ltr'><strong>foeta</strong></span> 
     </span>
     <span class='ocr_line' id='line_1_21' title="bbox 234 1398 2057 1447; baseline 0.002 -14"><span class='ocrx_word' id='word_1_178' title='bbox 234 1403 274 1434; x_wconf 83' lang='lat' dir='ltr'><strong>et</strong></span> <span class='ocrx_word' id='word_1_179' title='bbox 291 1399 613 1434; x_wconf 84' lang='lat' dir='ltr'><strong>venenatissima</strong></span> <span class='ocrx_word' id='word_1_180' title='bbox 638 1399 784 1443; x_wconf 81' lang='lat' dir='ltr'><strong>(vulgo</strong></span> <span class='ocrx_word' id='word_1_181' title='bbox 803 1398 1144 1447; x_wconf 69' lang='lat' dir='ltr'><strong>Kril&#39;laeenaugen,</strong></span> <span class='ocrx_word' id='word_1_182' title='bbox 1170 1400 1393 1446; x_wconf 76' lang='lat' dir='ltr'><strong>Kooclcla]</strong></span> <span class='ocrx_word' id='word_1_183' title='bbox 1419 1401 1506 1438; x_wconf 84' lang='lat' dir='ltr'><strong>dosi</strong></span> <span class='ocrx_word' id='word_1_184' title='bbox 1523 1403 1729 1444; x_wconf 78' lang='lat' dir='ltr'><strong>sapienter</strong></span> <span class='ocrx_word' id='word_1_185' title='bbox 1745 1411 1770 1437; x_wconf 87' lang='lat' dir='ltr'><strong>a</strong></span> <span class='ocrx_word' id='word_1_186' title='bbox 1784 1402 1939 1437; x_wconf 91' lang='lat' dir='ltr'><strong>medico</strong></span> <span class='ocrx_word' id='word_1_187' title='bbox 1957 1405 2057 1437; x_wconf 88' lang='lat' dir='ltr'><strong>tem-</strong></span> 
     </span>
     <span class='ocr_line' id='line_1_22' title="bbox 231 1454 2058 1504; baseline 0.001 -15"><span class='ocrx_word' id='word_1_188' title='bbox 231 1458 376 1498; x_wconf 83' lang='lat' dir='ltr'><strong>perata</strong></span> <span class='ocrx_word' id='word_1_189' title='bbox 390 1456 529 1490; x_wconf 86' lang='lat' dir='ltr'><strong>eadem</strong></span> <span class='ocrx_word' id='word_1_190' title='bbox 547 1455 632 1490; x_wconf 89' lang='lat' dir='ltr'><strong>fere</strong></span> <span class='ocrx_word' id='word_1_191' title='bbox 649 1456 819 1502; x_wconf 85' lang='lat' dir='ltr'><strong>ratione,</strong></span> <span class='ocrx_word' id='word_1_192' title='bbox 844 1465 924 1499; x_wconf 89' lang='lat' dir='ltr'><strong>qua</strong></span> <span class='ocrx_word' id='word_1_193' title='bbox 940 1454 1117 1502; x_wconf 67' lang='lat' dir='ltr'><strong>Lignum</strong></span> <span class='ocrx_word' id='word_1_194' title='bbox 1134 1456 1407 1504; x_wconf 70' lang='lat' dir='ltr'><strong>colubrimcm,</strong></span> <span class='ocrx_word' id='word_1_195' title='bbox 1431 1458 1472 1493; x_wconf 92' lang='lat' dir='ltr'><strong>in</strong></span> <span class='ocrx_word' id='word_1_196' title='bbox 1491 1459 1665 1494; x_wconf 88' lang='lat' dir='ltr'><strong>diversis</strong></span> <span class='ocrx_word' id='word_1_197' title='bbox 1682 1459 1834 1494; x_wconf 83' lang='lat' dir='ltr'><strong>morbis</strong></span> <span class='ocrx_word' id='word_1_198' title='bbox 1851 1460 2058 1493; x_wconf 81' lang='lat' dir='ltr'><strong>salutares</strong></span> 
     </span>
     <span class='ocr_line' id='line_1_23' title="bbox 234 1506 2058 1558; baseline 0 -12"><span class='ocrx_word' id='word_1_199' title='bbox 234 1513 343 1547; x_wconf 80' lang='lat' dir='ltr'><strong>sunt.</strong></span> <span class='ocrx_word' id='word_1_200' title='bbox 383 1511 582 1546; x_wconf 80' lang='lat' dir='ltr'><strong>corticem</strong></span> <span class='ocrx_word' id='word_1_201' title='bbox 599 1513 703 1546; x_wconf 89' lang='lat' dir='ltr'><strong>inter</strong></span> <span class='ocrx_word' id='word_1_202' title='bbox 717 1506 994 1558; x_wconf 79' lang='lat' dir='ltr'><strong>Angoslurae</strong></span> <span class='ocrx_word' id='word_1_203' title='bbox 1012 1513 1185 1548; x_wconf 66' lang='lat' dir='ltr'><strong>corticis</strong></span> <span class='ocrx_word' id='word_1_204' title='bbox 1201 1514 1424 1550; x_wconf 87' lang='lat' dir='ltr'><strong>varietates</strong></span> <span class='ocrx_word' id='word_1_205' title='bbox 1440 1514 1694 1550; x_wconf 88' lang='lat' dir='ltr'><strong>circumferri</strong></span> <span class='ocrx_word' id='word_1_206' title='bbox 1711 1517 1881 1550; x_wconf 88' lang='lat' dir='ltr'><strong>constat.</strong></span> <span class='ocrx_word' id='word_1_207' title='bbox 1913 1510 2058 1547; x_wconf 69' lang='lat' dir='ltr'><strong>Fabae</strong></span> 
     </span>
     <span class='ocr_line' id='line_1_24' title="bbox 235 1562 2059 1617; baseline 0.002 -16"><span class='ocrx_word' id='word_1_208' title='bbox 235 1562 299 1601; x_wconf 80' lang='lat' dir='ltr'><strong>St.</strong></span> <span class='ocrx_word' id='word_1_209' title='bbox 317 1564 484 1612; x_wconf 70' lang='lat' dir='ltr'><strong>Ignatii</strong></span> <span class='ocrx_word' id='word_1_210' title='bbox 497 1567 653 1603; x_wconf 87' lang='lat' dir='ltr'><strong>semina</strong></span> <span class='ocrx_word' id='word_1_211' title='bbox 670 1572 766 1603; x_wconf 88' lang='lat' dir='ltr'><strong>sunt</strong></span> <span class='ocrx_word' id='word_1_212' title='bbox 786 1567 986 1614; x_wconf 66' lang='lat' dir='ltr'><strong>Ignatiae</strong></span> <span class='ocrx_word' id='word_1_213' title='bbox 1002 1579 1180 1604; x_wconf 79' lang='lat' dir='ltr'><strong>amarae</strong></span> <span class='ocrx_word' id='word_1_214' title='bbox 1195 1571 1316 1606; x_wconf 91' lang='lat' dir='ltr'><strong>Linn.</strong></span> <span class='ocrx_word' id='word_1_215' title='bbox 1328 1598 1338 1617; x_wconf 88' lang='lat'><strong>,</strong></span> <span class='ocrx_word' id='word_1_216' title='bbox 1371 1569 1529 1606; x_wconf 86' lang='lat' dir='ltr'><strong>fruticis</strong></span> <span class='ocrx_word' id='word_1_217' title='bbox 1546 1570 1826 1616; x_wconf 88' lang='lat' dir='ltr'><strong>manillensis,</strong></span> <span class='ocrx_word' id='word_1_218' title='bbox 1859 1572 2059 1613; x_wconf 79' lang='lat' dir='ltr'><strong>Strychno</strong></span> 
     </span>
     <span class='ocr_line' id='line_1_25' title="bbox 232 1623 2059 1670; baseline 0.002 -12"><span class='ocrx_word' id='word_1_219' title='bbox 232 1626 347 1658; x_wconf 81' lang='lat' dir='ltr'><strong>arcte</strong></span> <span class='ocrx_word' id='word_1_220' title='bbox 372 1623 528 1670; x_wconf 84' lang='lat' dir='ltr'><strong>affinis,</strong></span> <span class='ocrx_word' id='word_1_221' title='bbox 561 1624 706 1659; x_wconf 88' lang='lat' dir='ltr'><strong>iisdem</strong></span> <span class='ocrx_word' id='word_1_222' title='bbox 731 1625 945 1669; x_wconf 79' lang='lat' dir='ltr'><strong>principiis</strong></span> <span class='ocrx_word' id='word_1_223' title='bbox 971 1635 1019 1661; x_wconf 91' lang='lat' dir='ltr'><strong>ac</strong></span> <span class='ocrx_word' id='word_1_224' title='bbox 1041 1628 1177 1662; x_wconf 90' lang='lat' dir='ltr'><strong>Nuces</strong></span> <span class='ocrx_word' id='word_1_225' title='bbox 1200 1627 1385 1662; x_wconf 86' lang='lat' dir='ltr'><strong>vomicae</strong></span> <span class='ocrx_word' id='word_1_226' title='bbox 1409 1626 1606 1662; x_wconf 85' lang='lat' dir='ltr'><strong>efficacia.</strong></span> <span class='ocrx_word' id='word_1_227' title='bbox 1649 1629 1939 1670; x_wconf 84' lang='lat' dir='ltr'><strong>Strychnorum</strong></span> <span class='ocrx_word' id='word_1_228' title='bbox 1961 1628 2059 1661; x_wconf 85' lang='lat' dir='ltr'><strong>bac-</strong></span> 
     </span>
     <span class='ocr_line' id='line_1_26' title="bbox 232 1681 2058 1728; baseline 0.002 -14"><span class='ocrx_word' id='word_1_229' title='bbox 232 1687 308 1714; x_wconf 90' lang='lat' dir='ltr'><strong>cae</strong></span> <span class='ocrx_word' id='word_1_230' title='bbox 332 1682 459 1722; x_wconf 86' lang='lat' dir='ltr'><strong>pulpa</strong></span> <span class='ocrx_word' id='word_1_231' title='bbox 482 1689 657 1716; x_wconf 88' lang='lat' dir='ltr'><strong>succosa</strong></span> <span class='ocrx_word' id='word_1_232' title='bbox 681 1685 860 1728; x_wconf 86' lang='lat' dir='ltr'><strong>scatent,</strong></span> <span class='ocrx_word' id='word_1_233' title='bbox 892 1691 995 1724; x_wconf 87' lang='lat' dir='ltr'><strong>quae</strong></span> <span class='ocrx_word' id='word_1_234' title='bbox 1020 1686 1070 1718; x_wconf 85' lang='lat' dir='ltr'><strong>ab</strong></span> <span class='ocrx_word' id='word_1_235' title='bbox 1093 1682 1326 1718; x_wconf 84' lang='lat' dir='ltr'><strong>hominibus</strong></span> <span class='ocrx_word' id='word_1_236' title='bbox 1349 1686 1388 1718; x_wconf 89' lang='lat' dir='ltr'><strong>et</strong></span> <span class='ocrx_word' id='word_1_237' title='bbox 1418 1682 1563 1719; x_wconf 88' lang='lat' dir='ltr'><strong>bestiis</strong></span> <span class='ocrx_word' id='word_1_238' title='bbox 1592 1682 1765 1718; x_wconf 90' lang='lat' dir='ltr'><strong>innocue</strong></span> <span class='ocrx_word' id='word_1_239' title='bbox 1794 1681 2058 1718; x_wconf 85' lang='lat' dir='ltr'><strong>consumitur.</strong></span> 
     </span>
    </p>
   </div>
   <div class='ocr_carea' id='block_1_6' title="bbox 235 1731 2058 1835">
    <p class='ocr_par' dir='ltr' id='par_1_6' title="bbox 235 1731 2058 1835">
     <span class='ocr_line' id='line_1_27' title="bbox 235 1731 2058 1785; baseline 0.002 -16"><span class='ocrx_word' id='word_1_240' title='bbox 235 1731 443 1780; x_wconf 72' lang='lat' dir='ltr'><strong>‘strychni</strong></span> <span class='ocrx_word' id='word_1_241' title='bbox 453 1738 702 1780; x_wconf 80' lang='lat' dir='ltr'><strong>potatorum</strong></span> <span class='ocrx_word' id='word_1_242' title='bbox 718 1738 838 1772; x_wconf 90' lang='lat' dir='ltr'><strong>Linn.</strong></span> <span class='ocrx_word' id='word_1_243' title='bbox 859 1736 1081 1782; x_wconf 80' lang='lat' dir='ltr'><strong>(Nirmuli)</strong></span> <span class='ocrx_word' id='word_1_244' title='bbox 1105 1739 1264 1775; x_wconf 89' lang='lat' dir='ltr'><strong>semina</strong></span> <span class='ocrx_word' id='word_1_245' title='bbox 1278 1747 1427 1781; x_wconf 85' lang='lat' dir='ltr'><strong>aquam</strong></span> <span class='ocrx_word' id='word_1_246' title='bbox 1441 1739 1698 1782; x_wconf 85' lang='lat' dir='ltr'><strong>inquinatam</strong></span> <span class='ocrx_word' id='word_1_247' title='bbox 1712 1739 1812 1775; x_wconf 91' lang='lat' dir='ltr'><strong>mire</strong></span> <span class='ocrx_word' id='word_1_248' title='bbox 1828 1738 2058 1785; x_wconf 80' lang='lat' dir='ltr'><strong>purificant,</strong></span> 
     </span>
     <span class='ocr_line' id='line_1_28' title="bbox 235 1791 1056 1835; baseline 0.005 -9"><span class='ocrx_word' id='word_1_249' title='bbox 235 1791 386 1835; x_wconf 83' lang='lat' dir='ltr'><strong>ubique</strong></span> <span class='ocrx_word' id='word_1_250' title='bbox 402 1791 446 1826; x_wconf 89' lang='lat' dir='ltr'><strong>in</strong></span> <span class='ocrx_word' id='word_1_251' title='bbox 463 1792 654 1835; x_wconf 89' lang='lat' dir='ltr'><strong>emporiis</strong></span> <span class='ocrx_word' id='word_1_252' title='bbox 669 1794 860 1829; x_wconf 86' lang='lat' dir='ltr'><strong>Indorum</strong></span> <span class='ocrx_word' id='word_1_253' title='bbox 875 1795 1056 1831; x_wconf 87' lang='lat' dir='ltr'><strong>venalia.</strong></span> 
     </span>
    </p>
   </div>
   <div class='ocr_carea' id='block_1_7' title="bbox 233 1873 2062 2095">
    <p class='ocr_par' dir='ltr' id='par_1_7' title="bbox 233 1873 2062 2095">
     <span class='ocr_line' id='line_1_29' title="bbox 377 1873 2060 1926; baseline 0 -15"><span class='ocrx_word' id='word_1_254' title='bbox 377 1876 500 1918; x_wconf 87' lang='lat' dir='ltr'><strong>Apud</strong></span> <span class='ocrx_word' id='word_1_255' title='bbox 529 1875 806 1914; x_wconf 79' lang='lat' dir='ltr'><strong>Brasilienses</strong></span> <span class='ocrx_word' id='word_1_256' title='bbox 837 1878 1027 1921; x_wconf 80' lang='lat' dir='ltr'><strong>strychni</strong></span> <span class='ocrx_word' id='word_1_257' title='bbox 1058 1878 1217 1922; x_wconf 85' lang='lat' dir='ltr'><strong>species</strong></span> <span class='ocrx_word' id='word_1_258' title='bbox 1247 1879 1435 1916; x_wconf 87' lang='lat' dir='ltr'><strong>nascitur</strong></span> <span class='ocrx_word' id='word_1_259' title='bbox 1458 1876 1692 1926; x_wconf 69' lang='lat' dir='ltr'><strong>strychnos</strong></span> <span class='ocrx_word' id='word_1_260' title='bbox 1715 1873 2060 1914; x_wconf 61' lang='lat' dir='ltr'><strong>Pseudo-Chim</strong></span> 
     </span>
     <span class='ocr_line' id='line_1_30' title="bbox 236 1930 2062 1982; baseline 0.002 -15"><span class='ocrx_word' id='word_1_261' title='bbox 236 1933 295 1967; x_wconf 86' lang='lat' dir='ltr'><strong>st.</strong></span> <span class='ocrx_word' id='word_1_262' title='bbox 325 1930 421 1975; x_wconf 77' lang='grc' dir='ltr'><strong>ΗΠ)</strong></span> <span class='ocrx_word' id='word_1_263' title='bbox 460 1933 784 1970; x_wconf 87' lang='lat' dir='ltr'><strong>substantiarum</strong></span> <span class='ocrx_word' id='word_1_264' title='bbox 821 1935 1102 1971; x_wconf 87' lang='lat' dir='ltr'><strong>alkalinarum</strong></span> <span class='ocrx_word' id='word_1_265' title='bbox 1131 1945 1297 1982; x_wconf 83' lang='lat' dir='ltr'><strong>expers,</strong></span> <span class='ocrx_word' id='word_1_266' title='bbox 1336 1937 1456 1979; x_wconf 88' lang='lat' dir='ltr'><strong>cujus</strong></span> <span class='ocrx_word' id='word_1_267' title='bbox 1489 1940 1628 1972; x_wconf 85' lang='lat' dir='ltr'><strong>cortex</strong></span> <span class='ocrx_word' id='word_1_268' title='bbox 1658 1935 1805 1980; x_wconf 82' lang='lat' dir='ltr'><strong>[vulgo</strong></span> <span class='ocrx_word' id='word_1_269' title='bbox 1839 1933 1980 1978; x_wconf 68' lang='lat' dir='ltr'><strong>Quina</strong></span> <span class='ocrx_word' id='word_1_270' title='bbox 2012 1932 2062 1969; x_wconf 79' lang='lat' dir='ltr'><strong>de</strong></span> 
     </span>
     <span class='ocr_line' id='line_1_31' title="bbox 233 1985 2059 2039; baseline 0.003 -17"><span class='ocrx_word' id='word_1_271' title='bbox 233 1985 420 2032; x_wconf 68' lang='lat' dir='ltr'><strong>Mandu,</strong></span> <span class='ocrx_word' id='word_1_272' title='bbox 455 1985 597 2031; x_wconf 73' lang='lat' dir='ltr'><strong>Quina</strong></span> <span class='ocrx_word' id='word_1_273' title='bbox 612 1986 661 2021; x_wconf 81' lang='lat' dir='ltr'><strong>de</strong></span> <span class='ocrx_word' id='word_1_274' title='bbox 677 1986 821 2036; x_wconf 59' lang='lat' dir='ltr'><strong>Iunco,</strong></span> <span class='ocrx_word' id='word_1_275' title='bbox 847 1989 1009 2025; x_wconf 65' lang='lat' dir='ltr'><strong>Cortex</strong></span> <span class='ocrx_word' id='word_1_276' title='bbox 1029 1988 1250 2037; x_wconf 62' lang='lat' dir='ltr'><strong>Copalcln)</strong></span> <span class='ocrx_word' id='word_1_277' title='bbox 1275 2001 1460 2039; x_wconf 88' lang='lat' dir='ltr'><strong>amarus,</strong></span> <span class='ocrx_word' id='word_1_278' title='bbox 1492 1992 1597 2028; x_wconf 88' lang='lat' dir='ltr'><strong>inter</strong></span> <span class='ocrx_word' id='word_1_279' title='bbox 1613 1993 1789 2028; x_wconf 84' lang='lat' dir='ltr'><strong>remedia</strong></span> <span class='ocrx_word' id='word_1_280' title='bbox 1805 1990 2059 2029; x_wconf 84' lang='lat' dir='ltr'><strong>antifebrilia</strong></span> 
     </span>
     <span class='ocr_line' id='line_1_32' title="bbox 233 2044 1680 2095; baseline 0.003 -15"><span class='ocrx_word' id='word_1_281' title='bbox 233 2046 427 2091; x_wconf 83' lang='lat' dir='ltr'><strong>habetur,</strong></span> <span class='ocrx_word' id='word_1_282' title='bbox 457 2044 608 2080; x_wconf 87' lang='lat' dir='ltr'><strong>virtute</strong></span> <span class='ocrx_word' id='word_1_283' title='bbox 624 2046 869 2095; x_wconf 82' lang='lat' dir='ltr'><strong>Gentianae,</strong></span> <span class='ocrx_word' id='word_1_284' title='bbox 900 2047 1070 2083; x_wconf 81' lang='lat' dir='ltr'><strong>Trifolio</strong></span> <span class='ocrx_word' id='word_1_285' title='bbox 1085 2048 1228 2084; x_wconf 87' lang='lat' dir='ltr'><strong>fibrino</strong></span> <span class='ocrx_word' id='word_1_286' title='bbox 1245 2053 1284 2084; x_wconf 85' lang='lat' dir='ltr'><strong>et</strong></span> <span class='ocrx_word' id='word_1_287' title='bbox 1299 2050 1499 2092; x_wconf 84' lang='lat' dir='ltr'><strong>Quassiae</strong></span> <span class='ocrx_word' id='word_1_288' title='bbox 1516 2049 1680 2086; x_wconf 91' lang='lat' dir='ltr'><strong>similis.</strong></span> 
     </span>
    </p>
   </div>
   <div class='ocr_carea' id='block_1_8' title="bbox 201 2125 2107 2232">
    <p class='ocr_par' dir='ltr' id='par_1_8' title="bbox 201 2125 2107 2232">
     <span class='ocr_line' id='line_1_33' title="bbox 380 2125 2107 2179; baseline 0.004 -18"><span class='ocrx_word' id='word_1_289' title='bbox 380 2125 651 2162; x_wconf 68' lang='lat' dir='ltr'><strong>Gardnerae‘ae</strong></span> <span class='ocrx_word' id='word_1_290' title='bbox 675 2133 831 2164; x_wconf 78' lang='lat' dir='ltr'><strong>ovatae</strong></span> <span class='ocrx_word' id='word_1_291' title='bbox 853 2133 985 2168; x_wconf 61' lang='lat' dir='ltr'><strong>xvall.</strong></span> <span class='ocrx_word' id='word_1_292' title='bbox 1015 2132 1184 2179; x_wconf 77' lang='lat' dir='ltr'><strong>(Humi,</strong></span> <span class='ocrx_word' id='word_1_293' title='bbox 1219 2131 1496 2177; x_wconf 79' lang='lat' dir='ltr'><strong>Oocha-Soa]</strong></span> <span class='ocrx_word' id='word_1_294' title='bbox 1521 2132 1668 2169; x_wconf 88' lang='lat' dir='ltr'><strong>ramuli</strong></span> <span class='ocrx_word' id='word_1_295' title='bbox 1684 2131 1871 2176; x_wconf 88' lang='lat' dir='ltr'><strong>juniores</strong></span> <span class='ocrx_word' id='word_1_296' title='bbox 1901 2134 1940 2168; x_wconf 87' lang='lat' dir='ltr'><strong>et</strong></span> <span class='ocrx_word' id='word_1_297' title='bbox 1962 2130 2064 2168; x_wconf 84' lang='lat' dir='ltr'><strong>folia</strong></span> <span class='ocrx_word' id='word_1_298' title='bbox 2103 2138 2107 2142; x_wconf 84' lang='grc'>’</span> 
     </span>
     <span class='ocr_line' id='line_1_34' title="bbox 201 2183 1844 2232; baseline 0.003 -13"><span class='ocrx_word' id='word_1_299' title='bbox 201 2225 207 2232; x_wconf 38' lang='grc'><strong><em>,</em></strong></span> <span class='ocrx_word' id='word_1_300' title='bbox 236 2192 361 2220; x_wconf 85' lang='lat' dir='ltr'><strong>succo</strong></span> <span class='ocrx_word' id='word_1_301' title='bbox 376 2183 481 2228; x_wconf 78' lang='lat' dir='ltr'><strong>flavo</strong></span> <span class='ocrx_word' id='word_1_302' title='bbox 499 2187 670 2222; x_wconf 82' lang='lat' dir='ltr'><strong>scatent.</strong></span> <span class='ocrx_word' id='word_1_303' title='bbox 727 2186 838 2222; x_wconf 89' lang='lat' dir='ltr'><strong>Nihil</strong></span> <span class='ocrx_word' id='word_1_304' title='bbox 856 2189 905 2224; x_wconf 87' lang='lat' dir='ltr'><strong>de</strong></span> <span class='ocrx_word' id='word_1_305' title='bbox 920 2184 1132 2223; x_wconf 76' lang='lat' dir='ltr'><strong>Antoniae</strong></span> <span class='ocrx_word' id='word_1_306' title='bbox 1148 2193 1186 2224; x_wconf 87' lang='lat' dir='ltr'><strong>et</strong></span> <span class='ocrx_word' id='word_1_307' title='bbox 1203 2185 1444 2223; x_wconf 66' lang='lat' dir='ltr'><strong>Labordme</strong></span> <span class='ocrx_word' id='word_1_308' title='bbox 1459 2190 1658 2232; x_wconf 83' lang='lat' dir='ltr'><strong>qualitate</strong></span> <span class='ocrx_word' id='word_1_309' title='bbox 1674 2192 1844 2225; x_wconf 85' lang='lat' dir='ltr'><strong>constat.</strong></span> 
     </span>
    </p>
   </div>
   <div class='ocr_carea' id='block_1_9' title="bbox 236 2264 2063 2710">
    <p class='ocr_par' dir='ltr' id='par_1_9' title="bbox 236 2264 2063 2710">
     <span class='ocr_line' id='line_1_35' title="bbox 377 2264 2063 2319; baseline 0.002 -16"><span class='ocrx_word' id='word_1_310' title='bbox 377 2268 426 2303; x_wconf 90' lang='lat' dir='ltr'><strong>In</strong></span> <span class='ocrx_word' id='word_1_311' title='bbox 444 2264 725 2314; x_wconf 66' lang='lat' dir='ltr'><strong>Spigeliarum</strong></span> <span class='ocrx_word' id='word_1_312' title='bbox 742 2272 860 2306; x_wconf 86' lang='lat' dir='ltr'><strong>caule</strong></span> <span class='ocrx_word' id='word_1_313' title='bbox 877 2274 917 2307; x_wconf 87' lang='lat' dir='ltr'><strong>et</strong></span> <span class='ocrx_word' id='word_1_314' title='bbox 932 2270 1162 2318; x_wconf 89' lang='lat' dir='ltr'><strong>radicibus,</strong></span> <span class='ocrx_word' id='word_1_315' title='bbox 1195 2281 1299 2315; x_wconf 86' lang='lat' dir='ltr'><strong>quae</strong></span> <span class='ocrx_word' id='word_1_316' title='bbox 1314 2276 1498 2309; x_wconf 88' lang='lat' dir='ltr'><strong>recentes</strong></span> <span class='ocrx_word' id='word_1_317' title='bbox 1515 2274 1634 2309; x_wconf 88' lang='lat' dir='ltr'><strong>odore</strong></span> <span class='ocrx_word' id='word_1_318' title='bbox 1649 2271 1870 2319; x_wconf 83' lang='lat' dir='ltr'><strong>peculiari,</strong></span> <span class='ocrx_word' id='word_1_319' title='bbox 1902 2270 2063 2315; x_wconf 85' lang='lat' dir='ltr'><strong>ingrato</strong></span> 
     </span>
     <span class='ocr_line' id='line_1_36' title="bbox 241 2325 2060 2374; baseline 0.002 -14"><span class='ocrx_word' id='word_1_320' title='bbox 241 2326 282 2360; x_wconf 82' lang='lat' dir='ltr'><strong>et</strong></span> <span class='ocrx_word' id='word_1_321' title='bbox 304 2332 450 2367; x_wconf 80' lang='lat' dir='ltr'><strong>sapore</strong></span> <span class='ocrx_word' id='word_1_322' title='bbox 474 2333 613 2360; x_wconf 85' lang='lat' dir='ltr'><strong>amaro</strong></span> <span class='ocrx_word' id='word_1_323' title='bbox 636 2328 675 2361; x_wconf 85' lang='lat' dir='ltr'><strong>et</strong></span> <span class='ocrx_word' id='word_1_324' title='bbox 697 2325 784 2361; x_wconf 89' lang='lat' dir='ltr'><strong>acri</strong></span> <span class='ocrx_word' id='word_1_325' title='bbox 806 2330 1031 2374; x_wconf 86' lang='lat' dir='ltr'><strong>excellunt,</strong></span> <span class='ocrx_word' id='word_1_326' title='bbox 1062 2328 1199 2364; x_wconf 88' lang='lat' dir='ltr'><strong>siccae</strong></span> <span class='ocrx_word' id='word_1_327' title='bbox 1215 2332 1350 2364; x_wconf 85' lang='lat' dir='ltr'><strong>autem</strong></span> <span class='ocrx_word' id='word_1_328' title='bbox 1368 2329 1450 2364; x_wconf 88' lang='lat' dir='ltr'><strong>fere</strong></span> <span class='ocrx_word' id='word_1_329' title='bbox 1467 2333 1651 2365; x_wconf 85' lang='lat' dir='ltr'><strong>exoletae</strong></span> <span class='ocrx_word' id='word_1_330' title='bbox 1667 2332 1781 2374; x_wconf 87' lang='lat' dir='ltr'><strong>sunt,</strong></span> <span class='ocrx_word' id='word_1_331' title='bbox 1814 2327 2060 2371; x_wconf 78' lang='lat' dir='ltr'><strong>principium</strong></span> 
     </span>
     <span class='ocr_line' id='line_1_37' title="bbox 236 2379 2063 2431; baseline 0.002 -16"><span class='ocrx_word' id='word_1_332' title='bbox 236 2379 390 2416; x_wconf 82' lang='lat' dir='ltr'><strong>residet</strong></span> <span class='ocrx_word' id='word_1_333' title='bbox 414 2387 618 2428; x_wconf 82' lang='lat' dir='ltr'><strong>amarum,</strong></span> <span class='ocrx_word' id='word_1_334' title='bbox 643 2390 912 2429; x_wconf 65' lang='lat' dir='ltr'><strong>nausmsum,</strong></span> <span class='ocrx_word' id='word_1_335' title='bbox 937 2384 1209 2431; x_wconf 88' lang='lat' dir='ltr'><strong>narcoticum,</strong></span> <span class='ocrx_word' id='word_1_336' title='bbox 1234 2393 1260 2420; x_wconf 88' lang='lat' dir='ltr'><strong>a</strong></span> <span class='ocrx_word' id='word_1_337' title='bbox 1283 2393 1360 2426; x_wconf 87' lang='lat' dir='ltr'><strong>quo</strong></span> <span class='ocrx_word' id='word_1_338' title='bbox 1382 2385 1515 2421; x_wconf 84' lang='lat' dir='ltr'><strong>virtus</strong></span> <span class='ocrx_word' id='word_1_339' title='bbox 1531 2388 1670 2421; x_wconf 84' lang='lat' dir='ltr'><strong>alvum</strong></span> <span class='ocrx_word' id='word_1_340' title='bbox 1684 2383 1961 2420; x_wconf 88' lang='lat' dir='ltr'><strong>vehementius</strong></span> <span class='ocrx_word' id='word_1_341' title='bbox 1976 2392 2063 2419; x_wconf 83' lang='lat' dir='ltr'><strong>mo-</strong></span> 
     </span>
     <span class='ocr_line' id='line_1_38' title="bbox 237 2436 2062 2488; baseline 0.001 -17"><span class='ocrx_word' id='word_1_342' title='bbox 237 2444 343 2472; x_wconf 87' lang='lat' dir='ltr'><strong>vens</strong></span> <span class='ocrx_word' id='word_1_343' title='bbox 368 2440 408 2472; x_wconf 88' lang='lat' dir='ltr'><strong>et</strong></span> <span class='ocrx_word' id='word_1_344' title='bbox 429 2445 587 2473; x_wconf 90' lang='lat' dir='ltr'><strong>vermes</strong></span> <span class='ocrx_word' id='word_1_345' title='bbox 610 2437 894 2475; x_wconf 88' lang='lat' dir='ltr'><strong>intestinorum</strong></span> <span class='ocrx_word' id='word_1_346' title='bbox 913 2448 1090 2475; x_wconf 87' lang='lat' dir='ltr'><strong>enecans</strong></span> <span class='ocrx_word' id='word_1_347' title='bbox 1106 2441 1324 2483; x_wconf 85' lang='lat' dir='ltr'><strong>repetenda</strong></span> <span class='ocrx_word' id='word_1_348' title='bbox 1339 2441 1519 2477; x_wconf 80' lang='lat' dir='ltr'><strong>videtur.</strong></span> <span class='ocrx_word' id='word_1_349' title='bbox 1570 2438 1778 2488; x_wconf 64' lang='lat' dir='ltr'><strong>Spv&#39;geliae</strong></span> <span class='ocrx_word' id='word_1_350' title='bbox 1796 2436 2062 2474; x_wconf 76' lang='lat' dir='ltr'><strong>Anthelmiae</strong></span> 
     </span>
     <span class='ocr_line' id='line_1_39' title="bbox 236 2491 2061 2543; baseline 0.002 -15"><span class='ocrx_word' id='word_1_351' title='bbox 236 2491 361 2528; x_wconf 86' lang='lat' dir='ltr'><strong>Linn.</strong></span> <span class='ocrx_word' id='word_1_352' title='bbox 391 2491 434 2529; x_wconf 89' lang='lat' dir='ltr'><strong>in</strong></span> <span class='ocrx_word' id='word_1_353' title='bbox 455 2491 646 2529; x_wconf 83' lang='lat' dir='ltr'><strong>America</strong></span> <span class='ocrx_word' id='word_1_354' title='bbox 669 2493 845 2542; x_wconf 85' lang='lat' dir='ltr'><strong>tropica,</strong></span> <span class='ocrx_word' id='word_1_355' title='bbox 882 2504 958 2531; x_wconf 89' lang='lat' dir='ltr'><strong>nec</strong></span> <span class='ocrx_word' id='word_1_356' title='bbox 979 2505 1061 2532; x_wconf 87' lang='lat' dir='ltr'><strong>non</strong></span> <span class='ocrx_word' id='word_1_357' title='bbox 1084 2494 1292 2543; x_wconf 75' lang='lat' dir='ltr'><strong>Spae&#39;gelz&#39;ae</strong></span> <span class='ocrx_word' id='word_1_358' title='bbox 1312 2495 1635 2543; x_wconf 49' lang='lat' dir='ltr'><strong>marolandc&#39;cae</strong></span> <span class='ocrx_word' id='word_1_359' title='bbox 1657 2497 1778 2533; x_wconf 91' lang='lat' dir='ltr'><strong>Linn.</strong></span> <span class='ocrx_word' id='word_1_360' title='bbox 1802 2497 1845 2532; x_wconf 91' lang='lat' dir='ltr'><strong>in</strong></span> <span class='ocrx_word' id='word_1_361' title='bbox 1869 2495 2061 2533; x_wconf 83' lang='lat' dir='ltr'><strong>America</strong></span> 
     </span>
     <span class='ocr_line' id='line_1_40' title="bbox 238 2547 2062 2595; baseline 0.002 -11"><span class='ocrx_word' id='word_1_362' title='bbox 238 2547 400 2584; x_wconf 84' lang='lat' dir='ltr'><strong>boreali</strong></span> <span class='ocrx_word' id='word_1_363' title='bbox 422 2549 693 2585; x_wconf 87' lang='lat' dir='ltr'><strong>crescentium</strong></span> <span class='ocrx_word' id='word_1_364' title='bbox 715 2552 841 2586; x_wconf 87' lang='lat' dir='ltr'><strong>herba</strong></span> <span class='ocrx_word' id='word_1_365' title='bbox 857 2554 895 2587; x_wconf 90' lang='lat' dir='ltr'><strong>et.</strong></span> <span class='ocrx_word' id='word_1_366' title='bbox 909 2552 1028 2588; x_wconf 87' lang='lat' dir='ltr'><strong>radix</strong></span> <span class='ocrx_word' id='word_1_367' title='bbox 1041 2553 1147 2589; x_wconf 89' lang='lat' dir='ltr'><strong>inter</strong></span> <span class='ocrx_word' id='word_1_368' title='bbox 1162 2553 1522 2590; x_wconf 84' lang='lat' dir='ltr'><strong>anthelminthicas</strong></span> <span class='ocrx_word' id='word_1_369' title='bbox 1537 2553 1763 2590; x_wconf 85' lang='lat' dir='ltr'><strong>medicinas</strong></span> <span class='ocrx_word' id='word_1_370' title='bbox 1780 2562 1806 2589; x_wconf 87' lang='lat' dir='ltr'><strong>a</strong></span> <span class='ocrx_word' id='word_1_371' title='bbox 1822 2552 2062 2595; x_wconf 85' lang='lat' dir='ltr'><strong>quibusdam</strong></span> 
     </span>
     <span class='ocr_line' id='line_1_41' title="bbox 239 2603 2062 2658; baseline 0.003 -20"><span class='ocrx_word' id='word_1_372' title='bbox 239 2603 445 2651; x_wconf 84' lang='lat' dir='ltr'><strong>admissa,</strong></span> <span class='ocrx_word' id='word_1_373' title='bbox 477 2607 526 2641; x_wconf 86' lang='lat' dir='ltr'><strong>ob</strong></span> <span class='ocrx_word' id='word_1_374' title='bbox 550 2605 718 2642; x_wconf 85' lang='lat' dir='ltr'><strong>effectus</strong></span> <span class='ocrx_word' id='word_1_375' title='bbox 735 2606 963 2643; x_wconf 88' lang='lat' dir='ltr'><strong>narcoticos</strong></span> <span class='ocrx_word' id='word_1_376' title='bbox 980 2609 1144 2645; x_wconf 90' lang='lat' dir='ltr'><strong>cautius</strong></span> <span class='ocrx_word' id='word_1_377' title='bbox 1161 2609 1410 2658; x_wconf 82' lang='lat' dir='ltr'><strong>exhibenda,</strong></span> <span class='ocrx_word' id='word_1_378' title='bbox 1443 2618 1468 2646; x_wconf 88' lang='lat' dir='ltr'><strong>a</strong></span> <span class='ocrx_word' id='word_1_379' title='bbox 1484 2610 1690 2653; x_wconf 79' lang='lat' dir='ltr'><strong>plerisque</strong></span> <span class='ocrx_word' id='word_1_380' title='bbox 1705 2609 1824 2645; x_wconf 87' lang='lat' dir='ltr'><strong>hodie</strong></span> <span class='ocrx_word' id='word_1_381' title='bbox 1839 2607 2062 2653; x_wconf 86' lang='lat' dir='ltr'><strong>seponitur.</strong></span> 
     </span>
     <span class='ocr_line' id='line_1_42' title="bbox 241 2659 1798 2710; baseline 0.004 -15"><span class='ocrx_word' id='word_1_382' title='bbox 241 2660 354 2696; x_wconf 88' lang='lat' dir='ltr'><strong>Inter</strong></span> <span class='ocrx_word' id='word_1_383' title='bbox 369 2659 577 2704; x_wconf 86' lang='lat' dir='ltr'><strong>Spigelias</strong></span> <span class='ocrx_word' id='word_1_384' title='bbox 592 2662 862 2700; x_wconf 86' lang='lat' dir='ltr'><strong>brasilienses</strong></span> <span class='ocrx_word' id='word_1_385' title='bbox 878 2666 1016 2707; x_wconf 88' lang='lat' dir='ltr'><strong>plures</strong></span> <span class='ocrx_word' id='word_1_386' title='bbox 1034 2668 1085 2701; x_wconf 89' lang='lat' dir='ltr'><strong>ab</strong></span> <span class='ocrx_word' id='word_1_387' title='bbox 1101 2664 1308 2710; x_wconf 87' lang='lat' dir='ltr'><strong>indigenis</strong></span> <span class='ocrx_word' id='word_1_388' title='bbox 1323 2665 1577 2710; x_wconf 82' lang='lat' dir='ltr'><strong>vermifugae</strong></span> <span class='ocrx_word' id='word_1_389' title='bbox 1591 2669 1798 2710; x_wconf 82' lang='lat' dir='ltr'><strong>putantur.</strong></span> 
     </span>
    </p>
   </div>
   <div class='ocr_carea' id='block_1_10' title="bbox 239 2734 2064 2853">
    <p class='ocr_par' dir='ltr' id='par_1_10' title="bbox 239 2734 2064 2853">
     <span class='ocr_line' id='line_1_43' title="bbox 383 2734 2064 2798; baseline 0.004 -21"><span class='ocrx_word' id='word_1_390' title='bbox 383 2741 658 2780; x_wconf 78' lang='lat' dir='ltr'><strong>Potalz‘arum</strong></span> <span class='ocrx_word' id='word_1_391' title='bbox 682 2745 862 2791; x_wconf 86' lang='lat' dir='ltr'><strong>insignis</strong></span> <span class='ocrx_word' id='word_1_392' title='bbox 887 2751 950 2784; x_wconf 86' lang='lat' dir='ltr'><strong>est</strong></span> <span class='ocrx_word' id='word_1_393' title='bbox 972 2748 1196 2787; x_wconf 83' lang='lat' dir='ltr'><strong>amarities.</strong></span> <span class='ocrx_word' id='word_1_394' title='bbox 1253 2751 1485 2788; x_wconf 86' lang='lat' dir='ltr'><strong>Nonnullae</strong></span> <span class='ocrx_word' id='word_1_395' title='bbox 1506 2750 1669 2788; x_wconf 88' lang='lat' dir='ltr'><strong>resinae</strong></span> <span class='ocrx_word' id='word_1_396' title='bbox 1685 2734 1924 2798; x_wconf 83' lang='lat' dir='ltr'><strong>succineae,</strong></span> <span class='ocrx_word' id='word_1_397' title='bbox 1954 2748 2064 2785; x_wconf 89' lang='lat' dir='ltr'><strong>Ben-</strong></span> 
     </span>
     <span class='ocr_line' id='line_1_44' title="bbox 239 2800 1125 2853; baseline 0.008 -18"><span class='ocrx_word' id='word_1_398' title='bbox 239 2800 341 2837; x_wconf 74' lang='lat' dir='ltr'><strong>zoen</strong></span> <span class='ocrx_word' id='word_1_399' title='bbox 355 2801 597 2853; x_wconf 84' lang='lat' dir='ltr'><strong>redolentis,</strong></span> <span class='ocrx_word' id='word_1_400' title='bbox 628 2804 809 2848; x_wconf 86' lang='lat' dir='ltr'><strong>guttulas</strong></span> <span class='ocrx_word' id='word_1_401' title='bbox 823 2812 947 2848; x_wconf 87' lang='lat' dir='ltr'><strong>parce</strong></span> <span class='ocrx_word' id='word_1_402' title='bbox 963 2806 1125 2843; x_wconf 87' lang='lat' dir='ltr'><strong>sudant.</strong></span> 
     </span>
    </p>
   </div>
   <div class='ocr_carea' id='block_1_11' title="bbox 615 2927 1688 3013">
    <p class='ocr_par' dir='ltr' id='par_1_11' title="bbox 615 2927 1688 3013">
     <span class='ocr_line' id='line_1_45' title="bbox 615 2927 1688 3013; baseline 0.003 -16"><span class='ocrx_word' id='word_1_403' title='bbox 615 2952 783 2999; x_wconf 76' lang='lat' dir='ltr'><strong>ordo</strong></span> <span class='ocrx_word' id='word_1_404' title='bbox 815 2954 1149 3001; x_wconf 75' lang='lat' dir='ltr'><strong>cxxxlll.</strong></span> <span class='ocrx_word' id='word_1_405' title='bbox 1216 2927 1688 3013; x_wconf 49' lang='lat' dir='ltr'><strong>Apoejnaeeae.</strong></span> 
     </span>
    </p>
   </div>
   <div class='ocr_carea' id='block_1_12' title="bbox 245 3064 2062 3489">
    <p class='ocr_par' dir='ltr' id='par_1_12' title="bbox 245 3064 2062 3489">
     <span class='ocr_line' id='line_1_46' title="bbox 386 3064 2062 3132; baseline 0.001 -20"><span class='ocrx_word' id='word_1_406' title='bbox 386 3064 612 3113; x_wconf 78' lang='lat' dir='ltr'><strong>Arbores</strong></span> <span class='ocrx_word' id='word_1_407' title='bbox 640 3083 688 3114; x_wconf 89' lang='lat' dir='ltr'><strong>v.</strong></span> <span class='ocrx_word' id='word_1_408' title='bbox 709 3065 926 3129; x_wconf 72' lang='lat' dir='ltr'><strong>frutices</strong></span> <span class='ocrx_word' id='word_1_409' title='bbox 957 3070 1144 3132; x_wconf 83' lang='lat' dir='ltr'><strong>saepius</strong></span> <span class='ocrx_word' id='word_1_410' title='bbox 1180 3070 1433 3128; x_wconf 84' lang='lat' dir='ltr'><strong>volubiles,</strong></span> <span class='ocrx_word' id='word_1_411' title='bbox 1479 3071 1631 3118; x_wconf 85' lang='lat' dir='ltr'><strong>rarius</strong></span> <span class='ocrx_word' id='word_1_412' title='bbox 1669 3069 1853 3118; x_wconf 78' lang='lat' dir='ltr'><strong>herbae</strong></span> <span class='ocrx_word' id='word_1_413' title='bbox 1891 3080 2062 3132; x_wconf 86' lang='lat' dir='ltr'><strong>percn-</strong></span> 
     </span>
     <span class='ocr_line' id='line_1_47' title="bbox 246 3137 2057 3207; baseline 0.002 -27"><span class='ocrx_word' id='word_1_414' title='bbox 246 3149 355 3191; x_wconf 88' lang='lat' dir='ltr'><strong>nes‚</strong></span> <span class='ocrx_word' id='word_1_415' title='bbox 388 3150 531 3182; x_wconf 89' lang='lat' dir='ltr'><strong>succo</strong></span> <span class='ocrx_word' id='word_1_416' title='bbox 563 3137 610 3183; x_wconf 90' lang='lat' dir='ltr'><strong>in</strong></span> <span class='ocrx_word' id='word_1_417' title='bbox 642 3137 880 3201; x_wconf 85' lang='lat' dir='ltr'><strong>plerisque</strong></span> <span class='ocrx_word' id='word_1_418' title='bbox 913 3139 1094 3197; x_wconf 82' lang='lat' dir='ltr'><strong>lacteo,</strong></span> <span class='ocrx_word' id='word_1_419' title='bbox 1133 3140 1259 3186; x_wconf 85' lang='lat' dir='ltr'><strong>foliis</strong></span> <span class='ocrx_word' id='word_1_420' title='bbox 1293 3141 1541 3204; x_wconf 85' lang='lat' dir='ltr'><strong>oppositis,</strong></span> <span class='ocrx_word' id='word_1_421' title='bbox 1579 3143 1731 3188; x_wconf 86' lang='lat' dir='ltr'><strong>rarius</strong></span> <span class='ocrx_word' id='word_1_422' title='bbox 1761 3139 1980 3207; x_wconf 77' lang='lat' dir='ltr'><strong>ternatim</strong></span> <span class='ocrx_word' id='word_1_423' title='bbox 2009 3154 2057 3184; x_wconf 83' lang='lat' dir='ltr'><strong>v.</strong></span> 
     </span>
     <span class='ocr_line' id='line_1_48' title="bbox 250 3207 2061 3274; baseline 0.002 -25"><span class='ocrx_word' id='word_1_424' title='bbox 250 3207 559 3266; x_wconf 78' lang='lat' dir='ltr'><strong>quaternatim</strong></span> <span class='ocrx_word' id='word_1_425' title='bbox 604 3208 920 3267; x_wconf 74' lang='lat' dir='ltr'><strong>veruculatis,</strong></span> <span class='ocrx_word' id='word_1_426' title='bbox 974 3211 1213 3257; x_wconf 85' lang='lat' dir='ltr'><strong>rarissime</strong></span> <span class='ocrx_word' id='word_1_427' title='bbox 1257 3211 1453 3273; x_wconf 85' lang='lat' dir='ltr'><strong>sparsis,</strong></span> <span class='ocrx_word' id='word_1_428' title='bbox 1508 3209 1816 3274; x_wconf 87' lang='lat' dir='ltr'><strong>simplicibus,</strong></span> <span class='ocrx_word' id='word_1_429' title='bbox 1863 3207 2061 3269; x_wconf 76' lang='lat' dir='ltr'><strong>intengS</strong></span> 
     </span>
     <span class='ocr_line' id='line_1_49' title="bbox 245 3274 2061 3344; baseline 0.002 -25"><span class='ocrx_word' id='word_1_430' title='bbox 245 3274 685 3343; x_wconf 82' lang='lat' dir='ltr'><strong>integerrimisque‚</strong></span> <span class='ocrx_word' id='word_1_431' title='bbox 721 3277 895 3340; x_wconf 84' lang='lat' dir='ltr'><strong>glabris</strong></span> <span class='ocrx_word' id='word_1_432' title='bbox 927 3287 1006 3325; x_wconf 84' lang='lat' dir='ltr'><strong>aut</strong></span> <span class='ocrx_word' id='word_1_433' title='bbox 1027 3278 1415 3342; x_wconf 87' lang='lat' dir='ltr'><strong>pubescentibus,</strong></span> <span class='ocrx_word' id='word_1_434' title='bbox 1449 3281 1740 3344; x_wconf 83' lang='lat' dir='ltr'><strong>exstipulatis</strong></span> <span class='ocrx_word' id='word_1_435' title='bbox 1761 3297 1808 3326; x_wconf 90' lang='lat' dir='ltr'><strong>v.</strong></span> <span class='ocrx_word' id='word_1_436' title='bbox 1828 3276 2061 3325; x_wconf 80' lang='lat' dir='ltr'><strong>interdum</strong></span> 
     </span>
     <span class='ocr_line' id='line_1_50' title="bbox 247 3344 2062 3414; baseline 0.002 -26"><span class='ocrx_word' id='word_1_437' title='bbox 247 3344 429 3405; x_wconf 81' lang='lat' dir='ltr'><strong>stipulis</strong></span> <span class='ocrx_word' id='word_1_438' title='bbox 467 3344 836 3404; x_wconf 85' lang='lat' dir='ltr'><strong>rudimentariis,</strong></span> <span class='ocrx_word' id='word_1_439' title='bbox 881 3348 1332 3413; x_wconf 87' lang='lat' dir='ltr'><strong>interpetiolaribns,</strong></span> <span class='ocrx_word' id='word_1_440' title='bbox 1379 3350 1813 3414; x_wconf 81' lang='lat' dir='ltr'><strong>glanduliformibus</strong></span> <span class='ocrx_word' id='word_1_441' title='bbox 1851 3364 1898 3396; x_wconf 90' lang='lat' dir='ltr'><strong>v.</strong></span> <span class='ocrx_word' id='word_1_442' title='bbox 1940 3347 2062 3393; x_wconf 89' lang='lat' dir='ltr'><strong>cilii-</strong></span> 
     </span>
     <span class='ocr_line' id='line_1_51' title="bbox 248 3411 2061 3489; baseline 0.004 -31"><span class='ocrx_word' id='word_1_443' title='bbox 248 3412 473 3463; x_wconf 85' lang='lat' dir='ltr'><strong>formibus</strong></span> <span class='ocrx_word' id='word_1_444' title='bbox 502 3417 706 3466; x_wconf 66' lang='lat' dir='ltr'><strong>munitis·</strong></span> <span class='ocrx_word' id='word_1_445' title='bbox 746 3411 949 3469; x_wconf 78' lang='lat' dir='ltr'><strong>&#39;Flores</strong></span> <span class='ocrx_word' id='word_1_446' title='bbox 976 3420 1204 3485; x_wconf 83' lang='lat' dir='ltr'><strong>perfecti,</strong></span> <span class='ocrx_word' id='word_1_447' title='bbox 1236 3421 1505 3487; x_wconf 79' lang='lat' dir='ltr'><strong>regulareS,</strong></span> <span class='ocrx_word' id='word_1_448' title='bbox 1535 3419 1807 3489; x_wconf 82' lang='lat' dir='ltr'><strong>terminales</strong></span> <span class='ocrx_word' id='word_1_449' title='bbox 1838 3435 1882 3469; x_wconf 89' lang='lat' dir='ltr'><strong>v.</strong></span> <span class='ocrx_word' id='word_1_450' title='bbox 1913 3417 2061 3465; x_wconf 85' lang='lat' dir='ltr'><strong>inter-</strong></span> 
     </span>
    </p>
   </div>
  </div>
 </body>
</html>
