2147 3756
988 78 1109 128 555

141 258 454 304 convIncamur‚
487 255 635 300 quibus
660 253 934 291 distinctionis
950 252 1084 298 signis
1099 254 1295 288 baccatus
1310 250 1467 288 fructus
1485 249 1527 287 ln
1544 248 1768 287 Cestrineis
1785 250 1962 296 amptius

142 308 300 360 pondus
324 316 455 361 addit3
487 318 524 349 et
549 313 654 348 inter
672 313 970 354 Curvembryas
996 310 1154 345 fructus
1178 308 1220 344 in
1237 308 1334 345 aliis
1350 311 1567 350 baccatus,
1600 307 1641 342 in
1659 307 1756 342 aliis
1772 312 1963 351 operculo

140 373 456 408 circumscissus
478 379 516 406 v.
544 369 884 412 quadrilocularis
906 371 1022 403 notas
1038 365 1287 402 sufficientes
1303 368 1489 410 praebet3
1520 364 1578 399 ita
1595 367 1637 398 ut
1653 366 1767 398 solae
1784 365 1964 400 Nicotia-

143 437 247 465 neae
274 428 500 473 supersint,
533 426 574 461 in
600 434 769 468 quarum
794 425 1055 461 distinctione
1079 424 1130 458 ad
1153 421 1440 458 aestivationis
1467 424 1502 457 et
1521 419 1751 463 embryonis
1769 420 1966 456 minutias

140 485 193 532 sit
226 484 557 529 confugiendum,
591 484 683 518 dum
714 483 755 518 in
789 480 1165 525 scrophularineis‚
1197 482 1358 523 praeter
1385 479 1656 523 verbascum,
1689 477 1965 512 Anthocercin

141 544 178 576 et
195 542 509 577 Anthotrochem
535 539 741 583 omnibus,
775 538 1011 573 imminutus
1032 535 1251 572 staminum
1272 545 1464 571 numerus
1481 536 1755 570 characterem
1772 538 1966 567 constan-

141 601 220 634 tem
244 597 429 642 largitur.
489 597 700 632 Caeterum
719 597 969 631 Solanaceae
986 595 1037 629 ad
1053 592 1419 635 Scropllularineas
1437 601 1481 627 se
1496 592 1645 626 habent
1661 589 1742 624 fere
1759 592 1801 623 ut
1817 591 1967 624 Borra-

140 654 287 699 gineae
319 656 369 690 ad
400 654 615 699 Labiatas,
647 662 776 696 neque
807 656 940 687 tamen
965 650 1126 685 ordines
1150 651 1225 684 sub
1250 650 1389 684 eadem
1414 650 1550 684 classe
1572 646 1769 691 militare,
1800 645 1968 680 ulterior

140 712 285 746 harum
309 721 398 746 cum
423 710 734 754 Bignoniaceis,
766 706 1040 744 Acanthaceis
1063 710 1103 742 et
1119 705 1393 741 orobancheis
1417 704 1618 752 affinitas,
1649 702 1822 738 istarum
1845 702 1965 738 etiam

141 776 233 803 cum
251 767 594 804 Convolvulaceis
609 765 868 801 necessitudo
887 765 1014 799 docet.

285 829 711 887 Geographia.
756 836 887 878 Vasta
903 836 1133 877 plantarum
1151 831 1309 867 familia
1325 830 1559 874 primariam
1576 829 1617 866 in
1634 829 1869 875 regionibus
1887 832 1967 864 tro-

140 894 246 939 picis
271 896 408 930 sedem
432 896 571 939 habet,
604 893 711 928 unde
734 889 900 926 nonnisi
928 889 1103 934 exiguus
1128 889 1356 931 specierum
1381 898 1572 922 numerus
1595 887 1638 923 in
1661 887 1848 931 regiones
1867 890 1966 921 tem-

140 955 306 995 peratas
338 955 377 986 et
407 954 626 992 temperate
657 948 828 992 frigidas
859 947 1070 989 utriusque
1099 944 1390 988 hemisphaerii
1422 948 1641 989 evagatur,
1675 943 1967 988 frigidissimas

140 1010 259 1043 nulla
289 1007 426 1042 intrat.
499 1005 661 1041 Ordinis
693 1005 781 1049 vis,
814 1004 856 1039 in
886 1012 1037 1049 magna
1067 1011 1260 1046 generum
1290 1001 1561 1045 naturalium,
1595 1000 1898 1036 characteribus
1929 1003 1969 1034 et

140 1064 263 1100 etiam
282 1063 478 1106 qualitate
495 1062 657 1106 egregie
674 1062 955 1096 distinctorum
972 1060 1188 1104 varietate,
1220 1058 1263 1093 in
1278 1066 1363 1093 una
1379 1056 1519 1092 Solani
1536 1061 1654 1100 gente
1671 1050 1841 1103 residet,
1873 1064 1967 1092 nam

141 1123 256 1156 tanta
280 1116 339 1155 est
364 1119 592 1162 specierum
616 1118 738 1153 unius
763 1117 924 1160 generis
948 1116 1088 1161 copia,
1120 1119 1163 1150 ut
1187 1123 1352 1149 numero
1376 1114 1556 1155 reliquas
1573 1114 1830 1149 coordinatas
1847 1115 1968 1154 duplo

141 1176 225 1213 fere
248 1180 453 1218 superent.
511 1176 666 1210 Harum
689 1174 834 1217 ingens
857 1174 899 1208 in
916 1172 1109 1208 America
1133 1171 1328 1207 calidiore
1350 1179 1565 1213 numerus,
1596 1171 1702 1205 unde
1725 1171 1854 1212 major
1875 1169 1969 1204 uni-

139 1234 253 1268 versi
269 1232 422 1268 ordinis
438 1232 481 1267 in
497 1233 608 1267 Novo
627 1230 866 1266 Continente
882 1228 1122 1271 frequentia.
1159 1227 1336 1269 Reliqua
1351 1235 1503 1270 genera
1520 1235 1590 1269 per
1605 1230 1818 1268 utrumque
1835 1229 1970 1261 orbem

141 1290 288 1325 diffusa
312 1289 564 1331 frequentius
587 1291 720 1322 tamen
744 1287 785 1321 in
807 1285 1001 1322 America
1023 1285 1232 1332 habitant,
1263 1283 1350 1319 alia
1365 1283 1488 1318 etiam
1502 1286 1618 1318 extra
1633 1285 1740 1318 hunc
1757 1283 1969 1318 continen-

141 1350 220 1382 tem
240 1349 458 1382 observata
472 1345 647 1380 nondum
665 1343 842 1379 fuerunt.

281 1418 575 1458 Rectembryae
605 1424 744 1450 omnes
774 1414 816 1449 in
845 1412 1040 1449 America
1068 1411 1274 1458 habitant,
1305 1420 1401 1447 nam
1429 1410 1740 1447 Acocantherae
1768 1419 1968 1453 capenses

143 1473 301 1517 (Cestri
324 1472 411 1517 sp.)
435 1472 595 1507 omnino
619 1472 768 1506 dubiae
794 1474 907 1517 sunt,
941 1470 991 1505 ad
1008 1471 1209 1504 Solaneas
1235 1468 1446 1513 fortassis,
1478 1477 1580 1510 pone
1596 1467 1768 1510 Lycium
1786 1471 1821 1502 et
1839 1468 1970 1503 Aeni-

141 1535 248 1567 stum
273 1530 567 1566 amandandae.
625 1530 751 1564 Nulla
772 1531 918 1564 harum
941 1526 1002 1562 cis
1018 1535 1210 1562 cancrum
1232 1525 1344 1574 visa,
1376 1526 1515 1568 plures
1541 1528 1654 1559 trans
1685 1524 1968 1569 capricornum

139 1592 381 1622 nascuntur.

287 1640 638 1677 Nz’eotz'anearum
661 1641 790 1678 tribus
812 1651 834 1677 e
857 1640 1074 1686 generibus
1099 1637 1344 1675 americanis
1370 1637 1640 1682 componitur,
1672 1640 1832 1680 praeter
1845 1645 1969 1674 unam

141 1700 400 1750 Nicotianam
413 1727 422 1744 ‚
454 1701 572 1742 cujus
589 1707 745 1742 paucae
761 1698 922 1741 species
939 1698 982 1732 in
997 1697 1104 1733 Asia
1120 1696 1275 1738 tropica
1291 1700 1329 1730 et
1343 1694 1580 1744 subtropica
1596 1694 1759 1738 vivunt,
1792 1703 1875 1730 una
1890 1695 1970 1730 imo

142 1758 187 1793 in
210 1759 323 1792 Nova
347 1756 568 1792 Hollandia
596 1759 709 1791 trans
734 1755 1018 1797 capricornum
1040 1752 1211 1788 habitat.
1268 1748 1473 1786 Datame
1502 1751 1545 1785 in
1568 1750 1696 1786 veteri
1718 1753 1811 1786 orbe
1834 1760 1968 1797 rarae,

145 1811 383 1848 ‚Solandrae
405 1822 535 1857 genus
559 1821 666 1847 mere
682 1811 971 1847 americanum.
1031 1806 1378 1855 Hyoseyameae,
1410 1807 1566 1843 fructus
1583 1806 1837 1843 dehiscentia
1853 1818 1971 1850 oper-

144 1868 277 1906 culari
300 1870 506 1916 insignes,
539 1878 679 1905 omnes
702 1872 970 1912 gerontogeae
993 1870 1102 1902 sunt.
1159 1868 1270 1902 Inter
1294 1867 1493 1907 Solaneas
1511 1865 1727 1910 Sol-anum,
1758 1864 1915 1907 Atropa
1931 1868 1972 1901 et

141 1926 315 1970 Lycium
346 1935 498 1971 genera
520 1925 755 1971 amphigea,
787 1926 1087 1967 Mandragorae
1111 1926 1149 1957 et
1173 1921 1431 1968 XVithaniaQ
1462 1921 1633 1957 minoris
1656 1920 1846 1963 ponderis
1869 1923 1970 1956 cha-

144 1985 371 2020 racteribus
389 1986 439 2018 ab
456 1982 622 2025 Atropis
639 1982 858 2017 distinctae
873 1981 916 2017 in
932 1980 1096 2025 regione
1111 1976 1409 2015 mediterranea
1423 1978 1623 2014 habitant.
1660 1977 1837 2020 Reliqua
1852 1982 1971 2014 extra

143 2041 378 2078 Americam
394 2049 474 2074 non
491 2039 758 2081 reperiuntur.
912 2078 919 2083 ¹
1156 2061 1164 2066 «

288 2096 456 2139 Species
481 2096 680 2138 quasdam
705 2094 885 2137 inquieto
907 2093 1136 2131 mortalium
1162 2093 1399 2129 commercio
1421 2095 1506 2133 late
1527 2089 1599 2136 per
1621 2095 1817 2128 terrarum
1833 2094 1970 2130 orbem

147 2153 437 2190 disseminatas
450 2180 459 2195 ,
491 2153 599 2188 alias
617 2154 664 2187 ob
683 2151 902 2187 utilitatem
918 2151 1078 2187 variam
1094 2153 1256 2186 cultura
1272 2154 1521 2196 propagatas
1538 2154 1708 2185 constat.

287 2203 651 2256 finalitates
676 2212 716 2245 et
736 2214 904 2247 usus·
964 2210 1282 2243 Solanacearum
1312 2207 1445 2243 virtus
1475 2217 1497 2242 e
1527 2206 1770 2242 substantiis
1793 2205 1973 2242 alkaloi-

147 2267 233 2304 deis
256 2266 477 2304 narcoticis
502 2267 668 2312 pendet,
701 2274 805 2309 quae
827 2265 871 2301 in
892 2265 1102 2308 plerisque
1117 2264 1260 2300 variae
1277 2273 1367 2300 cum
1382 2263 1550 2300 materie
1567 2263 1652 2299 acri
1669 2263 1834 2299 diversa
1850 2263 1971 2298 etiam

147 2325 189 2359 in
214 2324 390 2360 diversis
412 2324 629 2366 speciebus
654 2323 836 2366 portione
859 2326 1010 2365 nuptae
1034 2331 1126 2356 esse
1149 2323 1295 2357 solent.
1353 2323 1400 2356 In
1425 2320 1567 2363 paucis
1585 2321 1729 2355 acredo
1747 2319 1972 2364 peculiaris

145 2382 296 2416 indolis
312 2382 546 2427 praevalet,
564 2382 702 2422 plures
718 2379 889 2415 materie
905 2378 1135 2413 extractiva
1150 2386 1291 2413 amara
1305 2377 1465 2421 largius
1482 2376 1616 2412 foetae
1632 2379 1745 2423 sunt,
1771 2377 1973 2419 quaedam

145 2438 267 2473 eliam
284 2438 498 2480 principiis
516 2425 1118 2473 balsameisaethereo—‘oleosis
1134 2435 1325 2479 gaudent.
1376 2435 1550 2470 Fructus
1567 2433 1833 2476 plurimarum
1848 2442 1974 2468 vene-

146 2494 248 2540 nati,
275 2495 450 2530 aliarum
468 2494 682 2529 admodum
700 2502 832 2539 acres,
857 2493 1168 2536 nonnullarum,
1191 2490 1325 2526 acidis
1342 2489 1384 2526 in
1399 2499 1515 2526 muco
1534 2489 1697 2532 copioso
1714 2489 1973 2526 substantias

147 2559 264 2586 acres
285 2554 323 2585 et.
339 2550 568 2586 narcoticas
585 2549 865 2594 vincentibus,
896 2549 1039 2585 edules
1055 2550 1163 2584 sunt.
1220 2548 1268 2583 In
1291 2546 1517 2583 seminibus
1540 2548 1673 2581 oleum
1693 2545 1845 2590 pingue
1867 2545 1974 2581 resi-

148 2608 226 2642 det.
267 2607 469 2642 Radicum
485 2609 697 2642 tuberosae
713 2604 959 2649 propagines
961 2630 978 2655 ,
1009 2604 1174 2648 quaein
1187 2604 1452 2648 paucissimis
1467 2603 1690 2647 speciebus*
1701 2602 1972 2648 reperiuntur,

148 2665 285 2707 amylo
302 2666 481 2708 scatent,
515 2661 694 2706 ingentis
709 2661 916 2697 utilitatis.

287 2722 398 2756 Inter
413 2719 594 2756 remedia
607 2717 816 2755 narcotica
830 2719 1116 2762 Hyoscyamus
1127 2744 1138 2766 ,
1162 2716 1435 2754 Stramonium
1450 2719 1487 2755 et
1501 2715 1758 2753 Belladonna
1774 2714 1975 2761 dignitate

148 2775 338 2813 eminent.

289 2830 590 2879 Hyoscyamns
613 2830 734 2879 niger
744 2831 867 2868 Linn.
888 2829 1198 2878 (Bilsenkraut,
1224 2822 1490 2876 ὑοσκύαμος,
1521 2827 1620 2872 quia
1639 2827 1814 2864 innocue
1836 2837 1862 2864 a
1883 2826 1974 2865 sui-

149 2893 227 2928 bus
242 2895 429 2936 voratur,
455 2883 628 2941 γερούλι
643 2892 788 2934 Neogr.
810 2885 1014 2924 Baucis-cla
1029 2880 1156 2925 Arab.
1179 2880 1340 2930 σαφθώ
1354 2888 1532 2932 Aegypt.
1548 2886 1576 2922 i.
1593 2896 1627 2922 e.
1645 2889 1768 2929 caput
1784 2884 1972 2929 tentans)

149 2949 274 2983 herba
289 2947 450 2983 biennis
461 2973 472 2993 ,
501 2947 545 2983 in
560 2949 750 2990 Europae
767 2945 852 2982 fere
868 2946 993 2982 totius
1009 2944 1210 2981 ruderatis
1225 2944 1368 2991 obvia,
1398 2942 1550 2993 nullibi
1563 2944 1683 2986 longe
1697 2944 1747 2978 ab
1763 2942 1972 2978 hominum

151 3003 354 3040 consortio
369 3008 544 3051 remota,
575 3005 774 3047 adspectu
790 3002 976 3050 ingrata,
1006 3005 1119 3038 tactu
1133 3001 1322 3048 viscosa,
1352 3009 1501 3044 sapore
1522 3001 1764 3046 subamara,
1795 3001 1913 3035 salsa
1933 3000 1974 3035 et

151 3068 378 3105 nauseosa,
408 3061 529 3096 odore
557 3060 699 3104 gravis
726 3056 917 3096 virtutem
940 3058 1221 3108 vehementius
1243 3057 1495 3094 narcoticam
1516 3055 1772 3093 substantiae
1794 3055 1973 3092 alkaloi-

151 3117 251 3152 deae
267 3116 490 3159 peculiaris
504 3116 655 3152 indolis
671 3115 1068 3163 [Hy-oseyaminae),
1098 3117 1320 3159 crystallos
1335 3114 1585 3159 acuformes‚
1603 3112 1972 3161 sericeo-nitentes,

151 3172 196 3208 in
219 3174 365 3208 stellae
388 3172 556 3208 formam
570 3173 729 3217 positas
744 3173 935 3209 formanti
950 3174 1087 3219 debet,
1119 3181 1223 3215 quae
1238 3172 1280 3207 in
1297 3172 1483 3207 omnibus
1498 3173 1664 3214 plantae
1680 3169 1863 3215 biennis,
1894 3168 1973 3205 im-

152 3229 296 3274 primis
333 3233 427 3266 ante
461 3229 603 3266 florum
635 3229 1176 3276 expansionem-collectae,
1208 3228 1393 3272 partibus
1422 3227 1641 3272 reperitur,
1673 3225 1716 3260 in
1745 3226 1973 3263 seminibus

152 3289 287 3322 autem
316 3288 405 3321 oleo
439 3285 583 3331 pingui
612 3287 796 3322 admixta
826 3289 908 3333 est,
939 3285 982 3322 in
1003 3287 1148 3330 planta
1170 3294 1310 3322 annua
1334 3285 1483 3321 frustra
1508 3292 1531 3320 a
1555 3281 1747 3318 chemicis
1769 3282 1972 3325 quaesita.

150 3343 324 3378 Plantae
354 3342 457 3379 folia
486 3346 525 3378 et
553 3342 713 3379 semina
740 3343 784 3379 in
814 3343 1062 3379 medicorum
1090 3342 1332 3379 nostratium
1355 3351 1462 3385 penu
1485 3343 1593 3376 sunt.
1652 3335 1972 3386 Hyoscymtmm

151 3396 289 3433 album
308 3399 450 3446 Linn.,
480 3396 797 3447 Hyoscyamum
819 3408 996 3434 aureum
1009 3399 1132 3436 Linn.
1156 3402 1193 3435 el
1213 3396 1527 3445 Hyoscyamum
1544 3393 1819 3430 reticulatum
1834 3394 1970 3443 Linn.‚

150 3455 313 3500 species
342 3455 382 3492 in
404 3457 571 3502 Europa
598 3456 776 3495 australi
803 3455 1022 3502 indigenas
1051 3460 1089 3494 et
1118 3458 1240 3502 probe
1269 3463 1294 3492 a
1323 3454 1530 3493 veteribus
1552 3451 1789 3502 distinctas,
1819 3453 1971 3490 virtute
