2147 3756
946 111 1056 158 201

96 289 178 326 nisi
202 298 253 326 ex
277 295 355 323 usu
378 294 489 322 noxa
511 283 792 328 proficiscatur
814 282 1089 320 immoderato.
1146 282 1280 323 Atque
1303 277 1370 315 his
1394 277 1552 321 quidem
1571 277 1673 313 tanti
1689 276 1766 313 viri
1782 275 1918 312 verbis

95 343 356 390 praemissis,
381 352 450 386 per
466 340 656 386 singula,
681 348 785 383 quae
800 339 1098 376 Laurinearum
1116 335 1418 381 ordolargitur,
1443 336 1663 377 pharmaca
1680 334 1918 377 discurrere,

95 401 242 445 ingens
266 408 403 436 eorum
426 397 607 442 dignatio
631 400 668 432 et
684 406 709 432 v
713 396 814 432 irtus
832 398 1025 440 postulat.
1082 395 1145 430 Ac
1163 393 1334 437 primum
1352 391 1512 434 quidem
1530 391 1578 425 de
1592 390 1805 425 medicatis
1823 389 1921 425 Cin-

98 456 276 493 namomi
293 458 471 491 aromate
487 452 707 488 corticibus
724 452 1012 494 antiquissima
1027 449 1242 486 celebratis
1255 449 1379 484 laude
1395 447 1611 482 dicendum
1626 448 1702 482 est.

233 527 359 561 Omne
382 527 516 560 autem
534 522 959 558 cinnamomiferarum
983 531 1113 566 genus
1132 518 1473 563 [Cinnamommn
1491 516 1636 561 Nees.]
1664 517 1739 551 sub
1764 513 1918 549 fervido

96 581 227 619 Asiae
249 583 380 626 coelo,
414 580 456 615 in
482 579 657 614 insulari
684 579 939 622 potissimum
962 580 1048 613 solo
1070 585 1270 621 nascens,
1303 585 1354 611 ex
1376 573 1571 610 aromatis
1594 575 1743 608 natura
1758 570 1800 605 in
1817 571 1920 605 duas

95 638 178 675 abit
197 637 414 682 sectiones,
439 645 583 678 nempe
601 644 687 681 eas,
713 643 884 678 quarum
901 638 1040 669 cortex
1057 637 1093 668 et
1113 633 1212 668 folia
1229 633 1348 667 odore
1365 631 1542 675 gaudent
1557 638 1664 665 mere
1681 626 1805 673 dulci,
1832 626 1922 661 cin-

95 703 303 730 namomeo
316 720 326 740 ,
359 695 618 735 camphorato
641 691 749 726 omni
773 692 824 726 ad
841 691 946 725 imas
964 689 1124 725 radices
1142 690 1322 734 detruso,
1356 691 1393 722 et
1411 695 1481 722 eas
1500 694 1671 728 quarum
1687 683 1923 725 aromajam

95 750 234 786 acrius
260 754 340 794 est,
374 753 409 784 et
434 750 552 783 odore
573 747 706 790 magis
728 746 918 782 minusve
935 745 1210 789 caryophyuo
1236 743 1456 780 aromatico
1473 742 1629 791 simile,
1660 742 1923 784 camphorata

96 807 140 843 in
156 805 370 843 nonnullis
386 805 565 840 mixtura
580 805 858 848 praevalente.

241 872 506 910 Ce'nnamomi
528 870 684 918 dulcis,
717 875 805 909 oleo
831 874 1018 908 aethereo
1041 869 1266 915 peculiaris
1281 869 1431 906 indolis
1449 868 1564 916 sceti,
1595 874 1790 905 mucosae
1806 873 1923 901 acre-

100 931 209 971 dinis
233 936 269 967 et
287 930 580 974 adstringentis
598 932 721 973 plane
738 929 939 975 expertis,
970 928 1089 964 varia
1106 937 1261 965 merces
1280 930 1361 973 est,
1393 926 1542 969 partim
1559 935 1580 961 e
1595 923 1725 961 variis
1742 923 1924 965 ejusdem

99 988 262 1034 generis
285 987 500 1030 speciebus
525 988 716 1033 collecta,
748 985 895 1029 partim
912 987 1026 1028 prout
1045 995 1066 1020 e
1082 982 1278 1028 sylvestri
1293 993 1332 1019 v.
1350 985 1442 1019 sata
1458 985 1620 1028 arbore,
1650 990 1690 1017 v.
1708 981 1830 1023 plane
1847 980 1923 1014 sub

100 1045 234 1082 alieno
252 1046 363 1080 coelo
381 1045 512 1089 culta,
544 1041 769 1078 detrahitur
784 1041 914 1078 varia.
965 1038 1128 1075 Cortex
1148 1037 1411 1075 Ca'nmmmmz'
1425 1037 1592 1074 acutis.
1611 1034 1826 1083 zeylam'cz'
1838 1034 1924 1077 pri-

96 1110 188 1139 mae
217 1101 261 1136 in
291 1099 467 1135 officinis
498 1098 712 1142 dignitatis
743 1102 817 1135 est.
876 1097 1062 1133 Bacillos
1092 1097 1201 1133 sistit
1231 1096 1274 1131 in
1299 1095 1442 1131 Indiae
1466 1094 1658 1138 emporiis
1682 1093 1808 1130 multo
1831 1100 1926 1127 aere

97 1158 324 1200 redemptos
348 1160 386 1193 et
408 1154 585 1191 navibus
608 1156 661 1191 ad
683 1164 758 1191 nos
775 1157 1049 1198 transvectos,
1080 1155 1249 1197 pedales
1266 1157 1303 1188 et
1320 1151 1648 1196 sesquipedales,
1681 1148 1925 1185 teretiuscu.-

96 1216 181 1260 los,
214 1213 331 1257 digiti
353 1211 565 1258 crassitie,
597 1222 618 1248 e
642 1211 804 1247 corticis
828 1210 990 1255 fragilis
1008 1213 1175 1246 chartae
1191 1208 1433 1252 scriptoriae
1447 1207 1633 1244 firmioris
1650 1204 1927 1242 crassitudine

97 1270 251 1306 tubulis
270 1268 476 1317 pluribus,
508 1267 591 1305 sibi
607 1267 783 1303 invicem
799 1270 911 1303 arcte
927 1266 1256 1311 superimpositis
1275 1269 1311 1301 et
1328 1274 1431 1300 conx
1434 1264 1579 1311 olutis,
1603 1263 1663 1298 ita
1679 1263 1924 1305 exstructos,

97 1331 142 1363 ut
157 1337 184 1362 v
186 1330 335 1362 acuum
350 1328 509 1361 nullum
525 1324 568 1360 in
584 1327 720 1360 centro
736 1326 957 1360 remaneat.
1026 1324 1144 1359 Color
1161 1323 1465 1358 cinnamomeus
1482 1320 1549 1356 sui
1566 1322 1626 1356 est
1643 1317 1825 1364 generis,
1857 1316 1924 1359 qui

95 1383 141 1420 in
163 1383 326 1419 corticis
344 1382 497 1426 pagina
514 1381 713 1417 exteriore
729 1380 896 1416 dilutior
911 1380 955 1415 in
971 1379 1042 1416 fia
1041 1389 1121 1416 um
1137 1389 1166 1415 v
1169 1379 1285 1427 ergit,
1301 1379 1343 1414 in
1360 1378 1552 1413 interiore
1567 1375 1699 1420 magis
1716 1373 1926 1410 fuscescit

98 1439 256 1477 Coloris
279 1438 384 1474 inter
401 1442 611 1481 utramque
628 1437 821 1482 paginam
841 1436 1080 1483 discrimen,
1112 1436 1346 1472 accuratius
1364 1443 1536 1470 examen
1552 1436 1783 1469 structurae
1799 1438 1926 1473 quae-

99 1498 190 1533 dam
213 1495 434 1531 diversitas
457 1495 683 1541 confirmat,
716 1497 755 1530 et
776 1496 947 1531 stratum
970 1493 1151 1529 exterius
1175 1492 1382 1538 corticem,
1416 1490 1588 1526 interius
1603 1489 1752 1525 librum
1768 1485 1925 1523 arboris

98 1554 246 1591 sistere
269 1555 453 1595 apparet.
510 1553 613 1586 Nam
635 1553 728 1586 lens
749 1551 883 1586 vitrea
905 1549 947 1585 in
971 1549 1185 1593 superficie
1209 1548 1409 1584 exteriore
1431 1547 1554 1583 fibras
1577 1544 1796 1589 conspicue
1811 1552 1925 1580 mon-

99 1613 203 1647 strat
218 1608 560 1654 longitudinales,
591 1607 850 1654 pallidiores,
882 1606 1126 1642 efibrinulis
1145 1604 1400 1641 tenuissimis
1423 1603 1641 1649 conflatas,
1674 1609 1797 1648 quae,
1829 1599 1924 1635 hinc

98 1666 193 1702 inde
217 1674 241 1701 a
263 1674 308 1701 se
334 1664 514 1700 invicem
531 1663 805 1711 discedentes,
838 1671 972 1698 ramos
994 1664 1182 1698 emittunt
1197 1661 1434 1697 universum
1452 1659 1643 1695 corticem
1658 1659 1772 1694 nullo
1787 1656 1928 1692 ordine

97 1724 403 1768 percurrentes,
434 1729 529 1757 mox
544 1730 687 1756 rursus
703 1720 746 1755 in
763 1729 887 1755 unum
904 1721 1114 1754 collectae.
1173 1717 1420 1753 Fibrillulae
1437 1719 1511 1752 sub
1535 1713 1806 1757 microscopio
1830 1721 1928 1747 con-

100 1778 304 1816 sideratae
328 1777 460 1813 tubuli
483 1779 577 1812 sunt
601 1776 819 1823 pellucidi,
850 1775 1052 1820 continui,
1084 1774 1271 1819 granulis
1295 1771 1587 1809 minutissimis
1609 1769 1772 1817 repleti,
1805 1771 1926 1811 atque

97 1836 289 1872 fibrarum
312 1833 567 1869 corticalium
583 1842 657 1868 seu
673 1832 809 1876 potius
825 1832 920 1868 libri
936 1831 1176 1867 vetustioris
1194 1834 1383 1866 naturam
1399 1829 1628 1865 ostendunt.
1685 1825 1847 1871 Pagina
1862 1824 1928 1860 in-

102 1892 225 1929 terior
241 1890 392 1935 [liber]
410 1892 544 1925 colore
560 1889 791 1935 obscurior,
817 1887 925 1924 facie
940 1889 1106 1935 fibrosa,
1125 1896 1272 1931 sapore
1288 1889 1325 1923 et
1343 1887 1462 1922 odore
1478 1884 1643 1921 fortiore
1659 1885 1709 1920 ab
1728 1881 1927 1919 exteriore

101 1947 302 1993 [cortice]
321 1946 585 1990 dignoscitur.
629 1947 862 1982 Tubercula
877 1955 898 1981 e
914 1945 1017 1980 libro
1034 1944 1260 1988 prominent
1277 1943 1454 1989 minuta,
1479 1948 1733 1987 compressa,
1758 1949 1780 1974 e
1797 1937 1928 1974 radiis

100 2004 416 2048 medullaribusâ€š
447 2002 596 2038 librum
619 2006 658 2038 et
679 2002 814 2046 ipsum
839 2001 1030 2037 corticem
1046 2000 1294 2037 intrantibus
1312 1998 1556 2045 composita3
1587 1996 1761 2033 discisso
1777 2000 1928 2032 secun-

100 2063 195 2099 dum
223 2060 518 2105 longitudinem
548 2059 697 2095 cortice
727 2063 766 2095 et
795 2061 950 2094 armato
973 2058 1155 2094 validius
1176 2059 1294 2093 oculo
1316 2055 1590 2102 considerato,
1619 2053 1691 2089 isti
1714 2052 1926 2097 apparent,

103 2119 210 2154 inter
229 2116 328 2154 libri
353 2118 529 2152 cellulas
551 2117 674 2152 valde
690 2117 924 2161 elongatas,
955 2115 1101 2158 partim
1118 2113 1335 2160 hyalinas,
1366 2112 1516 2156 partim
1531 2110 1680 2147 flavido
1698 2112 1830 2145 colore
1848 2107 1929 2142 tin-

102 2180 213 2222 ctas,
244 2177 436 2216 tanquam
466 2172 645 2208 lineolae
672 2175 834 2219 breves,
867 2174 1085 2218 oblongae,
1116 2170 1306 2213 utrinque
1335 2171 1500 2215 acutae,
1533 2170 1654 2211 atque
1678 2176 1699 2202 e
1719 2164 1928 2203 biseriatis

103 2231 269 2268 cellulis
293 2229 521 2271 conflatae.x
561 2228 716 2265 Radios
738 2230 986 2265 medullares
1006 2228 1108 2264 istos
1129 2227 1308 2263 minores
1331 2224 1577 2269 phytotomis
1600 2223 1729 2259 dictos
1745 2223 1927 2267 apparet,

103 2288 173 2332 qui
195 2289 350 2331 liquore
374 2289 494 2322 rubro
518 2285 664 2329 repleti
686 2286 882 2321 aromatis
903 2283 1253 2329 praestantissimi
1273 2292 1397 2319 verus
1421 2281 1513 2317 fons
1535 2283 1649 2328 sunt,
1682 2280 1788 2315 unde
1804 2278 1929 2314 simul

101 2348 232 2390 patet,
265 2342 518 2381 cinnamomi
548 2345 659 2378 tanto
688 2342 1026 2385 praestantiorem
1043 2351 1137 2378 esse
1160 2349 1357 2387 mercem,
1391 2348 1468 2382 quo
1492 2337 1624 2382 magis
1654 2336 1760 2372 liber
1780 2343 1805 2370 a
1829 2336 1927 2370 sub-

103 2401 260 2437 stantia
284 2399 470 2435 corticali
491 2399 614 2435 fuerit
638 2399 880 2434 denudatus.
941 2399 1249 2434 Cinnamomum
1271 2399 1436 2432 acutum
1458 2394 1710 2431 officinarum
1728 2402 1749 2428 e
1770 2389 1928 2424 Cinna-

102 2466 235 2492 momo
265 2454 485 2502 zeylanico
515 2458 635 2498 Xees.
659 2455 886 2502 colligitur,
916 2455 1062 2490 humili
1079 2457 1227 2490 'arbore
1248 2463 1288 2489 v.
1312 2451 1534 2498 fruticosa,
1565 2451 1662 2487 olim
1689 2459 1711 2485 e
1734 2446 1930 2492 sylvestri

102 2515 230 2557 stirpe
247 2513 412 2556 petitum
424 2540 434 2560 ,
464 2513 583 2548 hodie
599 2511 927 2555 frequentissime
943 2521 965 2547 e
981 2511 1085 2548 satis
1102 2521 1174 2554 per
1189 2513 1309 2546 vasta
1326 2511 1511 2545 arboreta
1527 2506 1691 2550 plantis.
1736 2504 1931 2548 Seligun-

107 2575 173 2607 tur
198 2571 249 2606 ad
271 2572 394 2605 talem
418 2571 620 2605 culturam
641 2568 725 2604 loci
747 2568 968 2616 nemorosi,
999 2570 1046 2603 ob
1064 2570 1196 2604 solum
1213 2574 1385 2602 arenoso
1399 2564 1636 2610 -limosum,
1667 2565 1788 2597 humo
1804 2569 1930 2604 vegeâ€”

106 2627 224 2664 tabili
244 2626 415 2662 mixtum
439 2625 702 2661 Cinnamomo
726 2625 853 2672 grati,
885 2627 924 2660 et
947 2624 1101 2660 excisis
1124 2622 1338 2659 arboribus
1355 2624 1391 2658 et
1408 2620 1625 2657 fruticibus
1641 2618 1699 2654 ita
1716 2619 1930 2654 collucan-

107 2688 191 2730 tur,
232 2686 275 2719 ut
310 2683 405 2718 hinc
434 2681 529 2717 inde
560 2681 808 2717 frondiferae
837 2683 1095 2727 remaneant,
1135 2688 1307 2723 quarum
1337 2681 1481 2714 umbra
1510 2678 1715 2712 moderate
1745 2673 1929 2719 defensa,

100 2739 302 2785 juvenilis
328 2738 583 2775 cinnamomi
607 2747 727 2781 seges
750 2737 904 2773 laetius
927 2737 1146 2772 increscat.
1209 2736 1387 2779 Lignum
1417 2733 1562 2769 deinde
1593 2734 1811 2768 collectum
1839 2732 1930 2765 loco

105 2793 254 2833 remoto
276 2796 320 2831 in
342 2795 502 2831 cineres
526 2794 743 2840 redigitur,
777 2796 816 2829 et
838 2795 924 2830 solo
940 2793 1001 2830 sic
1018 2796 1179 2839 parato,
1210 2791 1420 2827 mensibus
1434 2789 1574 2837 Junio,
1605 2787 1716 2823 Julio
1733 2790 1771 2822 et
1786 2787 1931 2830 Augu-

105 2858 191 2900 sto,
222 2861 299 2895 quo
330 2856 507 2895 tempore
538 2850 793 2888 Cinnamomi
822 2849 1042 2893 sylvestris
1072 2848 1231 2884 fructus
1260 2848 1559 2893 maturescunt,
1592 2848 1699 2881 terra
1728 2841 1932 2878 distinctis

105 2910 237 2946 interv
240 2909 350 2955 allis,
374 2917 562 2944 senorum
577 2911 865 2951 septenorumv
867 2917 888 2943 e
903 2907 1051 2951 pedum
1066 2905 1214 2952 spatio,
1241 2904 1444 2949 effoditur,
1472 2903 1530 2938 ita
1545 2904 1589 2937 ut
1604 2900 1800 2936 formatae
1815 2907 1931 2934 areo-

104 2969 193 3013 lae,
224 2974 333 3001 nunc
353 2965 459 3009 ligni
481 2964 617 3001 cinere
643 2964 887 3011 permixtae,
918 2963 1110 3007 singulae
1132 2965 1420 3006 quaternorum
1442 2958 1706 3002 quinorumve
1728 2955 1932 2991 fructuum

106 2993 326 3060 sementem
354 3021 569 3065 recipiant.
629 3022 763 3056 Solem
794 3018 1123 3063 superimpositis
1152 3017 1363 3054 frondibus
1394 3024 1420 3052 a
1450 3014 1670 3061 plantulis,
1701 3015 1789 3056 post
1813 3011 1932 3054 quin-

104 3079 234 3115 decim
251 3080 304 3115 ad
318 3078 466 3122 viginti
482 3077 569 3113 dies
585 3077 923 3123 germinantibus,
948 3079 1102 3122 arcent,
1127 3079 1165 3110 et
1175 3072 1429 3111 cinnamomi
1445 3081 1563 3117 seges
1579 3079 1674 3106 mox
1685 3072 1794 3105 laete
1808 3078 1835 3104 v
1838 3068 1932 3111 iget-

107 3135 334 3172 Constituto
357 3134 401 3169 in
423 3129 511 3170 solo
535 3133 662 3169 fertili
685 3136 724 3169 et
739 3133 814 3168 rite
829 3136 973 3176 parato
989 3134 1193 3178 arboreto,
1225 3131 1470 3166 arbusculae
1486 3138 1562 3164 sex
1578 3131 1616 3163 et
1631 3130 1786 3169 septem
1802 3133 1940 3160 anno-â·â·

107 3201 196 3227 rum
220 3191 353 3234 spatio
376 3191 420 3226 in
435 3193 655 3226 humanam
671 3192 913 3226 excrescunt
930 3188 1207 3235 altitudinem,
1239 3185 1451 3222 rarissime
1467 3188 1561 3221 ante
1578 3185 1766 3226 elapsum
1781 3190 1930 3216 nonum

106 3256 259 3284 annum
275 3247 598 3283 decorticandae.
629 3245 784 3282 Messis
799 3255 939 3281 mense
949 3245 1073 3290 MaJo,
1091 3253 1168 3287 quo
1186 3248 1362 3286 tempore
1379 3243 1529 3278 imbres
1540 3241 1699 3286 cedunt,
1718 3242 1755 3274 et
1766 3239 1931 3273 arbores

108 3313 230 3340 succo
256 3306 435 3349 turgent,
467 3302 681 3352 inchoata,
712 3302 754 3337 in
771 3302 972 3337 Octobrim
995 3310 1123 3343 usque
1139 3299 1397 3344 protrahitur.
1455 3294 1682 3333 Nominatis
1698 3294 1852 3337 negotii
1868 3293 1930 3329 diâ€”

107 3358 328 3396 rectoribus
351 3362 390 3395 et
412 3359 733 3406 inspectoribus,
765 3360 880 3394 labor
894 3358 1001 3394 inter
1016 3356 1224 3400 operarios
1241 3353 1499 3399 [Scbialias)
1517 3349 1792 3397 distribuitur,
1823 3350 1928 3393 parti

108 3415 256 3452 minori
278 3424 479 3451 ramorum
502 3413 724 3462 abscissio,
757 3413 876 3450 alteri
899 3412 1160 3450 decorticatio
1177 3411 1468 3448 cedit.'ru110
1483 3408 1547 3444 illi
1563 3407 1720 3452 eligunt
1734 3408 1927 3442 ramulos

110 3481 277 3516 quorum
300 3471 490 3510 corticem
507 3470 630 3508 facile
645 3481 666 3507 e
681 3470 793 3516 ligno
810 3469 917 3509 solvi
933 3479 1052 3515 posse
1067 3468 1321 3515 intelligunt,
1353 3466 1538 3503 trintulos
1553 3461 1830 3513 potissimum,
1862 3463 1931 3506 qui
