2147 3756
1133 112 1213 160 44

264 280 387 335 tis-5⁷5.
418 282 674 327 Caulopteris
695 279 827 316 Lindl.
872 279 994 333 ⁰3:5⁷5·
1025 282 1263 319 'summulis
1284 282 1425 319 Colca,
1780 278 1802 303 ›a‹

264 337 387 391 (38273.
421 339 640 375 Kal-sieilia
658 336 786 385 Giipp.
874 336 995 391 68-273·
1026 341 1273 384 Psowpteris
1293 337 1416 376 cord·
1491 336 1613 390 ⁶32⁷&
1644 336 1858 384 Sigillaria
1877 338 2061 386 Brougu·

265 394 386 448 ⁰32⁷?
418 396 586 433 C⁰¹¹²²ea
604 392 735 441 GHPP·
872 393 996 448 682377.
1027 397 1206 432 Porosus
1226 394 1369 431 Cotta.

402 487 452 515 *²¹*
467 486 881 533 Psaronieae·
949 488 1127 528 Trunci
1157 488 1362 539 arborei,
1392 486 1626 530 fasciculis
1656 501 1870 530 vasorum
1899 488 2084 530 scalari·

264 545 479 587 formium
509 546 718 586 seriebus
751 545 960 598 pluribus
984 545 1106 585 inter
1130 558 1178 585 se
1203 545 1422 585 connexis
1448 549 1497 596 et
1520 557 1620 585 cum
1649 545 1829 585 cellulis
1856 544 2083 598 elongatis

264 604 385 643 axim
405 602 773 652 efformantibus,
804 613 827 641 e
847 601 982 653 cujus
999 606 1130 654 parte
1147 601 1390 654 superiore
1409 606 1457 643 et
1479 600 1702 643 inferiore
1728 601 1906 643 radices
1930 613 2085 642 nume-

263 672 397 701 rosae
415 671 494 713 per
511 658 735 700 corticem
757 657 1060 698 descendunt.
1119 659 1290 712 Unger.

842 755 963 812 68279.
995 760 1222 798 Psaronius
1242 758 1383 796 Cotta.

536 895 834 954 Classis
865 897 1094 954 VIII.
1166 895 1820 968 Hydropterides.

402 1014 656 1073 Herbae
696 1015 1006 1092 aquaticae,
1055 1013 1147 1072 axi
1174 1014 1388 1092 lignoso
1420 1014 1675 1089 centrali,
1722 1033 1752 1073 e
1781 1013 1924 1072 vasis
1957 1013 2091 1071 sim-

263 1099 499 1178 plicibus
531 1099 935 1177 annulatisque,
966 1118 1068 1157 nec
1097 1119 1208 1156 non
1239 1120 1268 1157 e
1299 1099 1515 1158 cellulis
1540 1098 1808 1176 elongatis
1831 1097 2087 1172 conflato,

262 1184 410 1242 foliis
455 1204 488 1241 a
536 1184 761 1242 caudice
806 1183 1087 1258 discretis,
1139 1183 1422 1242 sessilibus
1464 1203 1516 1241 v.
1561 1183 1867 1262 petiolatis,
1921 1181 2090 1240 lim'bo

263 1268 500 1347 simplici
549 1289 600 1326 v.
654 1268 979 1346 composito,
1037 1269 1097 1325 in
1154 1268 1431 1326 nonnullis
1490 1268 1754 1325 abortivo·
1861 1266 2093 1346 Spora-

263 1353 490 1433 carpia
525 1353 593 1410 ad
631 1353 804 1411 basim
840 1352 1095 1410 foliorum
1133 1353 1710 1431 uni-plurilocularia,
1757 1351 1975 1430 organis
2010 1350 2090 1407 di-

265 1438 504 1517 morphis
534 1435 702 1496 foeta.

672 1587 845 1633 ordo
875 1586 1163 1632 XXXIII.
1222 1553 1687 1634 salviniaceae.

406 1675 601 1723 Herbae
633 1683 873 1734 natantes,
907 1675 1047 1722 ramis
1077 1674 1280 1737 pinnatis
1311 1689 1354 1721 v.
1379 1672 1598 1733 radiatis,
1631 1671 1933 1730 radiculosis‚
1966 1671 2094 1719 foliis

270 1746 489 1803 alternis,
527 1745 842 1808 simplicibus,
883 1745 1162 1802 imbricatis,
1203 1745 1544 1807 integerrimis,
1585 1743 1848 1801 eellulosis,
1883 1743 2097 1790 stomati-

265 1818 352 1864 bus
391 1817 604 1864 cutaneis
645 1814 904 1874 destitutis,
952 1831 1095 1879 saepe
1134 1815 1392 1879 papillosis.
1467 1816 1802 1878 Sporocarpz'a
1840 1815 1886 1860 in
1929 1812 2095 1861 eadem

268 1889 414 1951 stirpe
454 1885 721 1949 dimorpha,
771 1887 990 1933 foliorum
1027 1885 1129 1932 basi
1168 1884 1346 1943 adsita,
1393 1885 1486 1932 alia
1524 1883 1944 1941 uni-bilocularia,
1987 1899 2094 1930 eor-

268 1957 463 2022 puscula
517 1957 739 2020 angulata
789 1973 835 2004 v.
887 1956 1086 2020 globosa
1131 1955 1444 2014 includentia,
1500 1956 1591 2003 alia
1642 1955 1911 2019 sporangiis
1956 1953 2095 2017 juxta

272 2028 567 2076 columellam
608 2027 865 2075 centralem
902 2027 1223 2091 pedicellatiS‚
1263 2043 1429 2091 sporas
1461 2026 1661 2088 liberas,
1699 2042 1874 2091 paucas
1905 2042 1948 2074 v.
1982 2024 2095 2072 soli-

269 2100 413 2148 tarias
445 2097 793 2147 includentibus
824 2099 969 2147 foeta.

1049 2231 1331 2266 Genaua.

382 2317 475 2353 688.
505 2315 656 2352 Azolla
671 2310 793 2349 Lam.
1374 2275 1708 2347 Ias-Rhizosperma
1723 2303 1875 2348 „lle-qen.

593 2362 833 2405 Carpanthus
850 2361 951 2408 Raf.
1325 2357 1422 2392 689.
1453 2355 1644 2391 Salvinia
1660 2351 1829 2389 Michel.

440 2418 478 2440 α.
503 2405 641 2439 Azolla
656 2407 808 2451 Meyen.
1529 2401 1738 2437 Marsilaea
1752 2401 1867 2437 Neclc.

410 2484 734 2539 Affinitas.
800 2498 904 2534 ordo
933 2498 1039 2534 nulli
1070 2496 1340 2543 cognitorum,
1382 2498 1541 2540 praeter
1569 2495 1916 2542 Marsilaeaceas,
1955 2494 2109 2530 habitu.

192 2592 195 2593 γ
273 2560 313 2594 et
336 2555 447 2592 foliis
471 2555 727 2602 compositis,
759 2555 997 2590 vernatione
1028 2554 1240 2590 circinatis
1269 2553 1467 2589 facillime
1491 2552 1823 2598 distinguendas,
1855 2558 2097 2594 comparan-

274 2615 371 2659 dus,
402 2613 626 2655 Hepaticas
644 2612 842 2654 quasdam
858 2611 1072 2654 aquaticas
1089 2611 1132 2645 in
1148 2610 1382 2646 memoriam
1398 2612 1581 2656 revocat,
1612 2609 1743 2651 quoad
1760 2616 1901 2644 veram
1923 2607 2099 2651 partium

274 2668 599 2706 fructificationis
635 2671 842 2715 naturam,
888 2668 1011 2703 etiam
1041 2670 1134 2711 post
1163 2666 1493 2703 acutissimorum
1521 2665 1702 2702 virorum
1729 2667 1892 2702 labores
1921 2664 2099 2700 nondum

276 2726 379 2764 satis
395 2727 646 2762 illustratam
662 2733 914 2768 summopere
931 2724 1092 2760 dubius.

419 2788 850 2846 Geographia.
923 2794 1213 2830 Salviniaceae
1248 2795 1323 2830 sub
1355 2795 1466 2829 coelo
1497 2794 1715 2837 temperato
1746 2794 1784 2827 et
1813 2789 1946 2827 calido
1976 2788 2099 2825 totius

278 2852 388 2889 orbis
414 2853 533 2896 aquis
556 2853 705 2896 quietis
730 2850 964 2896 purioribus
979 2851 1187 2898 innatant,
1218 2849 1563 2893 inextratropicis
1579 2848 1886 2891 hemisphaerae
1901 2846 2100 2883 australis

280 2911 464 2947 nonnihil
480 2908 794 2955 frequentiores,
825 2907 868 2943 in
884 2907 993 2944 Asia
1009 2910 1048 2943 et
1062 2906 1210 2944 Africa
1224 2909 1350 2955 multo
1367 2914 1487 2949 quam
1500 2905 1544 2941 in
1561 2904 1754 2942 America
1767 2903 1959 2941 rariores.

420 2969 480 3003 De
497 2964 766 3010 qualitatibus
782 2963 888 3000 nihil
903 2966 1073 3000 constat.

666 3085 836 3130 ordo
864 3082 1136 3129 XXXIV.
1192 3079 1718 3128 Marsilaeaceae.

423 3173 620 3222 Herbae
657 3171 936 3235 paludosae,
984 3179 1222 3235 repentes.
1310 3171 1473 3218 Caule‘s
1511 3168 1765 3225 filiformis,
1818 3174 2098 3230 prostratus,

286 3243 526 3303 radicans,
573 3244 695 3290 intus
728 3242 1133 3305 longitudinaliter
1163 3242 1434 3299 lacunosus‚
1484 3238 1699 3303 cylindro
1732 3253 1948 3286 vasorum
1990 3252 2101 3283 een-

288 3316 418 3374 trali,
459 3315 670 3363 canalem
700 3313 1006 3361 medullarem
1044 3313 1305 3370 ambiente,
1346 3319 1395 3359 et
1433 3310 1703 3358 cellularum
1742 3317 1912 3366 strato,
1953 3306 2119 3372 cylin-r

287 3385 418 3433 drum
448 3402 665 3434 vasorum
697 3386 942 3449 cingente,
975 3383 1323 3448 dissepimentis
1356 3380 1644 3430 radiantibus
1677 3396 1779 3427 cum
1810 3386 1944 3426 textu
1973 3392 2101 3424 mere

289 3456 541 3516 cellulam,
581 3456 664 3505 suh
697 3453 988 3521 epidermide
1020 3453 1294 3504 stomatibus
1325 3461 1519 3518 pertusa
1551 3452 1665 3510 sito,
1712 3448 2100 3500 communicante.
