2147 3756
970 106 1080 156 521

124 286 244 320 charo
259 281 412 318 mixtus
428 280 469 317 ln
487 282 650 318 tabulas
669 278 825 325 (Cacao
842 281 1026 316 tabulata
1041 289 1080 316 v,
1098 277 1350 323 Cnocotada]
1371 277 1582 325 formatur,
1614 287 1782 322 quarum
1799 276 1944 322 ingens

124 341 232 383 apud
265 339 462 374 delicatos
494 339 767 379 lautiores-que
796 346 898 373 usus
929 340 1003 372 est.
1062 336 1295 372 Cliocolada
1323 345 1435 371 mera
1468 333 1632 376 (Cacum
1665 333 1877 369 medicata
1909 344 1943 370 s.

126 392 370 429 Chocolacla
386 394 612 437 sanitatis)
634 394 843 429 difficilius
868 393 1084 438 digeritur,
1115 393 1310 428 Vanillae
1331 402 1370 427 v.
1389 391 1643 428 cinnamomi
1669 396 1845 427 aromate
1869 392 1945 426 ad-

122 452 247 488 mixto
264 451 432 487 suavior
449 448 715 491 (Cleocnlmla
731 450 1012 494 aromatica),
1042 449 1222 485 validius
1240 449 1436 484 stimulat.
1474 448 1638 483 Additis
1655 448 1943 492 nutrientibus,

122 507 321 550 imprimis
354 507 511 551 glutine
539 507 762 552 lichenico,
796 509 1019 542 exhaustos
1051 507 1210 548 egregie
1241 506 1380 541 reficit.
1439 505 1646 539 seminum
1670 504 1947 546 integumenta

121 564 216 608 igne
235 568 340 599 tosta
357 563 461 599 inter
479 564 637 599 Cotseae
654 564 911 599 succedanea
927 567 1200 597 numerantur.
1260 563 1402 597 Oleum
1427 560 1599 606 pingue,
1632 561 1734 602 quod
1759 570 1779 593 e
1802 561 1946 594 nucleo

121 621 205 656 leni
237 620 331 663 igne
362 624 464 655 tosto
496 625 531 655 et
564 630 695 663 aquae
726 619 937 655 bullientis
967 627 1119 662 vapore
1148 619 1426 662 impraegnato
1458 616 1699 660 exprimitur
1723 613 1946 657 (Butyrum

123 677 307 721 camo),
340 677 428 712 sebi
445 678 621 719 speciem
640 677 780 722 refert,
814 677 946 711 Cacao
970 684 1117 717 sapore
1140 679 1177 709 et
1202 676 1344 719 odore,
1378 680 1415 710 et
1439 674 1600 709 rancori
1625 672 1856 708 diutissime
1881 680 1946 706 re-

120 734 243 770 sistit.
302 734 510 769 Plurimae
541 742 809 777 congenerum
840 732 883 767 in
906 731 1095 766 America
1127 735 1357 766 crescentes
1382 731 1540 766 semina
1565 731 1756 773 praebent
1781 727 1948 763 minoris

121 790 347 833 dignitatis.
405 792 439 825 E
463 793 590 833 pulpa
613 789 771 824 fructus
797 788 1072 823 destillatione
1094 787 1290 829 liquorem
1316 787 1517 822 fervidum
1534 784 1771 825 Americani
1790 788 1948 826 parant.

125 844 461 893 Guazzcmatum,
495 847 721 889 proximum
743 843 1023 880 Theobromati
1052 844 1093 878 id
1117 853 1246 886 genus
1270 847 1350 889 est,
1384 843 1540 879 fructus
1565 840 1949 878 mucoso-adstrin-

121 908 284 950 gentes,
316 903 358 937 in
381 905 543 944 herpete
573 905 611 937 et
641 904 756 943 lepra
785 903 834 935 ab
859 900 1119 935 Americanis
1149 901 1382 941 laudantur.
1443 901 1617 943 Pulpam
1647 898 1950 934 dulciusculam

120 963 290 1004 sugunt,
324 962 363 993 et
388 959 668 1000 praeparando
693 957 906 1003 fermento,
938 956 1044 991 inter
1065 958 1273 999 potulenta
1291 956 1525 991 Cerevisiae
1543 957 1585 991 in
1601 959 1735 992 locum
1751 954 1948 1000 admisso,

120 1016 323 1052 adhibent.
374 1014 613 1050 Buttneriae
630 1017 667 1049 et
684 1012 943 1049 &Valtlleriae
960 1015 1098 1055 plures
1115 1013 1219 1048 inter
1235 1013 1413 1048 remedia
1430 1022 1544 1048 muco
1564 1012 1766 1048 salutaria
1782 1011 1826 1046 in
1842 1010 1949 1046 Asia

119 1072 274 1116 pariter
296 1081 345 1107 ac
369 1071 412 1106 in
436 1070 627 1106 America
648 1070 690 1105 in
715 1079 836 1105 usum
859 1074 1069 1106 vocantur.
1128 1066 1417 1114 Pterospermt
1434 1067 1657 1115 Heynecmz’
1672 1069 1800 1104 XVall.
1828 1065 1949 1110 [Mu-

118 1126 342 1171 llukunda)
363 1128 552 1170 frequens
569 1128 677 1170 apud
693 1128 815 1162 Indos
835 1136 933 1162 usus
950 1130 1024 1162 est.
1083 1126 1227 1161 Flores
1250 1125 1408 1161 mucosi
1431 1126 1473 1160 in
1497 1129 1746 1169 gonorrhoea
1768 1125 1947 1160 laudan-

121 1189 205 1230 tur,
237 1185 410 1220 contrita
427 1184 468 1218 in
485 1186 695 1226 pulverem
714 1183 814 1219 folia
828 1183 1214 1218 Tabaciinmodum
1240 1182 1410 1218 naribus
1435 1186 1618 1225 trahunt,
1651 1183 1948 1225 praesentaneo

120 1244 369 1284 ceplialaeae
393 1249 592 1276 nervosae
618 1241 807 1276 remedio,
867 1241 899 1275 E
926 1236 1217 1284 Pterospermz‘
1234 1237 1540 1284 glabreseentis
1565 1240 1634 1274 W.
1653 1242 1689 1273 et
1706 1239 1806 1273 Arn.
1835 1236 1948 1272 foliis

118 1297 297 1334 fomenta
327 1301 486 1341 parant.
554 1294 847 1343 Pterospermi
873 1294 1242 1346 au7·{folz‘e‘5Villd.
1279 1294 1397 1332 flores
1434 1305 1552 1333 muco
1591 1295 1755 1340 copioso
1793 1292 1948 1340 referti,

120 1354 262 1392 florum
279 1357 445 1391 malvae
461 1357 549 1390 loco
565 1357 675 1390 sunt.

260 1459 958 1518 *Philippodendreaffi
1017 1462 1168 1504 Arbor
1201 1474 1225 1503 e
1258 1462 1506 1504 seminibus
1537 1459 1868 1516 nepalensibus
1899 1459 1949 1499 in

119 1516 309 1573 Europa
332 1527 464 1571 nata,
497 1521 703 1574 pluribus
730 1521 854 1560 notis
881 1521 938 1561 ad
956 1519 1311 1561 Biittneriaceas
1338 1520 1542 1571 accedit,
1574 1518 1766 1559 floribus
1791 1517 1949 1557 stami-

119 1578 298 1631 nigeris
318 1583 364 1618 et
391 1579 491 1631 ipso
517 1576 675 1618 fructu
701 1577 962 1617 adhucdum
986 1578 1228 1631 incognito
1253 1577 1511 1617 subdubiae
1538 1575 1803 1624 affinitatis,
1833 1573 1949 1613 reri-

119 1634 338 1674 similiter
364 1635 471 1674 novi
497 1634 677 1675 ordinis
701 1639 862 1687 typus,
895 1634 1168 1674 staminibus
1185 1634 1231 1673 in
1251 1632 1365 1674 flore
1384 1634 1669 1687 pistilligero
1688 1630 1947 1677 sterilibus,

120 1691 167 1730 in
195 1691 359 1730 tubum
383 1691 538 1731 medio
565 1692 748 1731 laciniis
772 1690 1051 1744 spatliulatis
1076 1691 1507 1745 appendiculatum,
1541 1699 1588 1731 et
1612 1689 1820 1744 germine
1847 1687 1949 1726 uni-

119 1748 343 1798 loculari‚
373 1749 652 1801 gemmulam
684 1749 868 1788 unicam
899 1748 1149 1801 pendulam
1179 1746 1392 1797 fovente,
1416 1748 1629 1801 insignis.
1688 1745 1812 1785 Huic
1843 1745 1948 1783 stir-

119 1816 222 1859 pem
252 1806 470 1854 alteram,
518 1817 574 1845 ex
606 1805 891 1855 Mariannis‚
936 1810 989 1844 ut
1020 1803 1285 1858 perhibent,
1331 1805 1553 1856 relatam,
1599 1802 1805 1853 nondum
1836 1801 1949 1841 satis

120 1862 377 1916 cognitam,
407 1860 488 1901 sed
506 1862 656 1915 priori
671 1862 748 1903 vix
765 1873 858 1901 non
876 1859 1089 1913 affinem,
1119 1862 1462 1915 subjunximus.

898 1967 1193 2004 GENERA„
1340 2014 1342 2016 v

233 2051 359 2086 5358.
389 2049 765 2096 Philippodendron
782 2048 892 2086 Poz't.
1171 2051 1296 2088 5359.
1326 2050 1595 2087 Biassolettia
1612 2047 1753 2086 Pras-L·

596 2228 768 2274 Ordo
801 2227 1062 2275 ccxlv.
1123 2229 1479 2277 Tiliaceae.

260 2331 487 2380 Arbores
514 2348 559 2379 v.
576 2329 816 2395 frutices,
849 2333 1089 2381 rarissime
1121 2333 1328 2392 herbae,
1359 2332 1482 2398 pube
1507 2332 1731 2397 simplici,
1763 2346 1952 2381 ramosa

119 2420 166 2451 v.
198 2403 403 2450 stellata.
478 2404 623 2451 Folia
654 2404 836 2450 alterna
867 2413 946 2450 aut
977 2406 1216 2452 rarissime
1249 2406 1486 2468 opposita,
1532 2405 1788 2468 simplicia,
1836 2418 1951 2466 pen-

121 2475 335 2522 ninervia
365 2490 412 2521 v.
447 2475 827 2537 palmatinervia,
862 2475 1049 2538 integra
1079 2492 1125 2523 v.
1159 2475 1485 2539 palmatiloba,
1520 2485 1736 2534 crenata,
1768 2481 1951 2521 serrata

120 2562 165 2592 v.
194 2544 408 2602 dentata,
440 2546 716 2607 saepissime
750 2546 1001 2605 coriacea,
1036 2546 1198 2593 subtus
1230 2547 1726 2603 reticulato-venosa,
1758 2545 1952 2608 stipulas

122 2614 183 2663 ad
221 2615 370 2662 basim
407 2616 692 2678 petiolorum
731 2617 954 2678 geminis,
1005 2617 1189 2675 liberis,
1239 2617 1452 2665 deciduis
1493 2627 1572 2664 aut
1609 2618 1762 2664 rarius
1800 2615 1953 2679 persi·
2010 2645 2013 2647 -

122 2687 371 2735 stentibus.
445 2687 616 2734 Flores
660 2688 865 2750 perfecti
910 2705 956 2735 v.
999 2689 1241 2735 rarissime
1287 2690 1580 2752 imperfecti,
1643 2688 1866 2734 axillares
1904 2702 1950 2732 v.

121 2759 274 2806 rarius
323 2758 617 2815 terminales,
675 2758 900 2815 solitarii,
957 2760 1192 2806 racemosi
1238 2776 1281 2806 v.
1330 2759 1624 2822 corymbosi,
1679 2757 1816 2816 nudi,
1871 2764 1953 2802 aut

121 2829 378 2886 bracteati,
426 2830 577 2875 rarius
623 2829 909 2875 involucello
956 2830 1281 2894 gamophyllo,
1326 2830 1512 2876 valvato
1555 2829 1715 2876 cincti.
1797 2829 1954 2889 Calyae

122 2908 608 2963 tetra-pentamerus,
657 2900 833 2946 foliolis
872 2899 1036 2946 liberis
1068 2917 1111 2947 v.
1143 2901 1245 2964 plus
1278 2901 1426 2947 minus
1460 2902 1697 2957 connatis,
1746 2900 1949 2946 aestiva-

120 2972 252 3018 tione
291 2971 513 3027 valvatis,
563 2969 793 3017 deciduis.
873 2972 1100 3018 Corollae
1140 2972 1295 3035 petala
1334 2966 1513 3035 calycis
1546 2971 1724 3018 foliolis
1756 2985 1950 3018 numero

123 3042 341 3106 aequalia
385 3050 434 3088 et
479 3042 683 3099 alterna,
730 3040 790 3088 ad
833 3042 982 3089 basim
1023 3043 1118 3089 tori
1157 3043 1282 3106 plani
1321 3059 1364 3089 v.
1405 3043 1716 3107 stipitiformis
1754 3043 1949 3098 inserta,

122 3112 453 3175 unguiculata,
509 3112 610 3158 basi
655 3129 799 3176 saepe
845 3113 1035 3160 foveola
1077 3131 1126 3161 v.
1176 3114 1415 3178 squamula
1461 3122 1621 3171 aucta,
1674 3114 1862 3176 integra
1906 3129 1950 3160 v.

123 3186 259 3248 apice
291 3184 440 3229 incisa
470 3191 550 3229 aut
579 3183 1038 3242 fimbriato-lacera,
1077 3186 1389 3232 aestivatione
1420 3184 1690 3242 imbricata,
1732 3182 1949 3241 decidua,

123 3253 358 3302 interdum
390 3253 532 3299 nulla.
608 3255 831 3303 Stamina
861 3256 1099 3303 rarissime
1134 3254 1348 3313 definita,
1392 3254 1530 3319 duplo
1563 3255 1832 3302 foliolorum
1873 3270 1953 3301 ca·-

124 3326 246 3390 lycis
278 3340 496 3382 numer0‚
529 3325 803 3387 saepissime
835 3325 1100 3384 indefinita,
1133 3328 1250 3384 tori,
1284 3342 1425 3390 saepe
1458 3327 1504 3372 in
1530 3327 1734 3388 stipitem
1759 3325 1952 3373 brevem

125 3397 300 3444 elevati
323 3396 448 3460 apici
471 3395 803 3458 pluriseriatim
828 3398 1029 3462 inserta,
1061 3398 1165 3444 basi
1198 3396 1409 3460 ejusdem
1440 3397 1652 3460 margine
1687 3394 1950 3454 discoideo,

127 3468 315 3531 integro
354 3483 402 3516 v.
445 3466 606 3515 lobato
651 3467 831 3528 cincta,
879 3470 1034 3517 omnia
1079 3468 1275 3528 fertilia,
1320 3485 1364 3517 v.
1405 3484 1731 3532 nonnunquam
1776 3468 1953 3517 extima
