2147 3756
1044 149 1160 197 269.

190 322 365 358 nondum
395 322 612 358 observata
641 319 820 366 fuerunt,
853 321 966 365 dum,
999 323 1170 361 excepta
1194 319 1370 360 Cypnia,
1404 319 1578 354 011111111111
1612 321 1699 363 typi
1728 319 1770 355 in
1795 321 1870 356 hac
1895 322 2004 357 orbis

190 382 312 422 plaga
342 377 608 421 reperiuntur.
668 374 899 411 Scaeoolae
928 376 1053 411 latius
1077 378 1323 421 evagantur,
1355 384 1447 409 nain
1471 376 1704 412 Australem
1735 377 2004 413 continentem

188 434 541 480 circumcolentes,
575 442 627 468 ex
644 434 823 476 ejusdem
839 432 972 467 littore
989 430 1139 474 tropico
1156 440 1226 473 per
1240 429 1401 466 insulas
1418 433 1628 467 Moluccas
1644 432 1685 467 in
1701 433 1842 468 Indiae
1860 436 2004 468 terram

188 489 340 525 firmam
371 490 580 532 dispersae
611 493 726 535 sunt,
758 488 853 523 hinc
883 487 1049 523 Africae
1079 484 1392 529 promontorium
1422 490 1603 523 australe
1627 488 1795 534 intrant,
1817 492 1867 523 -et
1886 490 2006 531 juxta

190 546 384 582 t'iambiae
407 545 583 581 fluminis
608 545 713 580 ostia
736 552 854 579 rarae
871 546 1117 589 nascuntur,
1148 543 1265 578 illinc
1283 542 1610 579 oceaniinsulas
1628 548 1920 591 pervagantur,
1954 547 2003 580 ad

189 602 434 645 Pliillipinas
451 605 485 637 et
504 600 845 637 Sandvicensium
861 599 1148 642 archipelagns
1165 603 1447 645 excurrenteS‚
1471 599 1647 636 statione
1663 601 1874 636 littorales.
1913 602 2004 636 Una

186 659 288 701 11110,
322 660 460 693 eadem
486 661 524 692 111
548 659 756 702 asserunt,
789 665 892 699 quae
915 656 957 691 in
975 656 1231 691 lllascarenis
1253 655 1403 690 insulis
1425 655 1600 703 habitat,
1631 656 1866 692 Antillanas
1883 657 2005 693 etiam

187 718 411 756 spontanea
430 713 580 748 incolit.
635 710 823 757 CJspln'cw
837 723 974 747 omnes
992 720 1190 754 vallenses
1208 714 1314 747 sunt.
1368 708 1590 760 Sellierae,
1622 713 1782 756 generis
1799 713 2004 759 littoralis,

187 772 339 812 duplex
369 770 528 812 species
560 768 752 815 innotuit,
783 771 925 804 harum
959 777 1039 804 una
1062 771 1214 804 Novam
1239 768 1499 802 lIollandiam
1531 770 1751 803 australem
1783 771 1822 803 et
1849 770 2006 806 Novam

185 826 451 861 Zeelandiam
473 825 694 872 inhabitat,
726 826 857 861 altera
880 825 922 861 in
946 825 1133 869 opposita
1148 825 1364 861 Americae
1379 832 1469 870 ora,
1501 824 1542 859 in
1560 825 1772 861 Chilenum
1785 824 1919 861 littore
1934 828 2006 862 ob-

182 886 348 919 servata
366 882 455 917 fuit.

328 943 689 998 unalitates
713 952 753 987 et
774 956 942 991 usus.
978 952 1121 987 Pauca
1137 952 1185 986 de
1202 952 1490 987 Scaevolarum
1507 952 1758 993 quarundam
1774 950 2003 989 indicarum

185 1017 264 1045 usu
282 1013 482 1044 constant.
540 1005 773 1042 Scaevolae
795 1005 995 1042 Tac-cada
1012 1010 1139 1043 Roxl).
1164 1006 1321 1049 [Moral
1337 1017 1370 1043 s.
1389 1007 1552 1050 lllokal]
1572 1007 1671 1043 folia
1687 1012 1726 1043 et
1742 1011 1892 1044 baccae
1909 1018 2005 1044 suc-

185 1074 277 1100 cum
307 1066 502 1107 praebent
532 1072 736 1112 amarum,
780 1065 898 1107 cujus
927 1064 1010 1100 vim
1042 1064 1120 1110 „in
1152 1064 1395 1107 detergenda
1425 1066 1631 1099 oculorum
1660 1060 1934 1100 viscositate“
1967 1069 2005 1100 et

186 1121 263 1167 „in
295 1122 474 1156 tollenda
503 1120 726 1164 incipiente
755 1116 995 1157 nubecula“
1037 1129 1062 1156 a
1091 1119 1344 1155 Bouronensi
1377 1120 1605 1155 sacrificulo
1636 1121 1909 1162 praedicatam
1940 1121 2004 1155 in-

184 1177 326 1213 utilem
351 1180 542 1220 expertus
566 1181 627 1213 est
650 1177 892 1220 Rumpliius.
949 1176 1069 1213 Folia
1088 1173 1253 1219 juniora
1276 1176 1380 1210 inter
1395 1178 1506 1211 olera
1522 1177 1794 1212 comeduntur.
1855 1176 2005 1212 cortici

182 1236 223 1269 et
251 1233 363 1277 ligno
390 1234 689 1269 Amboinenses
717 1233 907 1270 virtutem
938 1236 1189 1269 roborantem
1220 1232 1413 1276 tribuere,
1451 1233 1670 1267 medullam
1700 1233 1898 1269 adversus
1928 1232 2004 1269 im-

181 1289 405 1332 potentiam
428 1290 588 1326 viiilem
619 1294 653 1325 01
679 1290 720 1325 in
744 1289 831 1325 alvi
851 1290 961 1326 fluxu
985 1289 1289 1332 administrare,
1321 1289 1497 1324 radicem
1523 1291 1663 1323 contra
1677 1288 1818 1324 noxios
1835 1297 2005 1325 cancro-

180 1336 271 1381 'rum
296 1350 335 1381 et
358 1346 532 1389 piscium
554 1350 844 1382 venenatorum
867 1347 978 1382 cibos
1001 1346 1212 1390 adhibere,
1245 1345 1349 1380 idem
1367 1348 1508 1380 auctor
1523 1348 1597 1380 est.
1657 1346 1839 1383 Medulla
1855 1348 1950 1381 alba
1966 1349 2005 1382 et

182 1401 360 1446 fungosa
384 1403 425 1437 in
450 1402 619 1444 quasvis
644 1402 793 1438 formas
819 1405 856 1438 et
877 1403 1029 1445 figuras
1054 1401 1215 1437 excindi
1241 1404 1278 1436 et
1300 1401 1464 1444 figurari
1482 1403 1629 1448 potest,
1661 1404 1782 1444 atque
1799 1401 2004 1446 pigmenta

183 1457 311 1494 facile
332 1459 517 1505 attrahit,
549 1459 656 1494 unde
673 1458 715 1494 in
733 1456 992 1493 conficiendis
1009 1457 1240 1493 artificiosis
1258 1457 1446 1505 floribus,
1479 1457 1620 1503 1011115,
1652 1457 1851 1504 aviculis,
1883 1458 2002 1494 aliis-

183 1522 259 1557 que
275 1514 315 1550 id
332 1524 461 1558 genus
479 1514 730 1560 crepundiis,
757 1514 904 1556 quibus
921 1514 1052 1550 Malai
1066 1513 1265 1557 imprimis
1282 1515 1554 1560 delectantur,
1579 1513 1778 1557 plurimus
1795 1515 1883 1556 ejus
1901 1522 2015 1550 usus

182 1573 258 1606 est.
315 1571 489 1615 Lignum
507 1571 639 1606 trunci
655 1570 860 1607 inferioris
878 1574 1041 1606 tenaces
1057 1570 1315 1613 navigiorum
1330 1572 1471 1606 clavos
1489 1572 1666 1612 praebet.
1717 1572 1751 1606 E
1769 1567 2000 1605 Scaevolae

182 1623 556 1673 BeIa-Modogccm
580 1629 694 1663 Ro'm.
712 1630 748 1662 et
766 1629 922 1663 Schult.
945 1626 989 1662 in
1011 1626 1245 1663 Malaharia
1268 1626 1489 1662 crescentis
1506 1625 1617 1662 foliis
1634 1629 1889 1670 cataplasma
1906 1637 2003 1662 con-

182 1683 335 1730 ficitur,
367 1686 468 1726 quod
495 1684 717 1720 tumoribus
738 1683 970 1726 impositum
991 1687 1175 1727 potenter
1198 1692 1266 1718 eos
1290 1683 1443 1718 emollit
1467 1686 1503 1718 et
1527 1686 1716 1719 maturat.
1773 1684 1838 1718 Ex
1860 1683 2004 1720 iisdem

182 1739 226 1776 in
241 1748 349 1784 aqua
366 1741 489 1776 coctis
507 1748 702 1784 apozema
717 1743 904 1787 paratur,
936 1740 1042 1782 quod
1059 1739 1218 1775 urinam
1235 1742 1368 1775 movet
1384 1742 1422 1774 et
1436 1743 1645 1776 menstrua
1662 1743 1866 1783 provocat.

325 1810 510 1855 Cyphiae
527 1810 722 1854 digitatae
739 1809 913 1846 radicem
930 1812 1142 1846 bulbosam
1158 1808 1380 1845 Hotentotti
1394 1812 1551 1845 vorant.

603 1959 771 2006 ordo
804 1957 1068 2006 cxxiv.
1131 1956 1579 2007 Lobeliaceae.

320 2074 515 2122 Her-bae
559 2090 742 2121 annuae
789 2091 830 2121 v.
877 2089 1132 2138 perenneS‚
1193 2087 1334 2136 saepe
1380 2074 1788 2130 suffrutescentes,
1838 2073 1999 2138 srarius

168 2142 386 2206 flactz'ces
417 2162 458 2191 v.
492 2145 718 2202 arbores,
758 2145 1028 2208 plerumque
1063 2145 1402 2202 lactescentes3
1433 2142 1583 2206 solitis·
1619 2144 1837 2200 alternis,
1874 2143 2000 2190 radi-

183 2214 360 2261 calibus
392 2232 534 2279 saepe
568 2216 819 2273 confertis,
865 2214 1174 2277 simplicibus,
1220 2215 1418 2276 integris
1448 2231 1491 2262 v.
1525 2214 1757 2260 laciniatis
1789 2222 1866 2260 aut
1897 2215 2000 2278 pin-

181 2287 485 2348 natipartitis,
538 2287 809 2349 plerumque
856 2284 1058 2349 dentatis
1103 2302 1146 2330 v.
1187 2285 1436 2342 serratisf
1461 2285 1613 2331 rarius
1659 2285 1994 2347 integerrimis,

181 2356 491 2419 exstipulatis.
565 2358 737 2404 Flores
781 2355 984 2418 perfecti
1028 2372 1071 2403 v.
1113 2356 1350 2401 rarissime
1390 2353 1557 2401 abortu
1598 2353 1767 2412 dioici,
1813 2355 1996 2417 irregu-

181 2426 305 2472 lares
347 2443 388 2473 ν.
429 2427 667 2474 rarissime
712 2428 980 2489 regulares,
1031 2425 1384 2472 inssorescentia
1428 2425 1612 2471 axillari
1657 2441 1704 2473 v.
1746 2425 1997 2483 terminali,

181 2498 453 2559 saepissime
506 2513 753 2545 racemosa
804 2514 846 2545 v.
894 2498 1096 2559 spicata,
1157 2496 1309 2542 rarius
1357 2495 1640 2559 corymbosa
1682 2512 1728 2543 v.
1777 2495 1996 2559 capitata,

182 2567 413 2613 interdum
452 2568 644 2615 floribus
684 2567 908 2614 solitariis
947 2566 1241 2624 axillaribus,
1288 2565 1535 2630 pedicellis
1567 2565 1650 2612 sub
1682 2566 1866 2612 anthesi
1896 2566 1998 2628 ple-

180 2653 373 2701 rumque
414 2640 571 2696 tortis,
620 2637 753 2685 nudis
791 2655 834 2683 V.
874 2635 1247 2703 bibracteolatis.
1332 2638 1488 2698 θαῖμα)
1531 2635 1643 2683 tubo
1688 2636 1843 2694 vario,
1893 2651 1995 2682 cum

180 2710 389 2771 germine
428 2726 472 2755 v.
506 2726 607 2756 cum
647 2709 872 2772 germinis
909 2708 1011 2754 basi
1052 2717 1279 2765 connato,
1325 2707 1565 2754 rarissime
1605 2722 1745 2770 supra
1784 2705 1995 2769 ejusdem

178 2780 404 2826 verticem
452 2778 668 2826 adnatum
712 2778 968 2843 producto,
1017 2778 1157 2824 limbo
1204 2794 1376 2840 supero
1420 2793 1465 2824 v.
1504 2777 1817 2839 semisuper0‚
1866 2777 1997 2839 quin-

180 2850 394 2912 qucfid0‚'
437 2850 755 2913 subregulari,
802 2866 844 2896 v.
879 2849 1064 2896 laciniis
1104 2846 1281 2894 duabus
1319 2847 1487 2894 anticis
1518 2846 1776 2892 minoribus
1807 2848 1994 2909 irregu-

178 2920 290 2976 lari,
323 2921 607 2982 persistente
640 2937 682 2966 v.
718 2918 936 2966 deciduo.
1007 2919 1205 2965 Corolla
1235 2933 1411 2963 summo
1444 2916 1623 2979 calycis
1654 2916 1768 2962 tubo
1801 2917 1992 2974 inserta,

179 3007 205 3037 e
245 2991 413 3054 petalis
454 2991 654 3053 quinque
695 2989 979 3053 composita,
1026 2988 1264 3034 rarissime
1304 2987 1474 3049 petalis
1515 2986 1726 3033 omnibus
1760 2986 1992 3048 distinctis

179 3069 227 3106 et
264 3060 535 3123 aequalibus
574 3060 831 3122 regularis,
877 3059 1147 3122 plerumque
1187 3056 1352 3103 iisdem
1393 3057 1524 3104 varie
1563 3057 1688 3104 inter
1725 3073 1777 3105 se
1818 3058 1993 3104 cohae—

179 3131 388 3178 rentibus
433 3130 732 3192 irregularis,
793 3144 961 3191 nempe
1008 3144 1128 3174 nunc
1175 3127 1344 3190 petalis
1391 3126 1570 3174 duobus
1615 3129 1784 3175 anticis
1838 3127 1994 3187 (floris

179 3202 532 3264 resupinatione
563 3201 779 3264 posticis)
813 3199 1071 3256 distinctis,
1119 3199 1268 3244 tribus
1300 3206 1454 3245 autem
1492 3198 1688 3261 posticis
1723 3199 1770 3245 in
1807 3199 1994 3245 unicum

179 3273 314 3335 apice
346 3272 563 3318 trilobuni
597 3270 960 3318 cohaerentibus
993 3269 1122 3332 quasi
1152 3268 1645 3332 tripetalo-bilabiata3
1677 3284 1798 3315 nunc
1822 3267 1993 3331 petalis

179 3342 348 3390 aulicis
392 3343 516 3390 inter
560 3358 612 3390 se
659 3341 914 3399 distinctis,
960 3340 1068 3387 hinc
1114 3355 1215 3386 cum
1254 3340 1448 3403 posticis
1488 3339 1852 3386 cohaerentibus
1890 3339 1993 3384 uni-

158 3411 375 3472 mlabiata‚
406 3429 450 3460 v.
475 3413 642 3477 petalis
675 3411 885 3459 omnibus
918 3410 1102 3458 coalitis
1136 3410 1369 3468 tubulosa,
1402 3408 1514 3457 tubo
1546 3409 1734 3472 integro
1767 3425 1807 3455 v.
1833 3409 1990 3454 antice

179 3483 280 3545 plus
312 3484 458 3530 minus
490 3482 720 3547 profunde
753 3483 904 3540 fissos
933 3480 1057 3529 limbi
1090 3481 1273 3529 laciniis
1305 3479 1627 3544 inaequalibus
1656 3496 1701 3529 v.
1732 3477 1993 3542 subaequa-
