2147 3756
952 91 1157 175 *606

224 312 267 353 lb
339 257 563 321 TRIBUS
585 258 621 299 1.
668 258 1022 302 CASTELEAE.
1080 262 1299 300 Antherae
1315 265 1571 305 extrorsae.
1624 263 2008 316 Seminoeinversa,

193 325 219 354 a
274 325 495 355 unnnosa.
1153 334 1155 337 .

961 406 994 441 G
1012 414 1036 441 E
1056 415 1086 441 Ν
1106 414 1129 441 Ε
1148 415 1176 442 R
1194 416 1241 443 A.

303 490 427 525 5956.
460 488 625 525 Castela
646 486 774 534 Tecrp.
1236 493 1359 528 5957.
1389 492 1562 529 Elvasia
1578 489 1672 528 DC.

336 597 559 636 TRIBUS
588 599 651 635 II.
707 597 999 638 OCHNEAE.
1075 594 1293 639 Antheme
1322 594 1571 642 inti-orsae.
1639 600 1809 640 Semina
1838 604 2007 652 erecta,

193 653 555 696 exalbuminosa.

955 745 990 780 G
1008 753 1033 780 Ε
1052 753 1082 781 N
1101 753 1125 781 E
1142 753 1169 780 R
1191 753 1238 781 Α.

305 834 324 867 5
334 832 429 867 958.
459 830 553 865 Gom
561 826 657 870 pilia
674 823 843 862 Schreb.

510 877 733 919 dabotapita
754 877 883 911 Plum.

511 921 562 953 011
571 923 681 951 rate&
693 920 805 952 Aubl.

1342 853 1568 895 Genera
1598 853 1780 894 dubia.

512 962 673 994 corveia
696 961 835 995 penw-
1233 944 1356 979 5960.
1388 945 1591 979 XValkera
1609 940 1781 981 Schreb.

511 1003 735 1038 Philomeda
754 1002 923 1038 Noronh.
1441 999 1589 1032 Moesia
1611 998 1750 1032 Giirtn.

512 1046 831 1090 (littori-hymnus
854 1047 990 1083 Willd.
1080 1073 1082 1075 >
1157 1089 1159 1091 ¹
1230 1057 1356 1093 5951,
1384 1057 1599 1093 Euffleij
1617 1053 1743 1093 ,ηπ-Α,

301 1100 423 1136 5959.
455 1098 595 1134 Oclina
612 1093 779 1134 Sela-eb.
1155 1095 1159 1100 ⁴

508 1145 752 1189 Diporidium
776 1145 928 1181 Wendl.

322 1232 644 1281 Affinitas·
684 1241 936 1287 oclmaceae,
954 1237 1254 1276 simarubaceis
1270 1238 1494 1285 proximae,
1513 1247 1539 1275 a
1553 1236 1844 1282 simplicifoliis
1860 1247 2007 1276 eorun-

186 1301 274 1336 dem
299 1298 515 1342 generibus
539 1296 762 1332 seminibus
780 1297 947 1343 erectis,
980 1307 1018 1332 v.
1037 1299 1253 1339 embryone
1271 1296 1547 1342 albuminoso‚
1581 1295 1777 1342 soliaceo,
1809 1300 1844 1332 et
1862 1299 2005 1331 anthe-

184 1365 318 1393 rarum
338 1354 494 1389 fabrica
510 1352 705 1389 facillime
723 1353 1048 1401 distinguuntur,
1073 1355 1306 1389 charactere
1323 1353 1475 1389 ordinis
1490 1352 1709 1396 principali
1724 1352 1768 1388 in
1784 1352 1883 1396 styli
1899 1352 2007 1388 inter

184 1410 378 1459 germinis
396 1413 508 1446 lobos
524 1409 605 1444 situ
623 1410 766 1453 posito.

327 1473 752 1530 Geographia.
811 1479 979 1525 omnes,
1011 1479 1259 1523 canensibus
1289 1479 1435 1523 paucis
1465 1477 1669 1526 ementis,
1700 1478 1806 1514 inter
1829 1477 2005 1522 tropicos

183 1540 390 1582 habitant,
421 1538 634 1573 Casteleae
658 1538 816 1579 quidem
840 1537 882 1572 in
899 1539 1009 1572 Novo
1033 1540 1147 1582 orbe,
1180 1538 1367 1573 Ochneae
1390 1546 1461 1580 per
1477 1536 1717 1578 tripartitam
1735 1536 1844 1571 orbis
1862 1534 2006 1578 tropici

183 1600 348 1641 plagam
379 1595 550 1630 divisae.
611 1594 831 1637 Gomphiae
860 1593 903 1628 in
932 1593 1059 1640 Asia,
1090 1594 1235 1630 Africa
1266 1597 1304 1628 et
1332 1593 1525 1629 America
1554 1596 1794 1628 observatae
1825 1592 2003 1639 fuerunt,

184 1656 347 1689 Oclinae
376 1652 418 1686 in
442 1651 547 1687 Asia
568 1653 605 1685 et
626 1650 774 1687 Africa
795 1650 993 1687 habitant.
1054 1652 1214 1686 Genera
1243 1650 1386 1697 dubia,
1418 1651 1470 1685 ad
1496 1649 1651 1685 ordinis
1677 1651 1832 1685 calcem
1852 1651 2002 1696 locata,

183 1710 361 1746 asiatica
376 1712 483 1743 sunt.
1246 1738 1249 1745 ,

324 1771 687 1824 &ualitates
712 1779 750 1814 et
772 1782 941 1816 usus.
994 1777 1236 1821 Qualitatem
1255 1778 1560 1813 Oclmacearum
1578 1776 1681 1819 quod
1698 1775 1860 1822 attinet,
1888 1783 2005 1812 ama-

184 1836 296 1873 rities
319 1831 488 1871 istarum
512 1835 854 1870 necessitudinem
875 1845 964 1870 cum
983 1834 1286 1870 Simarubaceis
1304 1834 1462 1876 quidem
1481 1834 1704 1879 confirmat,
1736 1833 1795 1868 ita
1811 1836 1941 1868 tamen
1960 1835 2003 1868 ut

182 1895 406 1929 nonnullae
430 1892 762 1934 praevalentibus
786 1891 1031 1927 substantiis
1054 1900 1162 1927 mere
1185 1891 1535 1934 adstringentibus
1553 1890 1867 1934 distinguantur.
1918 1886 2003 1922 Ca·-

183 1948 334 1984 scelam
358 1946 622 1982 Ne'cleolsom'i
642 1949 769 1983 Hook.
795 1946 1074 1994 [Goatbusb),
1107 1948 1292 1984 fruticem
1318 1948 1360 1982 in
1386 1947 1527 1982 insula
1542 1946 1721 1989 Antigoa
1738 1948 2003 1992 crescentem,

154 2036 156 2039 .
182 2007 384 2051 insignem
400 2005 601 2048 Quassiae
617 2004 927 2040 amaritudinem
946 2005 1144 2040 aemulari
1163 2005 1385 2048 perhibent.
1447 1999 1679 2048 Gompla'ae
1695 1999 2004 2050 megnslffolae'ae

183 2064 304 2098 Vahl.
317 2091 325 2107 ,
344 2061 501 2097 arboris
518 2061 699 2107 indicae,
725 2060 842 2095 radix
859 2061 1277 2106 aromatico-amara,
1296 2066 1334 2096 et
1352 2060 1450 2096 folia
1468 2062 1515 2095 ob
1532 2060 1720 2095 virtutem
1738 2062 2002 2105 roborantem,

181 2119 467 2156 stomachicam
485 2121 523 2152 et
539 2118 835 2152 antiemeticam
855 2120 904 2152 ab
922 2117 1126 2160 indigenis
1143 2118 1397 2154 aditibentur.
1445 2112 1677 2160 Gompmae
1692 2112 2005 2159 hexaspermae

183 2179 239 2212 St.
259 2177 360 2217 Hil.‚
381 2176 625 2210 arbusculae
642 2173 919 2218 masiliensis,
939 2178 1077 2208 cortex
1092 2184 1199 2210 mere
1216 2174 1477 2216 adstringens
1493 2172 1693 2217 creditur,
1719 2171 1761 2206 in
1779 2171 2004 2207 tractandis

177 2234 449 2276 Jumentorum
479 2231 636 2276 plagis,
669 2239 772 2273 quae
801 2239 824 2265 a
853 2230 1008 2265 muscis
1039 2230 1295 2275 infliguntur,
1327 2229 1455 2265 utilis.
1518 2226 1725 2273 Gompln’a
1748 2226 2002 2272 Jobotopz‘ta

182 2291 357 2324 Swarm.
389 2287 431 2322 in
453 2287 625 2323 Antillis
658 2291 695 2322 et
717 2286 897 2321 Brasilia
927 2287 1123 2323 nascitur.
1184 2288 1317 2329 Hujus
1341 2289 1495 2323 baccae
1520 2288 1691 2322 acerbae
1713 2283 2002 2322 Vacciniorum

182 2345 398 2383 utilitatem
416 2347 603 2388 aequant.
664 2343 830 2379 Semina
845 2345 976 2380 oleum
993 2343 1145 2388 pingue
1159 2343 1403 2388 largiuntur.
2038 2348 2041 2352 ’

595 2493 765 2539 ordo
798 2492 1003 2540 CCLI.
1067 2492 1583 2540 Simarubaceae.

320 2596 545 2646 Arbores
593 2612 634 2643 v.
673 2593 910 2659 fi·utz'ccs.
1001 2592 1143 2644 Folia
1196 2590 1403 2654 alterna,
1463 2595 1701 2642 rarissime
1754 2593 1998 2656 simplicia,

180 2669 452 2734 plerumque
486 2668 679 2730 impari·
710 2684 750 2715 v.
777 2667 973 2731 abrupte
1005 2668 1219 2731 pinnata,
1252 2666 1429 2713 foliolis
1462 2667 1688 2729 oppositis
1718 2681 1761 2712 v.
1787 2665 1997 2721 alternis,

181 2739 522 2803 integerrimiS,
585 2739 889 2801 epuuctatiS.¹
951 2739 1197 2801 Stt'pzclae·
1226 2738 1395 2784 nullae.
1482 2738 1655 2784 Flores
1704 2735 1907 2799 perfecti
1951 2750 1997 2781 v.

182 2810 351 2858 abortu
383 2809 670 2872 imperfecti,
710 2809 931 2858 axillarcs
963 2811 1062 2856 sive
1096 2809 1391 2864 terminales,
1423 2807 1471 2853 in
1503 2806 1751 2862 umbellas,
1783 2820 2000 2852 racemos

181 2898 225 2929 v.
257 2881 445 2944 saepius
475 2881 520 2925 in
553 2879 793 2942 paniculas
825 2878 1060 2942 dispositi,
1107 2878 1275 2936 albidi,
1322 2879 1616 2924 virescentes
1655 2885 1734 2921 aut
1773 2891 1998 2938 purpura·-

183 2959 395 3008 scentes‚
455 2948 700 3013 pcdicellis
751 2949 1076 2995 bracteolatis.
1173 2950 1328 3012 Calyx
1373 2946 1995 3010 quadri-quinquepartitus,

182 3023 462 3086 persistens,
507 3019 815 3066 aestivatione
863 3018 1147 3067 imbricatus.
1226 3019 1452 3065 Corollae
1489 3018 1643 3080 petala
1683 3026 1881 3080 quatuor
1908 3021 1998 3063 'aut

171 3095 409 3157 quinque,
457 3090 760 3153 receptaculo
793 3090 993 3145 inserta,
1044 3089 1222 3152 calycis
1254 3088 1437 3134 laciniis
1469 3088 1651 3134 alterna
1684 3097 1732 3134 et
1763 3087 1994 3150 longiora,

184 3163 491 3210 aestivatione
524 3161 774 3207 contortim
806 3160 1075 3217 imbricata,
1118 3159 1201 3205 sub
1234 3159 1415 3205 antbcsi
1448 3161 1656 3223 patentia
1686 3174 1728 3206 v.
1761 3159 1805 3203 in
1838 3157 1995 3204 tubum

185 3233 504 3289 conniventia,
562 3230 775 3279 decidua.
855 3232 1075 3277 Stamina
1123 3229 1427 3292 receptaculo
1472 3231 1672 3286 inserta,
1727 3227 1866 3291 duplo
1911 3243 1994 3290 pe-

184 3305 379 3349 talorum
412 3318 629 3363 numero,
675 3302 839 3349 iisdem
873 3301 1092 3349 breviora
1122 3317 1165 3347 v.
1200 3301 1432 3363 longiora.
1507 3301 1780 3347 Fe'lamenla
1811 3297 1995 3360 singula

186 3373 324 3420 dorso
374 3374 640 3435 squamulae
685 3374 884 3429 inserta,
934 3371 1185 3419 filiformia.
1263 3372 1520 3419 Antherae
1568 3372 1826 3426 introrsae,
1873 3368 1994 3413 bilo-

187 3444 392 3501 culareS,
441 3442 579 3490 dorso
612 3459 749 3507 supra
781 3443 928 3490 basim
961 3443 1190 3500 insertae,
1239 3440 1644 3505 longitudinalitcr
1675 3438 1992 3487 dehiscentes.
