<?xml version="1.0" encoding="UTF-8"?>
<!DOCTYPE html PUBLIC "-//W3C//DTD XHTML 1.0 Transitional//EN"
    "http://www.w3.org/TR/xhtml1/DTD/xhtml1-transitional.dtd">
<html xmlns="http://www.w3.org/1999/xhtml" xml:lang="en" lang="en">
 <head>
  <title>
</title>
<meta http-equiv="Content-Type" content="text/html;charset=utf-8" />
  <meta name='ocr-system' content='tesseract 3.04.00' />
  <meta name='ocr-capabilities' content='ocr_page ocr_carea ocr_par ocr_line ocrx_word'/>
</head>
<body>
  <div class='ocr_page' id='page_1' title='image "./enchiridionbotan00endl/enchiridionbotan00endl_0681.png"; bbox 0 0 2147 3756; ppageno 0'>
   <div class='ocr_carea' id='block_1_1' title="bbox 925 159 1042 209">
    <p class='ocr_par' dir='ltr' id='par_1_1' title="bbox 925 159 1042 209">
     <span class='ocr_line' id='line_1_1' title="bbox 925 159 1042 209; baseline -0.017 0"><span class='ocrx_word' id='word_1_1' title='bbox 925 159 1042 209; x_wconf 72' lang='lat'>6135</span> 
     </span>
    </p>
   </div>
   <div class='ocr_carea' id='block_1_2' title="bbox 65 330 1890 469">
    <p class='ocr_par' dir='ltr' id='par_1_2' title="bbox 65 330 1890 469">
     <span class='ocr_line' id='line_1_2' title="bbox 70 330 1890 397; baseline -0.002 -15"><span class='ocrx_word' id='word_1_2' title='bbox 70 348 337 389; x_wconf 82' lang='lat' dir='ltr'>convexae,</span> <span class='ocrx_word' id='word_1_3' title='bbox 388 334 728 396; x_wconf 77' lang='lat' dir='ltr'><strong>germinatione</strong></span> <span class='ocrx_word' id='word_1_4' title='bbox 773 331 1038 391; x_wconf 81' lang='lat' dir='ltr'>foliaceae3</span> <span class='ocrx_word' id='word_1_5' title='bbox 1085 331 1312 378; x_wconf 76' lang='lat' dir='ltr'>radicula</span> <span class='ocrx_word' id='word_1_6' title='bbox 1356 330 1656 389; x_wconf 75' lang='lat' dir='ltr'>brevissima,</span> <span class='ocrx_word' id='word_1_7' title='bbox 1704 348 1890 397; x_wconf 67' lang='lat' dir='ltr'>supera,</span> 
     </span>
     <span class='ocr_line' id='line_1_3' title="bbox 65 405 576 469; baseline 0.004 -18"><span class='ocrx_word' id='word_1_8' title='bbox 65 405 283 469; x_wconf 75' lang='lat' dir='ltr'>plantula</span> <span class='ocrx_word' id='word_1_9' title='bbox 316 405 576 453; x_wconf 82' lang='lat' dir='ltr'>manifesta.</span> 
     </span>
    </p>
   </div>
   <div class='ocr_carea' id='block_1_3' title="bbox 183 522 1586 649">
    <p class='ocr_par' dir='ltr' id='par_1_3' title="bbox 183 522 1586 649">
     <span class='ocr_line' id='line_1_4' title="bbox 846 522 1126 557; baseline -0.004 0"><span class='ocrx_word' id='word_1_10' title='bbox 846 522 878 557; x_wconf 85' lang='lat' dir='ltr'><strong>G</strong></span> <span class='ocrx_word' id='word_1_11' title='bbox 897 529 922 555; x_wconf 75' lang='lat' dir='ltr'>B</span> <span class='ocrx_word' id='word_1_12' title='bbox 941 528 970 555; x_wconf 77' lang='lat' dir='ltr'>N</span> <span class='ocrx_word' id='word_1_13' title='bbox 991 528 1015 555; x_wconf 74' lang='grc' dir='ltr'><strong>Ε</strong></span> <span class='ocrx_word' id='word_1_14' title='bbox 1033 529 1061 555; x_wconf 69' lang='grc' dir='ltr'>ιι</span> <span class='ocrx_word' id='word_1_15' title='bbox 1078 528 1126 556; x_wconf 76' lang='lat' dir='ltr'>A.</span> 
     </span>
     <span class='ocr_line' id='line_1_5' title="bbox 183 585 1586 649; baseline -0.003 -7"><span class='ocrx_word' id='word_1_16' title='bbox 183 607 307 642; x_wconf 80' lang='lat'><strong>0404.</strong></span> <span class='ocrx_word' id='word_1_17' title='bbox 338 607 519 649; x_wconf 75' lang='lat' dir='ltr'>Pygeum</span> <span class='ocrx_word' id='word_1_18' title='bbox 540 601 696 639; x_wconf 73' lang='lat' dir='ltr'>Ga&#39;rln.</span> <span class='ocrx_word' id='word_1_19' title='bbox 1119 605 1244 641; x_wconf 68' lang='lat'><strong>6406.</strong></span> <span class='ocrx_word' id='word_1_20' title='bbox 1277 604 1442 641; x_wconf 79' lang='lat' dir='ltr'>Prunus</span> <span class='ocrx_word' id='word_1_21' title='bbox 1462 585 1586 643; x_wconf 69' lang='lat' dir='ltr'>Le&#39;an.</span> 
     </span>
    </p>
   </div>
   <div class='ocr_carea' id='block_1_4' title="bbox 180 649 1781 967">
    <p class='ocr_par' dir='ltr' id='par_1_4' title="bbox 180 649 1781 967">
     <span class='ocr_line' id='line_1_6' title="bbox 392 649 1682 696; baseline -0.003 -9"><span class='ocrx_word' id='word_1_22' title='bbox 392 653 625 695; x_wconf 67' lang='lat' dir='ltr'>Polydontia</span> <span class='ocrx_word' id='word_1_23' title='bbox 643 654 771 687; x_wconf 78' lang='lat' dir='ltr'>Blum.</span> <span class='ocrx_word' id='word_1_24' title='bbox 1176 666 1213 686; x_wconf 88' lang='lat' dir='ltr'>a.</span> <span class='ocrx_word' id='word_1_25' title='bbox 1242 653 1470 686; x_wconf 71' lang='lat' dir='ltr'>Armeniaca</span> <span class='ocrx_word' id='word_1_26' title='bbox 1491 649 1682 696; x_wconf 64' lang='lat' dir='ltr'>Tum-nef.</span> 
     </span>
     <span class='ocr_line' id='line_1_7' title="bbox 392 696 1617 746; baseline 0.005 -18"><span class='ocrx_word' id='word_1_27' title='bbox 392 696 660 737; x_wconf 78' lang='lat' dir='ltr'>I&#39;oiystortliia</span> <span class='ocrx_word' id='word_1_28' title='bbox 679 697 807 731; x_wconf 80' lang='lat' dir='ltr'>Blum.</span> <span class='ocrx_word' id='word_1_29' title='bbox 1176 703 1210 737; x_wconf 83' lang='lat' dir='ltr'>b.</span> <span class='ocrx_word' id='word_1_30' title='bbox 1235 701 1486 746; x_wconf 80' lang='lat' dir='ltr'>Prunophora</span> <span class='ocrx_word' id='word_1_31' title='bbox 1503 700 1617 735; x_wconf 70' lang='lat' dir='ltr'>Neck.</span> 
     </span>
     <span class='ocr_line' id='line_1_8' title="bbox 180 739 1696 790; baseline -0.005 -7"><span class='ocrx_word' id='word_1_32' title='bbox 180 749 304 783; x_wconf 74' lang='grc'><strong>6405.</strong></span> <span class='ocrx_word' id='word_1_33' title='bbox 335 748 591 790; x_wconf 73' lang='lat' dir='ltr'>Amygdalus</span> <span class='ocrx_word' id='word_1_34' title='bbox 612 745 733 782; x_wconf 74' lang='lat' dir='ltr'>Le‘lm.</span> <span class='ocrx_word' id='word_1_35' title='bbox 1333 747 1483 778; x_wconf 79' lang='lat' dir='ltr'>l&#39;runus</span> <span class='ocrx_word' id='word_1_36' title='bbox 1506 739 1696 786; x_wconf 77' lang='lat' dir='ltr'>Toaruef.</span> 
     </span>
     <span class='ocr_line' id='line_1_9' title="bbox 237 794 1526 838; baseline -0.001 -9"><span class='ocrx_word' id='word_1_37' title='bbox 237 809 275 830; x_wconf 82' lang='lat' dir='ltr'>a.</span> <span class='ocrx_word' id='word_1_38' title='bbox 301 795 633 838; x_wconf 67' lang='lat' dir='ltr'>Amygdalnptmra</span> <span class='ocrx_word' id='word_1_39' title='bbox 650 794 763 829; x_wconf 70' lang='lat' dir='ltr'>Neclc.</span> <span class='ocrx_word' id='word_1_40' title='bbox 1176 806 1208 830; x_wconf 82' lang='lat' dir='ltr'>c.</span> <span class='ocrx_word' id='word_1_41' title='bbox 1236 796 1402 829; x_wconf 81' lang='lat' dir='ltr'>Cerasus</span> <span class='ocrx_word' id='word_1_42' title='bbox 1420 794 1526 828; x_wconf 71' lang='lat' dir='ltr'>Juss.</span> 
     </span>
     <span class='ocr_line' id='line_1_10' title="bbox 394 835 1707 884; baseline -0.001 -13"><span class='ocrx_word' id='word_1_43' title='bbox 394 837 628 880; x_wconf 73' lang='lat' dir='ltr'>Ainygdalus</span> <span class='ocrx_word' id='word_1_44' title='bbox 651 838 841 884; x_wconf 78' lang='lat' dir='ltr'>Tournef.</span> <span class='ocrx_word' id='word_1_45' title='bbox 1044 867 1049 871; x_wconf 91' lang='lat'>.</span> <span class='ocrx_word' id='word_1_46' title='bbox 1082 870 1085 872; x_wconf 80' lang='grc'>,</span> <span class='ocrx_word' id='word_1_47' title='bbox 1218 851 1260 876; x_wconf 81' lang='grc' dir='ltr'>α.</span> <span class='ocrx_word' id='word_1_48' title='bbox 1289 837 1555 880; x_wconf 66' lang='lat' dir='ltr'>Cerasophnra</span> <span class='ocrx_word' id='word_1_49' title='bbox 1570 835 1707 877; x_wconf 51' lang='lat' dir='ltr'>Neck„</span> 
     </span>
     <span class='ocr_line' id='line_1_11' title="bbox 237 880 1545 925; baseline -0.002 -10"><span class='ocrx_word' id='word_1_50' title='bbox 237 881 271 915; x_wconf 83' lang='lat' dir='ltr'>b.</span> <span class='ocrx_word' id='word_1_51' title='bbox 297 880 457 915; x_wconf 82' lang='lat' dir='ltr'>Persica</span> <span class='ocrx_word' id='word_1_52' title='bbox 479 880 668 925; x_wconf 77' lang='lat' dir='ltr'>Tournef.</span> <span class='ocrx_word' id='word_1_53' title='bbox 1221 884 1262 921; x_wconf 70' lang='grc' dir='ltr'>Β.</span> <span class='ocrx_word' id='word_1_54' title='bbox 1288 881 1414 914; x_wconf 82' lang='lat' dir='ltr'>Padus</span> <span class='ocrx_word' id='word_1_55' title='bbox 1431 880 1545 914; x_wconf 62' lang='lat' dir='ltr'>Jz‘ndl.</span> 
     </span>
     <span class='ocr_line' id='line_1_12' title="bbox 394 919 1781 967; baseline -0.002 -10"><span class='ocrx_word' id='word_1_56' title='bbox 394 924 683 967; x_wconf 78' lang='lat' dir='ltr'>Trichocarpus</span> <span class='ocrx_word' id='word_1_57' title='bbox 701 920 816 956; x_wconf 70' lang='lat' dir='ltr'>Necte.</span> <span class='ocrx_word' id='word_1_58' title='bbox 1216 929 1255 965; x_wconf 72' lang='grc' dir='ltr'>γ.</span> <span class='ocrx_word' id='word_1_59' title='bbox 1282 924 1569 957; x_wconf 81' lang='lat' dir='ltr'>Laurocerasus</span> <span class='ocrx_word' id='word_1_60' title='bbox 1591 919 1781 967; x_wconf 80' lang='lat' dir='ltr'>Tournef.</span> 
     </span>
    </p>
   </div>
   <div class='ocr_carea' id='block_1_5' title="bbox 62 1008 1902 1349">
    <p class='ocr_par' dir='ltr' id='par_1_5' title="bbox 62 1008 1902 1349">
     <span class='ocr_line' id='line_1_13' title="bbox 204 1008 1900 1064; baseline -0.001 -10"><span class='ocrx_word' id='word_1_61' title='bbox 204 1008 528 1054; x_wconf 68' lang='lat' dir='ltr'>Affinitas·</span> <span class='ocrx_word' id='word_1_62' title='bbox 588 1017 693 1052; x_wconf 86' lang='lat' dir='ltr'>Ordo</span> <span class='ocrx_word' id='word_1_63' title='bbox 724 1015 882 1052; x_wconf 84' lang='lat' dir='ltr'>fructus</span> <span class='ocrx_word' id='word_1_64' title='bbox 912 1014 1069 1064; x_wconf 87' lang='lat' dir='ltr'>indole,</span> <span class='ocrx_word' id='word_1_65' title='bbox 1101 1015 1207 1053; x_wconf 85' lang='lat' dir='ltr'>acidi</span> <span class='ocrx_word' id='word_1_66' title='bbox 1238 1015 1533 1060; x_wconf 72' lang='lat' dir='ltr'>liydrocyanici</span> <span class='ocrx_word' id='word_1_67' title='bbox 1563 1016 1606 1053; x_wconf 90' lang='lat' dir='ltr'>in</span> <span class='ocrx_word' id='word_1_68' title='bbox 1637 1015 1751 1052; x_wconf 82' lang='lat' dir='ltr'>foliis</span> <span class='ocrx_word' id='word_1_69' title='bbox 1781 1024 1900 1059; x_wconf 84' lang='lat' dir='ltr'>prae-</span> 
     </span>
     <span class='ocr_line' id='line_1_14' title="bbox 64 1072 1902 1123; baseline 0 -13"><span class='ocrx_word' id='word_1_70' title='bbox 64 1072 219 1119; x_wconf 78' lang='lat' dir='ltr'>sentia,</span> <span class='ocrx_word' id='word_1_71' title='bbox 252 1078 290 1109; x_wconf 84' lang='lat' dir='ltr'>et</span> <span class='ocrx_word' id='word_1_72' title='bbox 320 1074 502 1117; x_wconf 85' lang='lat' dir='ltr'>ejusdem</span> <span class='ocrx_word' id='word_1_73' title='bbox 523 1073 567 1109; x_wconf 89' lang='lat' dir='ltr'>in</span> <span class='ocrx_word' id='word_1_74' title='bbox 590 1073 860 1123; x_wconf 87' lang='lat' dir='ltr'>plurimarum</span> <span class='ocrx_word' id='word_1_75' title='bbox 883 1073 1114 1117; x_wconf 80' lang='lat' dir='ltr'>specierum</span> <span class='ocrx_word' id='word_1_76' title='bbox 1142 1073 1342 1111; x_wconf 85' lang='lat' dir='ltr'>fructibus</span> <span class='ocrx_word' id='word_1_77' title='bbox 1367 1075 1484 1116; x_wconf 87' lang='lat' dir='ltr'>copia</span> <span class='ocrx_word' id='word_1_78' title='bbox 1501 1076 1550 1110; x_wconf 79' lang='lat' dir='ltr'>ab</span> <span class='ocrx_word' id='word_1_79' title='bbox 1570 1072 1902 1110; x_wconf 80' lang='lat' dir='ltr'>affinibus.fa‹:il-.</span> 
     </span>
     <span class='ocr_line' id='line_1_15' title="bbox 62 1129 1901 1178; baseline -0.001 -12"><span class='ocrx_word' id='word_1_80' title='bbox 62 1132 160 1167; x_wconf 91' lang='lat' dir='ltr'>lime</span> <span class='ocrx_word' id='word_1_81' title='bbox 183 1130 521 1178; x_wconf 84' lang='lat' dir='ltr'>distinguendus,</span> <span class='ocrx_word' id='word_1_82' title='bbox 553 1130 798 1173; x_wconf 89' lang='lat' dir='ltr'>quibusdam</span> <span class='ocrx_word' id='word_1_83' title='bbox 822 1130 1151 1167; x_wconf 85' lang='lat' dir='ltr'>fructificationis</span> <span class='ocrx_word' id='word_1_84' title='bbox 1179 1131 1287 1167; x_wconf 88' lang='lat' dir='ltr'>notis</span> <span class='ocrx_word' id='word_1_85' title='bbox 1311 1135 1349 1167; x_wconf 89' lang='lat' dir='ltr'>et</span> <span class='ocrx_word' id='word_1_86' title='bbox 1366 1130 1521 1166; x_wconf 89' lang='lat' dir='ltr'>truncis</span> <span class='ocrx_word' id='word_1_87' title='bbox 1538 1129 1761 1168; x_wconf 89' lang='lat' dir='ltr'>resiuifluis</span> <span class='ocrx_word' id='word_1_88' title='bbox 1778 1131 1901 1165; x_wconf 78' lang='lat' dir='ltr'>&#39;Pere-</span> 
     </span>
     <span class='ocr_line' id='line_1_16' title="bbox 64 1186 1900 1229; baseline -0.001 -5"><span class='ocrx_word' id='word_1_89' title='bbox 64 1187 308 1224; x_wconf 81' lang='lat' dir='ltr'>bintbaceas</span> <span class='ocrx_word' id='word_1_90' title='bbox 339 1187 624 1223; x_wconf 85' lang='lat' dir='ltr'>Anacardieas</span> <span class='ocrx_word' id='word_1_91' title='bbox 655 1187 697 1223; x_wconf 91' lang='lat' dir='ltr'>in</span> <span class='ocrx_word' id='word_1_92' title='bbox 727 1187 964 1224; x_wconf 81' lang='lat' dir='ltr'>memoriam</span> <span class='ocrx_word' id='word_1_93' title='bbox 993 1191 1171 1225; x_wconf 84' lang='lat' dir='ltr'>revocat.</span> <span class='ocrx_word' id='word_1_94' title='bbox 1231 1188 1426 1224; x_wconf 89' lang='lat' dir='ltr'>Proxima</span> <span class='ocrx_word' id='word_1_95' title='bbox 1457 1191 1592 1229; x_wconf 85' lang='lat' dir='ltr'>autem</span> <span class='ocrx_word' id='word_1_96' title='bbox 1623 1186 1688 1222; x_wconf 90' lang='lat' dir='ltr'>illi</span> <span class='ocrx_word' id='word_1_97' title='bbox 1717 1189 1779 1222; x_wconf 84' lang='lat' dir='ltr'>est</span> <span class='ocrx_word' id='word_1_98' title='bbox 1808 1195 1900 1222; x_wconf 89' lang='lat' dir='ltr'>cum</span> 
     </span>
     <span class='ocr_line' id='line_1_17' title="bbox 63 1243 1899 1291; baseline -0.001 -10"><span class='ocrx_word' id='word_1_99' title='bbox 63 1244 412 1287; x_wconf 78' lang='lat' dir='ltr'>Chrysobalaneis</span> <span class='ocrx_word' id='word_1_100' title='bbox 444 1244 725 1290; x_wconf 81' lang='lat' dir='ltr'>necessitudo,</span> <span class='ocrx_word' id='word_1_101' title='bbox 759 1253 783 1280; x_wconf 87' lang='lat' dir='ltr'>a</span> <span class='ocrx_word' id='word_1_102' title='bbox 807 1245 976 1291; x_wconf 87' lang='lat' dir='ltr'>quibus,</span> <span class='ocrx_word' id='word_1_103' title='bbox 1007 1244 1138 1280; x_wconf 86' lang='lat' dir='ltr'>missa</span> <span class='ocrx_word' id='word_1_104' title='bbox 1162 1245 1382 1290; x_wconf 73' lang='lat' dir='ltr'>qualitate,</span> <span class='ocrx_word' id='word_1_105' title='bbox 1414 1244 1578 1288; x_wconf 85' lang='lat' dir='ltr'>petiolis</span> <span class='ocrx_word' id='word_1_106' title='bbox 1601 1243 1899 1290; x_wconf 83' lang='lat' dir='ltr'>eglandulosis,</span> 
     </span>
     <span class='ocr_line' id='line_1_18' title="bbox 63 1301 1626 1349; baseline -0.001 -11"><span class='ocrx_word' id='word_1_107' title='bbox 63 1302 159 1338; x_wconf 83' lang='lat' dir='ltr'>flore</span> <span class='ocrx_word' id='word_1_108' title='bbox 174 1301 377 1349; x_wconf 85' lang='lat' dir='ltr'>regulari,</span> <span class='ocrx_word' id='word_1_109' title='bbox 408 1303 517 1344; x_wconf 81' lang='lat' dir='ltr'>stylo</span> <span class='ocrx_word' id='word_1_110' title='bbox 535 1310 742 1344; x_wconf 88' lang='lat' dir='ltr'>nunquam</span> <span class='ocrx_word' id='word_1_111' title='bbox 758 1301 931 1337; x_wconf 87' lang='lat' dir='ltr'>basilari</span> <span class='ocrx_word' id='word_1_112' title='bbox 949 1305 988 1337; x_wconf 89' lang='lat' dir='ltr'>et</span> <span class='ocrx_word' id='word_1_113' title='bbox 1004 1301 1161 1338; x_wconf 90' lang='lat' dir='ltr'>semine</span> <span class='ocrx_word' id='word_1_114' title='bbox 1177 1302 1342 1338; x_wconf 86' lang='lat' dir='ltr'>inverso</span> <span class='ocrx_word' id='word_1_115' title='bbox 1360 1301 1626 1346; x_wconf 85' lang='lat' dir='ltr'>dignoscitur.</span> 
     </span>
    </p>
   </div>
   <div class='ocr_carea' id='block_1_6' title="bbox 62 1365 1902 1591">
    <p class='ocr_par' dir='ltr' id='par_1_6' title="bbox 62 1365 1902 1591">
     <span class='ocr_line' id='line_1_19' title="bbox 206 1365 1902 1422; baseline -0.003 -11"><span class='ocrx_word' id='word_1_116' title='bbox 206 1365 635 1422; x_wconf 73' lang='lat' dir='ltr'>Geographia.</span> <span class='ocrx_word' id='word_1_117' title='bbox 702 1373 1005 1418; x_wconf 76' lang='lat' dir='ltr'>Amygdaleae,</span> <span class='ocrx_word' id='word_1_118' title='bbox 1047 1381 1219 1416; x_wconf 89' lang='lat' dir='ltr'>quarum</span> <span class='ocrx_word' id='word_1_119' title='bbox 1249 1375 1387 1416; x_wconf 89' lang='lat' dir='ltr'>plures</span> <span class='ocrx_word' id='word_1_120' title='bbox 1421 1375 1468 1408; x_wconf 88' lang='lat' dir='ltr'>ob</span> <span class='ocrx_word' id='word_1_121' title='bbox 1502 1371 1705 1408; x_wconf 86' lang='lat' dir='ltr'>fructuum</span> <span class='ocrx_word' id='word_1_122' title='bbox 1735 1379 1902 1407; x_wconf 88' lang='lat' dir='ltr'>carnem</span> 
     </span>
     <span class='ocr_line' id='line_1_20' title="bbox 62 1427 1899 1474; baseline -0.002 -7"><span class='ocrx_word' id='word_1_123' title='bbox 62 1427 253 1473; x_wconf 78' lang='lat' dir='ltr'>sapidam</span> <span class='ocrx_word' id='word_1_124' title='bbox 285 1434 323 1464; x_wconf 87' lang='lat' dir='ltr'>et</span> <span class='ocrx_word' id='word_1_125' title='bbox 354 1430 514 1465; x_wconf 85' lang='lat' dir='ltr'>semina</span> <span class='ocrx_word' id='word_1_126' title='bbox 543 1432 684 1465; x_wconf 87' lang='lat' dir='ltr'>oleosa</span> <span class='ocrx_word' id='word_1_127' title='bbox 717 1432 766 1465; x_wconf 87' lang='lat' dir='ltr'>ab</span> <span class='ocrx_word' id='word_1_128' title='bbox 799 1430 1101 1473; x_wconf 75' lang='lat' dir='ltr'>antiquissimis</span> <span class='ocrx_word' id='word_1_129' title='bbox 1128 1430 1376 1474; x_wconf 80' lang='lat' dir='ltr'>temporibus</span> <span class='ocrx_word' id='word_1_130' title='bbox 1400 1429 1442 1465; x_wconf 92' lang='lat' dir='ltr'>in</span> <span class='ocrx_word' id='word_1_131' title='bbox 1465 1429 1672 1466; x_wconf 87' lang='lat' dir='ltr'>hominum</span> <span class='ocrx_word' id='word_1_132' title='bbox 1698 1428 1899 1464; x_wconf 89' lang='lat' dir='ltr'>consortio</span> 
     </span>
     <span class='ocr_line' id='line_1_21' title="bbox 66 1486 1900 1532; baseline -0.001 -10"><span class='ocrx_word' id='word_1_133' title='bbox 66 1490 182 1532; x_wconf 85' lang='lat' dir='ltr'>sunt,</span> <span class='ocrx_word' id='word_1_134' title='bbox 215 1486 256 1521; x_wconf 91' lang='lat' dir='ltr'>in</span> <span class='ocrx_word' id='word_1_135' title='bbox 275 1486 510 1528; x_wconf 79' lang='lat' dir='ltr'>temperatis</span> <span class='ocrx_word' id='word_1_136' title='bbox 527 1486 839 1529; x_wconf 81' lang='lat' dir='ltr'>llelnisphaerae</span> <span class='ocrx_word' id='word_1_137' title='bbox 858 1487 1033 1523; x_wconf 88' lang='lat' dir='ltr'>borealis</span> <span class='ocrx_word' id='word_1_138' title='bbox 1048 1487 1226 1523; x_wconf 88' lang='lat' dir='ltr'>maximo</span> <span class='ocrx_word' id='word_1_139' title='bbox 1242 1496 1409 1523; x_wconf 89' lang='lat' dir='ltr'>numero</span> <span class='ocrx_word' id='word_1_140' title='bbox 1426 1490 1687 1530; x_wconf 84' lang='lat' dir='ltr'>generantur.</span> <span class='ocrx_word' id='word_1_141' title='bbox 1735 1486 1900 1521; x_wconf 80' lang='lat' dir='ltr'>Paucae</span> 
     </span>
     <span class='ocr_line' id='line_1_22' title="bbox 65 1542 1596 1591; baseline -0.001 -12"><span class='ocrx_word' id='word_1_142' title='bbox 65 1542 108 1579; x_wconf 90' lang='lat' dir='ltr'>in</span> <span class='ocrx_word' id='word_1_143' title='bbox 124 1543 231 1580; x_wconf 88' lang='lat' dir='ltr'>Asia</span> <span class='ocrx_word' id='word_1_144' title='bbox 247 1546 284 1578; x_wconf 90' lang='lat' dir='ltr'>et</span> <span class='ocrx_word' id='word_1_145' title='bbox 301 1543 495 1578; x_wconf 87' lang='lat' dir='ltr'>America</span> <span class='ocrx_word' id='word_1_146' title='bbox 513 1543 666 1585; x_wconf 88' lang='lat' dir='ltr'>tropica</span> <span class='ocrx_word' id='word_1_147' title='bbox 682 1544 890 1591; x_wconf 84' lang='lat' dir='ltr'>habitant,</span> <span class='ocrx_word' id='word_1_148' title='bbox 925 1548 1038 1580; x_wconf 91' lang='lat' dir='ltr'>trans</span> <span class='ocrx_word' id='word_1_149' title='bbox 1055 1544 1339 1588; x_wconf 81' lang='lat' dir='ltr'>capricornum</span> <span class='ocrx_word' id='word_1_150' title='bbox 1357 1546 1474 1583; x_wconf 88' lang='lat' dir='ltr'>nulla</span> <span class='ocrx_word' id='word_1_151' title='bbox 1489 1543 1596 1579; x_wconf 79' lang='lat' dir='ltr'>visa.</span> 
     </span>
    </p>
   </div>
   <div class='ocr_carea' id='block_1_7' title="bbox 57 1606 1907 3599">
    <p class='ocr_par' dir='ltr' id='par_1_7' title="bbox 57 1606 1907 3599">
     <span class='ocr_line' id='line_1_23' title="bbox 206 1606 1900 1663; baseline -0.001 -13"><span class='ocrx_word' id='word_1_152' title='bbox 206 1606 574 1659; x_wconf 64' lang='lat' dir='ltr'>Qualitates</span> <span class='ocrx_word' id='word_1_153' title='bbox 597 1617 637 1650; x_wconf 85' lang='lat' dir='ltr'>et</span> <span class='ocrx_word' id='word_1_154' title='bbox 659 1619 828 1652; x_wconf 80' lang='lat' dir='ltr'>usus.</span> <span class='ocrx_word' id='word_1_155' title='bbox 889 1615 1058 1651; x_wconf 88' lang='lat' dir='ltr'>Praeter</span> <span class='ocrx_word' id='word_1_156' title='bbox 1073 1614 1352 1663; x_wconf 89' lang='lat' dir='ltr'>substantias,</span> <span class='ocrx_word' id='word_1_157' title='bbox 1385 1622 1487 1658; x_wconf 89' lang='lat' dir='ltr'>quas</span> <span class='ocrx_word' id='word_1_158' title='bbox 1504 1614 1790 1657; x_wconf 77' lang='lat' dir='ltr'>Amygdaleae</span> <span class='ocrx_word' id='word_1_159' title='bbox 1808 1622 1900 1649; x_wconf 87' lang='lat' dir='ltr'>cum</span> 
     </span>
     <span class='ocr_line' id='line_1_24' title="bbox 63 1669 1900 1719; baseline -0.002 -12"><span class='ocrx_word' id='word_1_160' title='bbox 63 1669 256 1708; x_wconf 79' lang='lat' dir='ltr'>affinibus</span> <span class='ocrx_word' id='word_1_161' title='bbox 280 1673 513 1713; x_wconf 84' lang='lat' dir='ltr'>plantarum</span> <span class='ocrx_word' id='word_1_162' title='bbox 536 1672 748 1707; x_wconf 77' lang='lat' dir='ltr'>ordinibus</span> <span class='ocrx_word' id='word_1_163' title='bbox 773 1681 1007 1708; x_wconf 89' lang='lat' dir='ltr'>communes</span> <span class='ocrx_word' id='word_1_164' title='bbox 1030 1674 1200 1719; x_wconf 88' lang='lat' dir='ltr'>habent,</span> <span class='ocrx_word' id='word_1_165' title='bbox 1233 1676 1272 1708; x_wconf 89' lang='lat' dir='ltr'>et</span> <span class='ocrx_word' id='word_1_166' title='bbox 1296 1681 1318 1707; x_wconf 88' lang='lat' dir='ltr'>e</span> <span class='ocrx_word' id='word_1_167' title='bbox 1342 1680 1510 1714; x_wconf 89' lang='lat' dir='ltr'>quarum</span> <span class='ocrx_word' id='word_1_168' title='bbox 1529 1680 1695 1706; x_wconf 88' lang='lat' dir='ltr'>numero</span> <span class='ocrx_word' id='word_1_169' title='bbox 1712 1671 1900 1716; x_wconf 85' lang='lat' dir='ltr'>tannina,</span> 
     </span>
     <span class='ocr_line' id='line_1_25' title="bbox 65 1722 1902 1774; baseline -0.001 -10"><span class='ocrx_word' id='word_1_170' title='bbox 65 1728 224 1774; x_wconf 85' lang='lat' dir='ltr'>resina,</span> <span class='ocrx_word' id='word_1_171' title='bbox 258 1728 430 1774; x_wconf 90' lang='lat' dir='ltr'>gummi,</span> <span class='ocrx_word' id='word_1_172' title='bbox 463 1731 705 1764; x_wconf 85' lang='lat' dir='ltr'>saccharum</span> <span class='ocrx_word' id='word_1_173' title='bbox 723 1733 762 1765; x_wconf 87' lang='lat' dir='ltr'>et</span> <span class='ocrx_word' id='word_1_174' title='bbox 778 1732 911 1764; x_wconf 88' lang='lat' dir='ltr'>oleum</span> <span class='ocrx_word' id='word_1_175' title='bbox 928 1729 1080 1773; x_wconf 84' lang='lat' dir='ltr'>pingue</span> <span class='ocrx_word' id='word_1_176' title='bbox 1096 1733 1191 1765; x_wconf 86' lang='lat' dir='ltr'>sunt</span> <span class='ocrx_word' id='word_1_177' title='bbox 1203 1755 1213 1774; x_wconf 88' lang='lat'>,</span> <span class='ocrx_word' id='word_1_178' title='bbox 1244 1722 1469 1772; x_wconf 73' lang='lat' dir='ltr'>peculiaris</span> <span class='ocrx_word' id='word_1_179' title='bbox 1485 1728 1528 1763; x_wconf 91' lang='lat' dir='ltr'>in</span> <span class='ocrx_word' id='word_1_180' title='bbox 1544 1728 1608 1764; x_wconf 83' lang='lat' dir='ltr'>liis</span> <span class='ocrx_word' id='word_1_181' title='bbox 1625 1727 1733 1764; x_wconf 80' lang='lat' dir='ltr'>acidi</span> <span class='ocrx_word' id='word_1_182' title='bbox 1749 1728 1902 1771; x_wconf 71' lang='lat' dir='ltr'>hydro-</span> 
     </span>
     <span class='ocr_line' id='line_1_26' title="bbox 64 1785 1900 1833; baseline -0.001 -12"><span class='ocrx_word' id='word_1_183' title='bbox 64 1785 229 1829; x_wconf 83' lang='lat' dir='ltr'>cyanici</span> <span class='ocrx_word' id='word_1_184' title='bbox 252 1785 486 1828; x_wconf 87' lang='lat' dir='ltr'>praesentia</span> <span class='ocrx_word' id='word_1_185' title='bbox 509 1788 592 1830; x_wconf 90' lang='lat' dir='ltr'>est,</span> <span class='ocrx_word' id='word_1_186' title='bbox 625 1786 728 1828; x_wconf 87' lang='lat' dir='ltr'>quod</span> <span class='ocrx_word' id='word_1_187' title='bbox 747 1786 788 1821; x_wconf 90' lang='lat' dir='ltr'>in</span> <span class='ocrx_word' id='word_1_188' title='bbox 806 1786 977 1833; x_wconf 86' lang='lat' dir='ltr'>cortice,</span> <span class='ocrx_word' id='word_1_189' title='bbox 1011 1785 1121 1821; x_wconf 80' lang='lat' dir='ltr'>foliis</span> <span class='ocrx_word' id='word_1_190' title='bbox 1137 1789 1175 1821; x_wconf 90' lang='lat' dir='ltr'>et</span> <span class='ocrx_word' id='word_1_191' title='bbox 1192 1785 1391 1828; x_wconf 88' lang='lat' dir='ltr'>imprimis</span> <span class='ocrx_word' id='word_1_192' title='bbox 1407 1785 1451 1820; x_wconf 92' lang='lat' dir='ltr'>in</span> <span class='ocrx_word' id='word_1_193' title='bbox 1467 1788 1685 1828; x_wconf 83' lang='lat' dir='ltr'>embryone</span> <span class='ocrx_word' id='word_1_194' title='bbox 1702 1785 1900 1828; x_wconf 86' lang='lat' dir='ltr'>plurima-</span> 
     </span>
     <span class='ocr_line' id='line_1_27' title="bbox 63 1841 1903 1888; baseline -0.001 -10"><span class='ocrx_word' id='word_1_195' title='bbox 63 1851 153 1878; x_wconf 88' lang='lat' dir='ltr'>rum</span> <span class='ocrx_word' id='word_1_196' title='bbox 183 1841 353 1888; x_wconf 86' lang='lat' dir='ltr'>residet,</span> <span class='ocrx_word' id='word_1_197' title='bbox 387 1844 474 1878; x_wconf 88' lang='lat' dir='ltr'>oleo</span> <span class='ocrx_word' id='word_1_198' title='bbox 504 1845 692 1878; x_wconf 88' lang='lat' dir='ltr'>aethereo</span> <span class='ocrx_word' id='word_1_199' title='bbox 724 1843 970 1886; x_wconf 80' lang='lat' dir='ltr'>saepissime</span> <span class='ocrx_word' id='word_1_200' title='bbox 992 1847 1175 1886; x_wconf 90' lang='lat' dir='ltr'>nuptum.</span> <span class='ocrx_word' id='word_1_201' title='bbox 1207 1843 1438 1878; x_wconf 42' lang='lat' dir='ltr'>&gt;Virtutem</span> <span class='ocrx_word' id='word_1_202' title='bbox 1462 1851 1514 1878; x_wconf 84' lang='lat' dir='ltr'>ex</span> <span class='ocrx_word' id='word_1_203' title='bbox 1540 1845 1615 1878; x_wconf 82' lang='lat' dir='ltr'>hoc</span> <span class='ocrx_word' id='word_1_204' title='bbox 1640 1844 1779 1884; x_wconf 87' lang='lat' dir='ltr'>plures</span> <span class='ocrx_word' id='word_1_205' title='bbox 1804 1850 1903 1877; x_wconf 88' lang='lat' dir='ltr'>nar-</span> 
     </span>
     <span class='ocr_line' id='line_1_28' title="bbox 63 1898 1898 1945; baseline -0.001 -11"><span class='ocrx_word' id='word_1_206' title='bbox 63 1898 235 1935; x_wconf 89' lang='lat' dir='ltr'>coticam</span> <span class='ocrx_word' id='word_1_207' title='bbox 261 1903 465 1945; x_wconf 86' lang='lat' dir='ltr'>repetunt,</span> <span class='ocrx_word' id='word_1_208' title='bbox 499 1900 592 1935; x_wconf 88' lang='lat' dir='ltr'>dum</span> <span class='ocrx_word' id='word_1_209' title='bbox 615 1900 725 1936; x_wconf 88' lang='lat' dir='ltr'>aliae</span> <span class='ocrx_word' id='word_1_210' title='bbox 742 1902 1021 1935; x_wconf 84' lang='lat' dir='ltr'>Rosacearum</span> <span class='ocrx_word' id='word_1_211' title='bbox 1047 1899 1089 1935; x_wconf 91' lang='lat' dir='ltr'>in</span> <span class='ocrx_word' id='word_1_212' title='bbox 1106 1900 1268 1935; x_wconf 89' lang='lat' dir='ltr'>modum</span> <span class='ocrx_word' id='word_1_213' title='bbox 1284 1899 1529 1935; x_wconf 86' lang='lat' dir='ltr'>substantiis</span> <span class='ocrx_word' id='word_1_214' title='bbox 1547 1899 1898 1943; x_wconf 80' lang='lat' dir='ltr'>adstringentibus</span> 
     </span>
     <span class='ocr_line' id='line_1_29' title="bbox 62 1956 1905 2002; baseline -0.001 -10"><span class='ocrx_word' id='word_1_215' title='bbox 62 1958 268 1992; x_wconf 83' lang='lat' dir='ltr'>salutares</span> <span class='ocrx_word' id='word_1_216' title='bbox 291 1960 398 1993; x_wconf 91' lang='lat' dir='ltr'>sunt.</span> <span class='ocrx_word' id='word_1_217' title='bbox 457 1957 689 1992; x_wconf 87' lang='lat' dir='ltr'>Paucarum</span> <span class='ocrx_word' id='word_1_218' title='bbox 713 1957 871 1992; x_wconf 87' lang='lat' dir='ltr'>semina</span> <span class='ocrx_word' id='word_1_219' title='bbox 894 1960 981 1993; x_wconf 91' lang='lat' dir='ltr'>oleo</span> <span class='ocrx_word' id='word_1_220' title='bbox 1006 1956 1148 2000; x_wconf 84' lang='lat' dir='ltr'>pingui</span> <span class='ocrx_word' id='word_1_221' title='bbox 1166 1956 1253 1992; x_wconf 90' lang='lat' dir='ltr'>miti</span> <span class='ocrx_word' id='word_1_222' title='bbox 1270 1959 1447 2002; x_wconf 82' lang='lat' dir='ltr'>scatent,</span> <span class='ocrx_word' id='word_1_223' title='bbox 1476 1956 1741 1998; x_wconf 88' lang='lat' dir='ltr'>plurimarum</span> <span class='ocrx_word' id='word_1_224' title='bbox 1757 1964 1905 1992; x_wconf 86' lang='lat' dir='ltr'>sarco-</span> 
     </span>
     <span class='ocr_line' id='line_1_30' title="bbox 64 2014 1904 2059; baseline -0.001 -11"><span class='ocrx_word' id='word_1_225' title='bbox 64 2014 270 2058; x_wconf 87' lang='lat' dir='ltr'>carpium,</span> <span class='ocrx_word' id='word_1_226' title='bbox 302 2015 494 2049; x_wconf 81' lang='lat' dir='ltr'>nucleum</span> <span class='ocrx_word' id='word_1_227' title='bbox 518 2014 845 2059; x_wconf 88' lang='lat' dir='ltr'>amarissimum,</span> <span class='ocrx_word' id='word_1_228' title='bbox 877 2023 1035 2050; x_wconf 85' lang='lat' dir='ltr'>veneno</span> <span class='ocrx_word' id='word_1_229' title='bbox 1052 2014 1259 2050; x_wconf 85' lang='lat' dir='ltr'>narcotico</span> <span class='ocrx_word' id='word_1_230' title='bbox 1277 2014 1491 2058; x_wconf 85' lang='lat' dir='ltr'>gravidum</span> <span class='ocrx_word' id='word_1_231' title='bbox 1510 2017 1751 2059; x_wconf 87' lang='lat' dir='ltr'>contegens,</span> <span class='ocrx_word' id='word_1_232' title='bbox 1785 2022 1904 2057; x_wconf 79' lang='lat' dir='ltr'>egre·</span> 
     </span>
     <span class='ocr_line' id='line_1_31' title="bbox 65 2070 1903 2116; baseline 0 -11"><span class='ocrx_word' id='word_1_233' title='bbox 65 2070 136 2114; x_wconf 87' lang='lat' dir='ltr'>gia</span> <span class='ocrx_word' id='word_1_234' title='bbox 158 2070 368 2106; x_wconf 87' lang='lat' dir='ltr'>acidorum</span> <span class='ocrx_word' id='word_1_235' title='bbox 392 2075 430 2106; x_wconf 94' lang='lat' dir='ltr'>et</span> <span class='ocrx_word' id='word_1_236' title='bbox 454 2071 643 2106; x_wconf 87' lang='lat' dir='ltr'>sacchari</span> <span class='ocrx_word' id='word_1_237' title='bbox 665 2072 839 2107; x_wconf 87' lang='lat' dir='ltr'>miscela</span> <span class='ocrx_word' id='word_1_238' title='bbox 862 2070 1001 2115; x_wconf 80' lang='lat' dir='ltr'>gustui</span> <span class='ocrx_word' id='word_1_239' title='bbox 1024 2074 1206 2116; x_wconf 83' lang='lat' dir='ltr'>gratum,</span> <span class='ocrx_word' id='word_1_240' title='bbox 1237 2080 1313 2106; x_wconf 89' lang='lat' dir='ltr'>nec</span> <span class='ocrx_word' id='word_1_241' title='bbox 1336 2070 1547 2107; x_wconf 86' lang='lat' dir='ltr'>insalubre</span> <span class='ocrx_word' id='word_1_242' title='bbox 1565 2075 1639 2106; x_wconf 90' lang='lat' dir='ltr'>est.</span> <span class='ocrx_word' id='word_1_243' title='bbox 1698 2071 1776 2105; x_wconf 88' lang='lat' dir='ltr'>Sed</span> <span class='ocrx_word' id='word_1_244' title='bbox 1795 2070 1903 2106; x_wconf 87' lang='lat' dir='ltr'>istae</span> 
     </span>
     <span class='ocr_line' id='line_1_32' title="bbox 64 2124 1906 2173; baseline -0.002 -11"><span class='ocrx_word' id='word_1_245' title='bbox 64 2137 85 2162; x_wconf 87' lang='lat' dir='ltr'>e</span> <span class='ocrx_word' id='word_1_246' title='bbox 104 2127 378 2163; x_wconf 87' lang='lat' dir='ltr'>cicuratarum</span> <span class='ocrx_word' id='word_1_247' title='bbox 396 2137 563 2163; x_wconf 88' lang='lat' dir='ltr'>numero</span> <span class='ocrx_word' id='word_1_248' title='bbox 580 2132 688 2164; x_wconf 87' lang='lat' dir='ltr'>sunt.</span> <span class='ocrx_word' id='word_1_249' title='bbox 744 2124 884 2162; x_wconf 76' lang='lat' dir='ltr'>Prunz&#39;</span> <span class='ocrx_word' id='word_1_250' title='bbox 898 2128 1086 2164; x_wconf 75' lang='lat' dir='ltr'>videlicet</span> <span class='ocrx_word' id='word_1_251' title='bbox 1104 2125 1360 2161; x_wconf 76' lang='lat' dir='ltr'>domesticae</span> <span class='ocrx_word' id='word_1_252' title='bbox 1377 2131 1413 2163; x_wconf 90' lang='lat' dir='ltr'>et</span> <span class='ocrx_word' id='word_1_253' title='bbox 1431 2126 1662 2173; x_wconf 63' lang='lat' dir='ltr'>insaniae,</span> <span class='ocrx_word' id='word_1_254' title='bbox 1688 2131 1725 2162; x_wconf 88' lang='lat' dir='ltr'>et</span> <span class='ocrx_word' id='word_1_255' title='bbox 1746 2125 1826 2160; x_wconf 85' lang='lat' dir='ltr'>Cer</span> <span class='ocrx_word' id='word_1_256' title='bbox 1836 2125 1906 2160; x_wconf 75' lang='lat' dir='ltr'>ase·</span> 
     </span>
     <span class='ocr_line' id='line_1_33' title="bbox 63 2181 1906 2229; baseline 0.001 -11"><span class='ocrx_word' id='word_1_257' title='bbox 63 2181 204 2218; x_wconf 75' lang='lat' dir='ltr'>dulces</span> <span class='ocrx_word' id='word_1_258' title='bbox 237 2187 275 2220; x_wconf 86' lang='lat' dir='ltr'>et</span> <span class='ocrx_word' id='word_1_259' title='bbox 300 2181 470 2229; x_wconf 76' lang='lat' dir='ltr'>acidae,</span> <span class='ocrx_word' id='word_1_260' title='bbox 504 2194 607 2228; x_wconf 88' lang='lat' dir='ltr'>quas</span> <span class='ocrx_word' id='word_1_261' title='bbox 632 2181 915 2219; x_wconf 76' lang='lat' dir='ltr'>Armeniacae</span> <span class='ocrx_word' id='word_1_262' title='bbox 939 2189 977 2221; x_wconf 89' lang='lat' dir='ltr'>et</span> <span class='ocrx_word' id='word_1_263' title='bbox 1000 2181 1199 2219; x_wconf 61' lang='lat' dir='ltr'>Persicae</span> <span class='ocrx_word' id='word_1_264' title='bbox 1224 2183 1459 2229; x_wconf 82' lang='lat' dir='ltr'>dignatione</span> <span class='ocrx_word' id='word_1_265' title='bbox 1484 2184 1668 2220; x_wconf 82' lang='lat' dir='ltr'>vincunt.</span> <span class='ocrx_word' id='word_1_266' title='bbox 1728 2181 1906 2229; x_wconf 61' lang='lat' dir='ltr'>Pruna-s·</span> 
     </span>
     <span class='ocr_line' id='line_1_34' title="bbox 63 2240 1906 2287; baseline 0 -11"><span class='ocrx_word' id='word_1_267' title='bbox 63 2240 236 2287; x_wconf 73' lang='lat' dir='ltr'>spinosa</span> <span class='ocrx_word' id='word_1_268' title='bbox 258 2242 379 2277; x_wconf 89' lang='lat' dir='ltr'>Linn.</span> <span class='ocrx_word' id='word_1_269' title='bbox 404 2240 590 2285; x_wconf 83' lang='lat' dir='ltr'>[Acacia</span> <span class='ocrx_word' id='word_1_270' title='bbox 614 2242 852 2286; x_wconf 86' lang='lat' dir='ltr'>germanica</span> <span class='ocrx_word' id='word_1_271' title='bbox 875 2241 1003 2287; x_wconf 82' lang='lat' dir='ltr'>Offic.‚</span> <span class='ocrx_word' id='word_1_272' title='bbox 1031 2240 1306 2284; x_wconf 77' lang='lat' dir='ltr'>Schlehdorn]</span> <span class='ocrx_word' id='word_1_273' title='bbox 1332 2243 1440 2285; x_wconf 88' lang='lat' dir='ltr'>apud</span> <span class='ocrx_word' id='word_1_274' title='bbox 1464 2251 1539 2277; x_wconf 91' lang='lat' dir='ltr'>nos</span> <span class='ocrx_word' id='word_1_275' title='bbox 1555 2240 1744 2286; x_wconf 85' lang='lat' dir='ltr'>vulgaris</span> <span class='ocrx_word' id='word_1_276' title='bbox 1761 2241 1906 2277; x_wconf 88' lang='lat' dir='ltr'>nasci-</span> 
     </span>
     <span class='ocr_line' id='line_1_35' title="bbox 57 2297 1905 2346; baseline 0.001 -12"><span class='ocrx_word' id='word_1_277' title='bbox 57 2302 152 2345; x_wconf 81' lang='lat' dir='ltr'>tur,</span> <span class='ocrx_word' id='word_1_278' title='bbox 190 2298 357 2334; x_wconf 83' lang='lat' dir='ltr'>floribus</span> <span class='ocrx_word' id='word_1_279' title='bbox 389 2299 681 2345; x_wconf 80' lang='lat' dir='ltr'>purgantibuS,</span> <span class='ocrx_word' id='word_1_280' title='bbox 725 2299 880 2346; x_wconf 85' lang='lat' dir='ltr'>fructu,</span> <span class='ocrx_word' id='word_1_281' title='bbox 920 2299 1002 2334; x_wconf 90' lang='lat' dir='ltr'>nisi</span> <span class='ocrx_word' id='word_1_282' title='bbox 1034 2301 1131 2342; x_wconf 89' lang='lat' dir='ltr'>gelu</span> <span class='ocrx_word' id='word_1_283' title='bbox 1159 2303 1386 2344; x_wconf 87' lang='lat' dir='ltr'>macerato,</span> <span class='ocrx_word' id='word_1_284' title='bbox 1427 2297 1725 2343; x_wconf 82' lang='lat' dir='ltr'>acerbissimo,</span> <span class='ocrx_word' id='word_1_285' title='bbox 1751 2298 1905 2335; x_wconf 82' lang='lat' dir='ltr'>cortice</span> 
     </span>
     <span class='ocr_line' id='line_1_36' title="bbox 63 2352 1905 2400; baseline -0.001 -8"><span class='ocrx_word' id='word_1_286' title='bbox 63 2355 510 2400; x_wconf 84' lang='lat' dir='ltr'>adstringenti-amaro</span> <span class='ocrx_word' id='word_1_287' title='bbox 534 2359 573 2391; x_wconf 88' lang='lat' dir='ltr'>et</span> <span class='ocrx_word' id='word_1_288' title='bbox 597 2355 811 2400; x_wconf 83' lang='lat' dir='ltr'>febrifugo.</span> <span class='ocrx_word' id='word_1_289' title='bbox 872 2352 1044 2391; x_wconf 68' lang='lat' dir='ltr'>Primus</span> <span class='ocrx_word' id='word_1_290' title='bbox 1059 2353 1293 2390; x_wconf 71' lang='lat' dir='ltr'>domestica</span> <span class='ocrx_word' id='word_1_291' title='bbox 1309 2356 1428 2392; x_wconf 90' lang='lat' dir='ltr'>Linn.</span> <span class='ocrx_word' id='word_1_292' title='bbox 1455 2353 1839 2399; x_wconf 83' lang='lat' dir='ltr'>(Pflaumenbaum]</span> <span class='ocrx_word' id='word_1_293' title='bbox 1865 2360 1905 2391; x_wconf 89' lang='lat' dir='ltr'>et</span> 
     </span>
     <span class='ocr_line' id='line_1_37' title="bbox 62 2410 1902 2459; baseline 0.001 -13"><span class='ocrx_word' id='word_1_294' title='bbox 62 2410 238 2447; x_wconf 78' lang='lat' dir='ltr'>Prunus</span> <span class='ocrx_word' id='word_1_295' title='bbox 258 2410 448 2446; x_wconf 71' lang='lat' dir='ltr'>insiticia</span> <span class='ocrx_word' id='word_1_296' title='bbox 469 2412 590 2448; x_wconf 89' lang='lat' dir='ltr'>Linn.</span> <span class='ocrx_word' id='word_1_297' title='bbox 623 2412 1022 2459; x_wconf 81' lang='lat' dir='ltr'>[Kriecbenbaum],</span> <span class='ocrx_word' id='word_1_298' title='bbox 1055 2421 1107 2448; x_wconf 84' lang='lat' dir='ltr'>ex</span> <span class='ocrx_word' id='word_1_299' title='bbox 1135 2412 1302 2449; x_wconf 87' lang='lat' dir='ltr'>Oriente</span> <span class='ocrx_word' id='word_1_300' title='bbox 1334 2423 1404 2457; x_wconf 90' lang='lat' dir='ltr'>per</span> <span class='ocrx_word' id='word_1_301' title='bbox 1434 2412 1621 2457; x_wconf 86' lang='lat' dir='ltr'>regiones</span> <span class='ocrx_word' id='word_1_302' title='bbox 1655 2416 1902 2456; x_wconf 86' lang='lat' dir='ltr'>temperatas</span> 
     </span>
     <span class='ocr_line' id='line_1_38' title="bbox 64 2468 1902 2517; baseline -0.001 -12"><span class='ocrx_word' id='word_1_303' title='bbox 64 2469 188 2505; x_wconf 88' lang='lat' dir='ltr'>totius</span> <span class='ocrx_word' id='word_1_304' title='bbox 213 2468 322 2504; x_wconf 87' lang='lat' dir='ltr'>orbis</span> <span class='ocrx_word' id='word_1_305' title='bbox 348 2473 620 2517; x_wconf 85' lang='lat' dir='ltr'>propagatae,</span> <span class='ocrx_word' id='word_1_306' title='bbox 651 2471 783 2505; x_wconf 80' lang='lat' dir='ltr'>multa</span> <span class='ocrx_word' id='word_1_307' title='bbox 803 2469 1004 2506; x_wconf 87' lang='lat' dir='ltr'>varietate</span> <span class='ocrx_word' id='word_1_308' title='bbox 1030 2471 1230 2505; x_wconf 89' lang='lat' dir='ltr'>coluntur.</span> <span class='ocrx_word' id='word_1_309' title='bbox 1290 2471 1551 2506; x_wconf 83' lang='lat' dir='ltr'>Damascena</span> <span class='ocrx_word' id='word_1_310' title='bbox 1575 2477 1707 2512; x_wconf 86' lang='lat' dir='ltr'>pruna</span> <span class='ocrx_word' id='word_1_311' title='bbox 1724 2472 1773 2504; x_wconf 85' lang='lat' dir='ltr'>ab</span> <span class='ocrx_word' id='word_1_312' title='bbox 1792 2469 1902 2505; x_wconf 88' lang='lat' dir='ltr'>omni</span> 
     </span>
     <span class='ocr_line' id='line_1_39' title="bbox 63 2523 1905 2570; baseline -0.001 -7"><span class='ocrx_word' id='word_1_313' title='bbox 63 2526 308 2569; x_wconf 85' lang='lat' dir='ltr'>antiquitate</span> <span class='ocrx_word' id='word_1_314' title='bbox 324 2525 623 2569; x_wconf 87' lang='lat' dir='ltr'>praeferuntur.</span> <span class='ocrx_word' id='word_1_315' title='bbox 686 2523 890 2561; x_wconf 76' lang='lat' dir='ltr'>Gerasam</span> <span class='ocrx_word' id='word_1_316' title='bbox 914 2529 1099 2562; x_wconf 83' lang='lat' dir='ltr'>arborem</span> <span class='ocrx_word' id='word_1_317' title='bbox 1115 2535 1140 2561; x_wconf 80' lang='lat' dir='ltr'>a</span> <span class='ocrx_word' id='word_1_318' title='bbox 1155 2528 1330 2563; x_wconf 91' lang='lat' dir='ltr'>Lucullo</span> <span class='ocrx_word' id='word_1_319' title='bbox 1347 2530 1435 2570; x_wconf 85' lang='lat' dir='ltr'>post</span> <span class='ocrx_word' id='word_1_320' title='bbox 1454 2526 1665 2562; x_wconf 74' lang='lat' dir='ltr'>victoriam</span> <span class='ocrx_word' id='word_1_321' title='bbox 1684 2526 1905 2562; x_wconf 84' lang='lat' dir='ltr'>Mithrida-</span> 
     </span>
     <span class='ocr_line' id='line_1_40' title="bbox 66 2582 1904 2630; baseline -0.001 -10"><span class='ocrx_word' id='word_1_322' title='bbox 66 2584 189 2620; x_wconf 80' lang='lat' dir='ltr'>ticam</span> <span class='ocrx_word' id='word_1_323' title='bbox 215 2593 235 2618; x_wconf 90' lang='lat' dir='ltr'>e</span> <span class='ocrx_word' id='word_1_324' title='bbox 253 2584 379 2618; x_wconf 89' lang='lat' dir='ltr'>Ponto</span> <span class='ocrx_word' id='word_1_325' title='bbox 398 2583 440 2618; x_wconf 88' lang='lat' dir='ltr'>in</span> <span class='ocrx_word' id='word_1_326' title='bbox 454 2583 620 2619; x_wconf 87' lang='lat' dir='ltr'>Italiam</span> <span class='ocrx_word' id='word_1_327' title='bbox 638 2585 868 2628; x_wconf 85' lang='lat' dir='ltr'>devectam,</span> <span class='ocrx_word' id='word_1_328' title='bbox 902 2592 927 2619; x_wconf 88' lang='lat' dir='ltr'>a</span> <span class='ocrx_word' id='word_1_329' title='bbox 943 2583 1168 2619; x_wconf 76' lang='lat' dir='ltr'>Cerasunte</span> <span class='ocrx_word' id='word_1_330' title='bbox 1185 2584 1330 2626; x_wconf 87' lang='lat' dir='ltr'>oppido</span> <span class='ocrx_word' id='word_1_331' title='bbox 1350 2584 1620 2630; x_wconf 86' lang='lat' dir='ltr'>nominatam,</span> <span class='ocrx_word' id='word_1_332' title='bbox 1652 2587 1771 2622; x_wconf 89' lang='lat' dir='ltr'>vetus</span> <span class='ocrx_word' id='word_1_333' title='bbox 1789 2582 1904 2621; x_wconf 84' lang='lat' dir='ltr'>fama</span> 
     </span>
     <span class='ocr_line' id='line_1_41' title="bbox 65 2639 1903 2687; baseline -0.001 -10"><span class='ocrx_word' id='word_1_334' title='bbox 65 2643 148 2686; x_wconf 85' lang='lat' dir='ltr'>est,</span> <span class='ocrx_word' id='word_1_335' title='bbox 181 2640 241 2676; x_wconf 90' lang='lat' dir='ltr'>ita</span> <span class='ocrx_word' id='word_1_336' title='bbox 256 2639 517 2685; x_wconf 82' lang='lat' dir='ltr'>accipienda,</span> <span class='ocrx_word' id='word_1_337' title='bbox 551 2643 593 2675; x_wconf 92' lang='lat' dir='ltr'>ut</span> <span class='ocrx_word' id='word_1_338' title='bbox 610 2641 850 2677; x_wconf 86' lang='lat' dir='ltr'>nobilitatae</span> <span class='ocrx_word' id='word_1_339' title='bbox 867 2640 1062 2676; x_wconf 85' lang='lat' dir='ltr'>insitione</span> <span class='ocrx_word' id='word_1_340' title='bbox 1079 2643 1245 2677; x_wconf 87' lang='lat' dir='ltr'>arbores</span> <span class='ocrx_word' id='word_1_341' title='bbox 1264 2640 1566 2687; x_wconf 85' lang='lat' dir='ltr'>intelligantur,</span> <span class='ocrx_word' id='word_1_342' title='bbox 1598 2648 1693 2676; x_wconf 88' lang='lat' dir='ltr'>nam</span> <span class='ocrx_word' id='word_1_343' title='bbox 1710 2640 1903 2683; x_wconf 83' lang='lat' dir='ltr'>frequens</span> 
     </span>
     <span class='ocr_line' id='line_1_42' title="bbox 66 2697 1901 2743; baseline -0.001 -10"><span class='ocrx_word' id='word_1_344' title='bbox 66 2698 175 2740; x_wconf 84' lang='lat' dir='ltr'>apud</span> <span class='ocrx_word' id='word_1_345' title='bbox 207 2697 459 2739; x_wconf 87' lang='lat' dir='ltr'>antiquiores</span> <span class='ocrx_word' id='word_1_346' title='bbox 485 2697 729 2733; x_wconf 74' lang='lat' dir='ltr'>cerasorum</span> <span class='ocrx_word' id='word_1_347' title='bbox 759 2697 908 2733; x_wconf 89' lang='lat' dir='ltr'>mentio</span> <span class='ocrx_word' id='word_1_348' title='bbox 940 2701 1022 2743; x_wconf 88' lang='lat' dir='ltr'>est,</span> <span class='ocrx_word' id='word_1_349' title='bbox 1055 2701 1094 2733; x_wconf 88' lang='lat' dir='ltr'>et</span> <span class='ocrx_word' id='word_1_350' title='bbox 1123 2697 1291 2740; x_wconf 89' lang='lat' dir='ltr'>stirpem</span> <span class='ocrx_word' id='word_1_351' title='bbox 1317 2697 1443 2734; x_wconf 82' lang='lat' dir='ltr'>feram</span> <span class='ocrx_word' id='word_1_352' title='bbox 1468 2699 1599 2733; x_wconf 86' lang='lat' dir='ltr'>omnis</span> <span class='ocrx_word' id='word_1_353' title='bbox 1623 2698 1789 2740; x_wconf 89' lang='lat' dir='ltr'>Europa</span> <span class='ocrx_word' id='word_1_354' title='bbox 1814 2697 1901 2733; x_wconf 85' lang='lat' dir='ltr'>alit.</span> 
     </span>
     <span class='ocr_line' id='line_1_43' title="bbox 69 2751 1903 2800; baseline 0 -13"><span class='ocrx_word' id='word_1_355' title='bbox 69 2751 234 2788; x_wconf 80' lang='lat' dir='ltr'>Gerasa</span> <span class='ocrx_word' id='word_1_356' title='bbox 253 2751 396 2787; x_wconf 72' lang='lat' dir='ltr'>dulcia</span> <span class='ocrx_word' id='word_1_357' title='bbox 413 2751 667 2799; x_wconf 84' lang='lat' dir='ltr'>(Kirschen)</span> <span class='ocrx_word' id='word_1_358' title='bbox 685 2757 734 2790; x_wconf 90' lang='lat' dir='ltr'>ab</span> <span class='ocrx_word' id='word_1_359' title='bbox 753 2751 887 2788; x_wconf 68' lang='lat' dir='ltr'>acidis</span> <span class='ocrx_word' id='word_1_360' title='bbox 905 2753 1168 2798; x_wconf 54' lang='lat' dir='ltr'>(XVeichseD</span> <span class='ocrx_word' id='word_1_361' title='bbox 1186 2754 1498 2800; x_wconf 86' lang='lat' dir='ltr'>distinguimus,</span> <span class='ocrx_word' id='word_1_362' title='bbox 1532 2763 1636 2797; x_wconf 85' lang='lat' dir='ltr'>quae</span> <span class='ocrx_word' id='word_1_363' title='bbox 1653 2755 1791 2797; x_wconf 89' lang='lat' dir='ltr'>pueris</span> <span class='ocrx_word' id='word_1_364' title='bbox 1809 2762 1903 2788; x_wconf 89' lang='lat' dir='ltr'>cru-</span> 
     </span>
     <span class='ocr_line' id='line_1_44' title="bbox 66 2807 1906 2856; baseline -0.002 -10"><span class='ocrx_word' id='word_1_365' title='bbox 66 2811 142 2847; x_wconf 86' lang='lat' dir='ltr'>dae</span> <span class='ocrx_word' id='word_1_366' title='bbox 166 2813 352 2856; x_wconf 82' lang='lat' dir='ltr'>placent,</span> <span class='ocrx_word' id='word_1_367' title='bbox 386 2811 479 2846; x_wconf 86' lang='lat' dir='ltr'>dum</span> <span class='ocrx_word' id='word_1_368' title='bbox 505 2811 583 2846; x_wconf 81' lang='lat' dir='ltr'>viri</span> <span class='ocrx_word' id='word_1_369' title='bbox 609 2815 752 2847; x_wconf 89' lang='lat' dir='ltr'>temeto</span> <span class='ocrx_word' id='word_1_370' title='bbox 777 2821 829 2847; x_wconf 86' lang='lat' dir='ltr'>ex</span> <span class='ocrx_word' id='word_1_371' title='bbox 852 2812 1022 2847; x_wconf 88' lang='lat' dir='ltr'>istorum</span> <span class='ocrx_word' id='word_1_372' title='bbox 1045 2820 1168 2847; x_wconf 90' lang='lat' dir='ltr'>succo</span> <span class='ocrx_word' id='word_1_373' title='bbox 1192 2815 1335 2853; x_wconf 87' lang='lat' dir='ltr'>parato</span> <span class='ocrx_word' id='word_1_374' title='bbox 1359 2820 1483 2854; x_wconf 87' lang='lat' dir='ltr'>saepe</span> <span class='ocrx_word' id='word_1_375' title='bbox 1501 2814 1733 2846; x_wconf 86' lang='lat' dir='ltr'>abutuntur.</span> <span class='ocrx_word' id='word_1_376' title='bbox 1793 2807 1906 2844; x_wconf 57' lang='lat' dir='ltr'>Pacta·</span> 
     </span>
     <span class='ocr_line' id='line_1_45' title="bbox 67 2867 1903 2914; baseline -0.001 -11"><span class='ocrx_word' id='word_1_377' title='bbox 67 2868 222 2911; x_wconf 87' lang='lat' dir='ltr'>drupae</span> <span class='ocrx_word' id='word_1_378' title='bbox 252 2875 683 2914; x_wconf 87' lang='lat' dir='ltr'>nauseoso-amarae,</span> <span class='ocrx_word' id='word_1_379' title='bbox 717 2871 855 2904; x_wconf 83' lang='lat' dir='ltr'>cortex</span> <span class='ocrx_word' id='word_1_380' title='bbox 883 2868 988 2903; x_wconf 88' lang='lat' dir='ltr'>inter</span> <span class='ocrx_word' id='word_1_381' title='bbox 1010 2868 1240 2904; x_wconf 89' lang='lat' dir='ltr'>medicinas</span> <span class='ocrx_word' id='word_1_382' title='bbox 1264 2872 1520 2913; x_wconf 85' lang='lat' dir='ltr'>numeratur,</span> <span class='ocrx_word' id='word_1_383' title='bbox 1554 2868 1639 2904; x_wconf 90' lang='lat' dir='ltr'>alia</span> <span class='ocrx_word' id='word_1_384' title='bbox 1658 2867 1838 2910; x_wconf 90' lang='lat' dir='ltr'>junioris</span> <span class='ocrx_word' id='word_1_385' title='bbox 1863 2872 1903 2903; x_wconf 84' lang='lat' dir='ltr'>et</span> 
     </span>
     <span class='ocr_line' id='line_1_46' title="bbox 65 2924 1901 2970; baseline -0.001 -10"><span class='ocrx_word' id='word_1_386' title='bbox 65 2924 219 2960; x_wconf 77' lang='lat' dir='ltr'>vetusti</span> <span class='ocrx_word' id='word_1_387' title='bbox 243 2924 408 2960; x_wconf 82' lang='lat' dir='ltr'>virtute.</span> <span class='ocrx_word' id='word_1_388' title='bbox 467 2926 570 2960; x_wconf 88' lang='lat' dir='ltr'>Nam</span> <span class='ocrx_word' id='word_1_389' title='bbox 587 2933 747 2960; x_wconf 83' lang='lat' dir='ltr'>annosa</span> <span class='ocrx_word' id='word_1_390' title='bbox 764 2925 976 2961; x_wconf 87' lang='lat' dir='ltr'>duratione</span> <span class='ocrx_word' id='word_1_391' title='bbox 993 2934 1162 2961; x_wconf 89' lang='lat' dir='ltr'>crassus</span> <span class='ocrx_word' id='word_1_392' title='bbox 1180 2924 1380 2967; x_wconf 87' lang='lat' dir='ltr'>principio</span> <span class='ocrx_word' id='word_1_393' title='bbox 1398 2933 1535 2960; x_wconf 87' lang='lat' dir='ltr'>amaro</span> <span class='ocrx_word' id='word_1_394' title='bbox 1552 2928 1587 2960; x_wconf 91' lang='lat' dir='ltr'>et</span> <span class='ocrx_word' id='word_1_395' title='bbox 1606 2924 1901 2970; x_wconf 82' lang='lat' dir='ltr'>adstringente,</span> 
     </span>
     <span class='ocr_line' id='line_1_47' title="bbox 65 2981 1904 3029; baseline -0.001 -12"><span class='ocrx_word' id='word_1_396' title='bbox 65 2981 316 3028; x_wconf 83' lang='lat' dir='ltr'>instructus,</span> <span class='ocrx_word' id='word_1_397' title='bbox 348 2981 455 3017; x_wconf 90' lang='lat' dir='ltr'>inter</span> <span class='ocrx_word' id='word_1_398' title='bbox 470 2981 641 3017; x_wconf 89' lang='lat' dir='ltr'>cortices</span> <span class='ocrx_word' id='word_1_399' title='bbox 659 2985 894 3017; x_wconf 82' lang='lat' dir='ltr'>roborantes</span> <span class='ocrx_word' id='word_1_400' title='bbox 912 2981 1103 3029; x_wconf 83' lang='lat' dir='ltr'>refertur,</span> <span class='ocrx_word' id='word_1_401' title='bbox 1137 2983 1231 3017; x_wconf 87' lang='lat' dir='ltr'>dum</span> <span class='ocrx_word' id='word_1_402' title='bbox 1248 2981 1414 3017; x_wconf 89' lang='lat' dir='ltr'>ineunte</span> <span class='ocrx_word' id='word_1_403' title='bbox 1430 2991 1525 3017; x_wconf 80' lang='lat' dir='ltr'>vere</span> <span class='ocrx_word' id='word_1_404' title='bbox 1542 2992 1563 3017; x_wconf 93' lang='lat' dir='ltr'>e</span> <span class='ocrx_word' id='word_1_405' title='bbox 1581 2981 1751 3017; x_wconf 88' lang='lat' dir='ltr'>ramulis</span> <span class='ocrx_word' id='word_1_406' title='bbox 1765 2981 1904 3024; x_wconf 91' lang='lat' dir='ltr'>junio-</span> 
     </span>
     <span class='ocr_line' id='line_1_48' title="bbox 66 3037 1901 3085; baseline -0.001 -11"><span class='ocrx_word' id='word_1_407' title='bbox 66 3038 182 3074; x_wconf 86' lang='lat' dir='ltr'>ribus</span> <span class='ocrx_word' id='word_1_408' title='bbox 207 3039 436 3085; x_wconf 81' lang='lat' dir='ltr'>detractus,</span> <span class='ocrx_word' id='word_1_409' title='bbox 467 3039 603 3074; x_wconf 88' lang='lat' dir='ltr'>odoris</span> <span class='ocrx_word' id='word_1_410' title='bbox 620 3039 895 3083; x_wconf 79' lang='lat' dir='ltr'>amygdalini,</span> <span class='ocrx_word' id='word_1_411' title='bbox 929 3039 1089 3081; x_wconf 87' lang='lat' dir='ltr'>saporis</span> <span class='ocrx_word' id='word_1_412' title='bbox 1107 3038 1238 3075; x_wconf 86' lang='lat' dir='ltr'>amari</span> <span class='ocrx_word' id='word_1_413' title='bbox 1253 3042 1290 3074; x_wconf 89' lang='lat' dir='ltr'>et</span> <span class='ocrx_word' id='word_1_414' title='bbox 1308 3039 1439 3084; x_wconf 83' lang='lat' dir='ltr'>acris,</span> <span class='ocrx_word' id='word_1_415' title='bbox 1473 3048 1615 3074; x_wconf 88' lang='lat' dir='ltr'>recens</span> <span class='ocrx_word' id='word_1_416' title='bbox 1633 3037 1901 3074; x_wconf 85' lang='lat' dir='ltr'>destillationi</span> 
     </span>
     <span class='ocr_line' id='line_1_49' title="bbox 67 3092 1902 3142; baseline -0.003 -10"><span class='ocrx_word' id='word_1_417' title='bbox 67 3097 302 3142; x_wconf 86' lang='lat' dir='ltr'>subjectuS,</span> <span class='ocrx_word' id='word_1_418' title='bbox 333 3103 482 3138; x_wconf 87' lang='lat' dir='ltr'>aquam</span> <span class='ocrx_word' id='word_1_419' title='bbox 505 3098 669 3138; x_wconf 88' lang='lat' dir='ltr'>praebet</span> <span class='ocrx_word' id='word_1_420' title='bbox 687 3097 802 3132; x_wconf 88' lang='lat' dir='ltr'>acido</span> <span class='ocrx_word' id='word_1_421' title='bbox 820 3097 1122 3139; x_wconf 77' lang='lat' dir='ltr'>liydrocyanico</span> <span class='ocrx_word' id='word_1_422' title='bbox 1140 3095 1358 3132; x_wconf 86' lang='lat' dir='ltr'>efficacem.</span> <span class='ocrx_word' id='word_1_423' title='bbox 1417 3093 1607 3130; x_wconf 67' lang='lat' dir='ltr'>Primum</span> <span class='ocrx_word' id='word_1_424' title='bbox 1627 3092 1902 3129; x_wconf 81' lang='lat' dir='ltr'>Lanrocera-</span> 
     </span>
     <span class='ocr_line' id='line_1_50' title="bbox 68 3151 1902 3200; baseline -0.001 -12"><span class='ocrx_word' id='word_1_425' title='bbox 68 3161 160 3188; x_wconf 84' lang='lat' dir='ltr'>sum</span> <span class='ocrx_word' id='word_1_426' title='bbox 192 3152 335 3197; x_wconf 87' lang='lat' dir='ltr'>Linn.,</span> <span class='ocrx_word' id='word_1_427' title='bbox 367 3161 421 3188; x_wconf 86' lang='lat' dir='ltr'>ex</span> <span class='ocrx_word' id='word_1_428' title='bbox 441 3152 550 3192; x_wconf 83' lang='lat' dir='ltr'>Asia</span> <span class='ocrx_word' id='word_1_429' title='bbox 579 3153 735 3189; x_wconf 89' lang='lat' dir='ltr'>minore</span> <span class='ocrx_word' id='word_1_430' title='bbox 758 3155 960 3199; x_wconf 87' lang='lat' dir='ltr'>adlatam,</span> <span class='ocrx_word' id='word_1_431' title='bbox 993 3153 1186 3200; x_wconf 89' lang='lat' dir='ltr'>colimus,</span> <span class='ocrx_word' id='word_1_432' title='bbox 1218 3155 1266 3187; x_wconf 87' lang='lat' dir='ltr'>ob</span> <span class='ocrx_word' id='word_1_433' title='bbox 1299 3154 1481 3195; x_wconf 86' lang='lat' dir='ltr'>ejusdem</span> <span class='ocrx_word' id='word_1_434' title='bbox 1507 3152 1698 3195; x_wconf 86' lang='lat' dir='ltr'>principii</span> <span class='ocrx_word' id='word_1_435' title='bbox 1723 3151 1765 3186; x_wconf 92' lang='lat' dir='ltr'>in</span> <span class='ocrx_word' id='word_1_436' title='bbox 1792 3151 1902 3187; x_wconf 84' lang='lat' dir='ltr'>foliis</span> 
     </span>
     <span class='ocr_line' id='line_1_51' title="bbox 66 3208 1903 3253; baseline -0.001 -8"><span class='ocrx_word' id='word_1_437' title='bbox 66 3209 299 3245; x_wconf 87' lang='lat' dir='ltr'>recentibus</span> <span class='ocrx_word' id='word_1_438' title='bbox 323 3218 403 3244; x_wconf 89' lang='lat' dir='ltr'>non</span> <span class='ocrx_word' id='word_1_439' title='bbox 426 3209 576 3245; x_wconf 86' lang='lat' dir='ltr'>exilem</span> <span class='ocrx_word' id='word_1_440' title='bbox 593 3210 752 3253; x_wconf 86' lang='lat' dir='ltr'>copiam</span> <span class='ocrx_word' id='word_1_441' title='bbox 768 3210 939 3250; x_wconf 85' lang='lat' dir='ltr'>medicis</span> <span class='ocrx_word' id='word_1_442' title='bbox 957 3214 1181 3253; x_wconf 78' lang='lat' dir='ltr'>acceptam.</span> <span class='ocrx_word' id='word_1_443' title='bbox 1240 3210 1304 3244; x_wconf 81' lang='lat' dir='ltr'>Ex</span> <span class='ocrx_word' id='word_1_444' title='bbox 1322 3209 1569 3246; x_wconf 81' lang='lat' dir='ltr'>americanis</span> <span class='ocrx_word' id='word_1_445' title='bbox 1586 3213 1622 3244; x_wconf 91' lang='lat' dir='ltr'>et</span> <span class='ocrx_word' id='word_1_446' title='bbox 1639 3208 1788 3244; x_wconf 89' lang='lat' dir='ltr'>indicis</span> <span class='ocrx_word' id='word_1_447' title='bbox 1806 3217 1903 3244; x_wconf 92' lang='lat' dir='ltr'>con-</span> 
     </span>
     <span class='ocr_line' id='line_1_52' title="bbox 68 3262 1904 3312; baseline -0.002 -11"><span class='ocrx_word' id='word_1_448' title='bbox 68 3266 291 3310; x_wconf 81' lang='lat' dir='ltr'>generibus</span> <span class='ocrx_word' id='word_1_449' title='bbox 318 3263 503 3300; x_wconf 76' lang='lat' dir='ltr'>Cerasus</span> <span class='ocrx_word' id='word_1_450' title='bbox 529 3264 723 3312; x_wconf 71' lang='lat' dir='ltr'>Capollin</span> <span class='ocrx_word' id='word_1_451' title='bbox 747 3267 830 3303; x_wconf 83' lang='lat' dir='ltr'>DC.</span> <span class='ocrx_word' id='word_1_452' title='bbox 863 3268 972 3310; x_wconf 88' lang='lat' dir='ltr'>apud</span> <span class='ocrx_word' id='word_1_453' title='bbox 999 3267 1240 3302; x_wconf 81' lang='lat' dir='ltr'>mexicanos</span> <span class='ocrx_word' id='word_1_454' title='bbox 1271 3271 1384 3312; x_wconf 87' lang='lat' dir='ltr'>sata,</span> <span class='ocrx_word' id='word_1_455' title='bbox 1418 3270 1455 3301; x_wconf 90' lang='lat' dir='ltr'>et</span> <span class='ocrx_word' id='word_1_456' title='bbox 1483 3264 1669 3300; x_wconf 77' lang='lat' dir='ltr'>Cerasus</span> <span class='ocrx_word' id='word_1_457' title='bbox 1692 3262 1904 3300; x_wconf 76' lang='lat' dir='ltr'>undulata</span> 
     </span>
     <span class='ocr_line' id='line_1_53' title="bbox 68 3320 1900 3371; baseline -0.002 -13"><span class='ocrx_word' id='word_1_458' title='bbox 68 3324 179 3369; x_wconf 87' lang='lat' dir='ltr'>Ser.,</span> <span class='ocrx_word' id='word_1_459' title='bbox 211 3322 451 3365; x_wconf 87' lang='lat' dir='ltr'>nepalensis</span> <span class='ocrx_word' id='word_1_460' title='bbox 475 3325 615 3370; x_wconf 84' lang='lat' dir='ltr'>arbor,</span> <span class='ocrx_word' id='word_1_461' title='bbox 648 3324 786 3367; x_wconf 86' lang='lat' dir='ltr'>capris</span> <span class='ocrx_word' id='word_1_462' title='bbox 809 3323 984 3371; x_wconf 82' lang='lat' dir='ltr'>infesta,</span> <span class='ocrx_word' id='word_1_463' title='bbox 1015 3323 1289 3365; x_wconf 86' lang='lat' dir='ltr'>nominandae</span> <span class='ocrx_word' id='word_1_464' title='bbox 1307 3328 1415 3359; x_wconf 90' lang='lat' dir='ltr'>sunt.</span> <span class='ocrx_word' id='word_1_465' title='bbox 1477 3320 1900 3361; x_wconf 76' lang='lat' dir='ltr'>Prmmmarmem’a-</span> 
     </span>
     <span class='ocr_line' id='line_1_54' title="bbox 69 3373 1901 3430; baseline 0.001 -18"><span class='ocrx_word' id='word_1_466' title='bbox 69 3387 166 3413; x_wconf 85' lang='lat' dir='ltr'>cam</span> <span class='ocrx_word' id='word_1_467' title='bbox 190 3378 443 3426; x_wconf 83' lang='lat' dir='ltr'>(Aprikose,</span> <span class='ocrx_word' id='word_1_468' title='bbox 469 3373 711 3430; x_wconf 80' lang='grc' dir='ltr'><em>βερίκοκκα,</em></span> <span class='ocrx_word' id='word_1_469' title='bbox 731 3389 966 3427; x_wconf 80' lang='lat' dir='ltr'>praecoca,</span> <span class='ocrx_word' id='word_1_470' title='bbox 993 3390 1045 3416; x_wconf 84' lang='lat' dir='ltr'>ex</span> <span class='ocrx_word' id='word_1_471' title='bbox 1068 3379 1232 3416; x_wconf 88' lang='lat' dir='ltr'>arabico</span> <span class='ocrx_word' id='word_1_472' title='bbox 1256 3378 1434 3426; x_wconf 59' lang='lat' dir='ltr'>berlum,</span> <span class='ocrx_word' id='word_1_473' title='bbox 1462 3388 1566 3424; x_wconf 89' lang='lat' dir='ltr'>quae</span> <span class='ocrx_word' id='word_1_474' title='bbox 1587 3380 1776 3424; x_wconf 73' lang='lat' dir='ltr'>vulgaris</span> <span class='ocrx_word' id='word_1_475' title='bbox 1793 3388 1901 3425; x_wconf 76' lang='lat' dir='ltr'>prec-</span> 
     </span>
     <span class='ocr_line' id='line_1_55' title="bbox 67 3435 1902 3483; baseline 0.001 -14"><span class='ocrx_word' id='word_1_476' title='bbox 67 3443 221 3470; x_wconf 83' lang='lat' dir='ltr'>norum</span> <span class='ocrx_word' id='word_1_477' title='bbox 237 3435 484 3480; x_wconf 86' lang='lat' dir='ltr'>appellatio)</span> <span class='ocrx_word' id='word_1_478' title='bbox 502 3435 647 3473; x_wconf 88' lang='lat' dir='ltr'>Oriens</span> <span class='ocrx_word' id='word_1_479' title='bbox 663 3437 838 3481; x_wconf 84' lang='lat' dir='ltr'>largitus</span> <span class='ocrx_word' id='word_1_480' title='bbox 858 3441 939 3483; x_wconf 87' lang='lat' dir='ltr'>est,</span> <span class='ocrx_word' id='word_1_481' title='bbox 974 3437 1130 3473; x_wconf 82' lang='lat' dir='ltr'>fructus</span> <span class='ocrx_word' id='word_1_482' title='bbox 1144 3445 1267 3472; x_wconf 86' lang='lat' dir='ltr'>carne</span> <span class='ocrx_word' id='word_1_483' title='bbox 1283 3437 1431 3480; x_wconf 87' lang='lat' dir='ltr'>sapida</span> <span class='ocrx_word' id='word_1_484' title='bbox 1448 3436 1902 3482; x_wconf 84' lang='lat' dir='ltr'>commendatissimam,</span> 
     </span>
     <span class='ocr_line' id='line_1_56' title="bbox 67 3488 1907 3539; baseline -0.002 -11"><span class='ocrx_word' id='word_1_485' title='bbox 67 3494 220 3528; x_wconf 86' lang='lat' dir='ltr'>nucleo</span> <span class='ocrx_word' id='word_1_486' title='bbox 243 3493 467 3528; x_wconf 89' lang='lat' dir='ltr'>secundum</span> <span class='ocrx_word' id='word_1_487' title='bbox 491 3492 634 3537; x_wconf 88' lang='lat' dir='ltr'>stirpis</span> <span class='ocrx_word' id='word_1_488' title='bbox 651 3495 788 3529; x_wconf 89' lang='lat' dir='ltr'>cultae</span> <span class='ocrx_word' id='word_1_489' title='bbox 803 3494 1043 3530; x_wconf 87' lang='lat' dir='ltr'>varietatem</span> <span class='ocrx_word' id='word_1_490' title='bbox 1062 3502 1199 3529; x_wconf 88' lang='lat' dir='ltr'>amaro</span> <span class='ocrx_word' id='word_1_491' title='bbox 1217 3503 1254 3529; x_wconf 80' lang='lat' dir='ltr'>v.</span> <span class='ocrx_word' id='word_1_492' title='bbox 1272 3493 1394 3530; x_wconf 88' lang='lat' dir='ltr'>dulci.</span> <span class='ocrx_word' id='word_1_493' title='bbox 1451 3494 1604 3529; x_wconf 87' lang='lat' dir='ltr'>Eadem</span> <span class='ocrx_word' id='word_1_494' title='bbox 1620 3493 1662 3528; x_wconf 91' lang='lat' dir='ltr'>in</span> <span class='ocrx_word' id='word_1_495' title='bbox 1679 3488 1907 3539; x_wconf 68' lang='lat' dir='ltr'>Amysgclale’</span> 
     </span>
     <span class='ocr_line' id='line_1_57' title="bbox 68 3547 1901 3599; baseline 0.001 -15"><span class='ocrx_word' id='word_1_496' title='bbox 68 3547 302 3586; x_wconf 74' lang='lat' dir='ltr'>communis</span> <span class='ocrx_word' id='word_1_497' title='bbox 323 3548 553 3588; x_wconf 84' lang='lat' dir='ltr'>seminibus</span> <span class='ocrx_word' id='word_1_498' title='bbox 577 3550 783 3599; x_wconf 82' lang='lat' dir='ltr'>varietas,</span> <span class='ocrx_word' id='word_1_499' title='bbox 815 3559 911 3588; x_wconf 90' lang='lat' dir='ltr'>nam</span> <span class='ocrx_word' id='word_1_500' title='bbox 939 3551 1081 3588; x_wconf 87' lang='lat' dir='ltr'>dulces</span> <span class='ocrx_word' id='word_1_501' title='bbox 1104 3552 1155 3588; x_wconf 86' lang='lat' dir='ltr'>ab</span> <span class='ocrx_word' id='word_1_502' title='bbox 1181 3550 1334 3588; x_wconf 84' lang='lat' dir='ltr'>amaris</span> <span class='ocrx_word' id='word_1_503' title='bbox 1357 3559 1437 3588; x_wconf 88' lang='lat' dir='ltr'>non</span> <span class='ocrx_word' id='word_1_504' title='bbox 1453 3550 1593 3596; x_wconf 83' lang='lat' dir='ltr'>specie</span> <span class='ocrx_word' id='word_1_505' title='bbox 1610 3549 1901 3595; x_wconf 71' lang='lat' dir='ltr'>distinguimus</span> 
     </span>
    </p>
   </div>
  </div>
 </body>
</html>
