2147 3756
967 120 1088 172 599.

973 209 988 235 *ι

858 200 904 207 ν-
1122 198 1202 206 -a—

261 292 525 342 sagapenum
548 302 582 332 s.
601 289 850 340 Serapimam
874 284 1144 340 (σαγαηνόν)
1168 290 1518 337 gummi-resinae
1532 292 1692 338 species
1711 296 1792 343 est,
1825 293 1939 331 Asae

120 353 239 389 odore
261 353 424 399 gravis,
455 351 614 394 saporis
638 351 747 386 acris
773 354 810 386 et
827 350 978 396 amari,
1009 359 1031 385 e
1047 349 1219 397 gummi,
1249 349 1404 385 minore
1420 350 1583 386 resinae
1599 351 1778 394 portione
1794 355 1832 387 et
1847 358 1937 391 oleo

122 411 310 445 aethereo
340 411 555 454 constans,
593 407 743 443 virtute
773 405 879 442 inter
905 405 1036 441 Asam
1067 404 1256 441 foetidam
1288 409 1325 441 et
1357 407 1583 442 Galbanum
1616 407 1761 443 media.
1821 409 1936 444 Hanc

120 476 143 501 e
163 462 320 499 Ferula
330 464 502 510 persica
518 464 662 500 Willd.
675 490 686 510 ,
716 461 904 498 nonnulli
920 471 942 496 e
963 457 1124 495 Fer-ula
1141 458 1426 496 Szowz'tsiana
1440 462 1520 499 Dc.
1540 464 1677 506 colligi
1698 467 1851 506 putant.

264 519 501 556 Galbanum
525 512 776 566 (χάλβανη)
800 520 847 554 ob
870 519 1057 553 affectum
1074 517 1370 563 stimulantem,
1403 518 1599 554 citissime
1616 529 1687 562 per
1703 520 1938 557 universum

120 586 316 614 vasorum
353 581 388 613 et
420 584 635 612 nervorum
663 579 850 618 systema
879 574 1179 609 diffundendum
1209 577 1259 610 ab
1291 574 1588 617 antiquissimis
1620 576 1864 618 temporibus
1894 576 1938 613 in

119 635 361 671 medicorum
387 643 493 676 penu
518 635 600 677 est,
632 631 811 667 incertae
834 630 1018 674 originis.
1076 632 1141 666 Ex
1164 631 1325 666 Oriente
1348 631 1718 674 gummi-resinam
1734 632 1816 674 peti
1834 632 1939 669 satis

119 694 303 737 constat,
334 691 439 725 unde
473 685 617 723 Babon
650 684 888 721 Galbanum
918 687 1038 723 Linn.
1062 689 1245 729 plantam
1268 695 1488 730 capensem
1510 693 1721 731 perperam
1746 697 1814 730 pro
1838 691 1938 724 sub-

118 747 297 783 stantiae
319 749 446 781 matre
465 743 607 780 baberi
631 747 816 789 apparet3
848 740 1007 778 Ferula
1031 740 1241 789 Ferulago
1265 744 1385 780 Linn.
1410 748 1544 780 autem
1570 744 1612 779 in
1637 744 1786 780 insulis
1810 744 1938 781 maris

118 801 404 839 mediterranei
428 804 466 836 et
489 800 532 836 in
553 801 858 843 Transylvania
882 800 1024 847 obvia,
1057 800 1099 835 in
1123 808 1243 843 quam
1266 794 1431 844 plurimi
1456 800 1712 846 conspirant,
1743 800 1940 843 liquorem

118 862 277 895 nullum
306 857 491 901 largitur.
549 858 614 893 Ex
644 856 838 892 admixtis
869 857 1031 892 resinae
1062 856 1353 893 Umbelliferae
1383 859 1549 900 plantae
1579 855 1776 893 fructibus
1808 866 1939 900 genus

121 914 361 950 Galbanum
394 921 420 949 a
448 912 579 949 Donio
609 916 859 950 exstructum
891 917 973 961 est,
1019 913 1063 949 in
1093 922 1169 956 quo
1196 913 1378 956 plerique
1409 912 1688 956 acquiescunt.
1753 914 1939 949 Alterum

118 974 284 1016 plantae
300 969 482 1014 persicae
499 971 830 1013 galbanophorae
845 979 974 1013 genus
992 966 1199 1014 (Opoae'dz‘a
1214 968 1375 1012 Lindl.]
1390 979 1520 1012 nuper
1534 969 1783 1013 propositum
1800 973 1875 1006 est.

261 1024 428 1062 Gummi
450 1023 756 1060 ammoniacum
780 1018 1101 1070 (ἀμμωνιακόν)
1125 1034 1149 1061 a
1176 1025 1383 1061 veteribus
1412 1026 1561 1061 diserte
1584 1026 1759 1061 Ferulae
1789 1034 1940 1062 succus

118 1083 278 1130 dicitur,
304 1092 407 1127 quae
424 1083 533 1118 circa
549 1081 759 1118 Ammonis
776 1081 913 1118 fanum
931 1082 973 1116 in
990 1082 1134 1118 Africa
1150 1081 1373 1124 proveniat.
1412 1082 1800 1127 Gummi-resinam,
1819 1091 1940 1124 quam

116 1138 381 1175 Ammoniace·
410 1139 572 1175 nomine
595 1139 635 1174 in
661 1138 834 1174 officinis
857 1141 1075 1184 habemus,
1106 1135 1297 1171 Dorema
1321 1136 1626 1172 mmnom‘acmn
1650 1139 1751 1174 Don.
1777 1134 1940 1181 (Osllak

116 1197 257 1241 Pers.)
282 1196 474 1244 largitur,
505 1198 647 1238 planta
664 1195 940 1241 umbellifera,
973 1194 1014 1229 in
1033 1194 1254 1230 confinibus
1271 1194 1438 1229 Persiae
1455 1197 1492 1229 et
1507 1194 1728 1230 Armeniae
1745 1203 1937 1241 nascens,

117 1264 142 1290 e
156 1255 275 1306 cujus
293 1255 431 1300 caule,
462 1261 586 1296 prope
609 1252 813 1288 radiorum
831 1254 1031 1287 umbellae
1048 1255 1176 1286 ortum
1195 1253 1243 1286 ab
1260 1250 1414 1286 insecto
1432 1252 1622 1297 quodam,
1652 1254 1696 1286 ut
1712 1251 1938 1296 perhibent,

117 1310 323 1355 perfOSSO,
355 1309 579 1345 medicatae
602 1308 770 1344 effluunt
789 1311 1018 1352 lacrymae,
1050 1308 1171 1343 odore
1193 1306 1396 1350 peculiari
1413 1316 1464 1343 ex
1479 1307 1583 1343 Allii
1599 1310 1635 1343 et
1653 1307 1836 1343 Castorei
1853 1307 1939 1343 fra-

117 1367 279 1410 grantia
293 1365 438 1412 mixto,
457 1370 602 1408 sapore
618 1365 791 1408 primum
808 1364 1018 1409 subdulci,
1037 1363 1182 1399 deinde
1198 1372 1336 1399 amaro
1353 1366 1391 1399 et
1407 1363 1493 1399 acri
1508 1363 1730 1407 praeditae.
1781 1363 1940 1407 Cogno-

117 1424 266 1459 minem
288 1425 470 1457 veterum
491 1421 736 1457 medicinam
759 1429 785 1455 a
806 1425 947 1457 nostra
971 1420 1195 1467 diversam,
1228 1419 1367 1455 aliena
1388 1420 1601 1463 utriusque
1622 1420 1757 1463 patria
1778 1421 1938 1467 suadet,

117 1479 201 1515 nisi
225 1478 371 1514 audaci
389 1486 489 1513 sane
505 1478 764 1520 conjecturae
780 1476 871 1520 quis
888 1478 1176 1522 adhaerescat,
1208 1475 1496 1510 armeniacum
1512 1486 1582 1519 pro
1599 1475 1859 1511 ammoniaco
1878 1476 1941 1511 di-

117 1536 289 1573 cendum
326 1533 456 1570 fuisse
486 1534 746 1570 contendens.
815 1531 983 1568 Gummi
1010 1530 1337 1579 ammoniacum,
1373 1532 1490 1569 Asae
1517 1532 1669 1568 virtute
1698 1533 1938 1578 proximum,

116 1591 257 1628 nervis
287 1595 421 1628 tamen
450 1576 586 1626 minus
617 1589 810 1637 amicum,
849 1589 890 1625 in
919 1592 1195 1626 membranam
1224 1597 1432 1625 mucosam
1463 1592 1502 1625 et
1532 1592 1681 1625 cuncta
1709 1590 1939 1626 abdominis

116 1649 279 1685 viscera
300 1647 465 1684 stimulo
482 1650 548 1682 sat
565 1646 657 1681 sorti
673 1646 775 1694 agit,
807 1649 929 1688 atque
943 1646 1066 1682 etiam
1081 1645 1125 1681 in
1140 1646 1401 1689 pulmonibus
1418 1655 1443 1681 v
1447 1646 1545 1682 itam
1561 1645 1746 1682 intendit.
1803 1646 1939 1681 Etiam

121 1702 358 1751 opopanaoe
377 1700 621 1738 cheroniam
639 1703 765 1738 Koch
781 1695 896 1745 (πάι
901 1712 997 1743 ansg-
1014 1693 1279 1752 ἧροικλειον),
1304 1701 1347 1737 in
1364 1702 1566 1738 ruderatis
1583 1705 1621 1738 et
1638 1701 1789 1746 apricis
1805 1703 1938 1738 Euro-

118 1770 195 1805 pae
224 1760 485 1797 australioris
515 1768 726 1806 crescenS,
757 1770 779 1795 e
809 1759 1000 1795 sauciata
1021 1758 1158 1794 radice
1181 1761 1219 1794 et
1243 1760 1361 1794 caule
1385 1759 1565 1802 gummi-
1546 1759 1735 1795 -resinae
1758 1759 1969 1802 speciem-

119 1815 398 1864 (Opoponax)
424 1819 573 1863 plorat,
603 1815 863 1851 Ammoniaci
886 1815 1053 1851 virtutis
1076 1816 1301 1862 aemulam,
1333 1816 1484 1851 exoleti
1499 1816 1617 1851 hodie
1632 1824 1747 1851 usus.
1808 1812 1942 1849 seseli

114 1873 413 1924 gnmmffermn
444 1872 613 1920 Smith.,
649 1874 794 1916 planta
823 1872 1000 1920 taurica,
1032 1871 1194 1907 resinae
1223 1871 1473 1907 aromaticae
1502 1873 1686 1915 guttulas
1717 1881 1739 1908 e
1769 1871 1940 1908 caudice

116 1933 251 1968 sudat.
311 1928 524 1965 Mulineae
541 1931 707 1965 austro·
718 1928 996 1974 americanae,
1021 1925 1169 1962 Rolaz·
1188 1924 1373 1961 Gallzmesn
1387 1929 1513 1963 Hook.
1529 1930 1568 1962 et
1584 1925 1940 1973 Rolarglebarm

118 1988 270 2024 comm.
287 1985 467 2031 gummi·
477 1984 676 2031 resinam,
708 1984 942 2028 Opoponaci
957 1955 1135 2022 similem
1151 1987 1388 2032 secernunt,
1420 1992 1541 2032 quam
1558 1983 1719 2022 Chileni
1734 1983 1840 2022 inter
1853 1993 1940 2021 me-

120 2044 282 2081 dicinas
297 2043 512 2090 indigenas
528 2011 754 2079 numerant.

561 2150 732 2197 ordo
764 2151 1028 2198 CLXIV.
1096 2141 1499 2197 Araliaceae.
1534 2139 1540 2142 ’

257 2238 505 2298 Arbomef,
539 2237 758 2304 frutices
787 2255 832 2288 v.
868 2239 1020 2286 rarius
1052 2238 1234 2286 herbae
1270 2254 1530 2302 perennes,
1575 2252 1722 2285 succo
1760 2252 1931 2300 aqueo.

124 2312 300 2360 Caules
329 2306 538 2374 ramique
570 2318 773 2368 teretes,
815 2311 862 2356 in
893 2310 1134 2356 fruticosis
1166 2325 1310 2373 saepe
1343 2308 1647 2366 scandentes,
1680 2325 1722 2355 v.
1756 2307 1939 2355 fibrinis

120 2381 545 2429 radiculiformibus
576 2381 623 2427 in
656 2381 761 2428 aliis
791 2380 1013 2443 stirpibus
1043 2378 1527 2444 pseudo-parasitici.
1581 2380 1725 2427 Folia
1755 2378 1937 2425 alterna

118 2470 162 2501 v.
195 2453 433 2505 rarissime
472 2452 709 2517 opposita,
755 2451 984 2515 simplicia
1019 2467 1064 2497 v.
1099 2450 1329 2514 palmatim
1368 2459 1448 2497 aut
1484 2451 1706 2514 pinnatim
1747 2465 1940 2512 compo-

120 2525 232 2582 sita,
263 2523 454 2587 petiolis
485 2524 586 2569 basi
619 2524 876 2569 incrassata
909 2520 1135 2579 dilatatis,
1170 2521 1476 2585 exstipulatis.
1539 2522 1707 2568 Flores
1735 2519 1939 2583 perfecti

119 2611 166 2644 v.
201 2595 367 2641 abortu
398 2594 688 2657 imperfecti,
728 2593 996 2656 regulares,
1038 2592 1258 2639 axillares
1289 2609 1333 2640 v.
1364 2592 1658 2649 terminales,
1698 2590 1938 2637 umbellati

118 2683 162 2713 v.
204 2665 417 2729 capitati,
470 2663 681 2711 umbellis
725 2680 768 2711 v.
810 2663 1025 2728 capitulis
1071 2661 1205 2709 nudis
1251 2680 1295 2709 v.
1335 2663 1606 2727 saepissime
1651 2659 1935 2719 inyolucello

119 2737 314 2792 cinctis,
360 2736 406 2781 in
438 2751 674 2793 racemum
705 2743 785 2783 aut
814 2734 1076 2797 paniculam
1107 2731 1365 2796 dispositis.
1444 2733 1635 2796 Calycz‘s
1665 2731 1801 2778 tubus
1834 2746 1937 2777 cum

122 2807 334 2871 germine
367 2814 615 2862 conflatus,
649 2804 814 2851 limbus
838 2820 1058 2867 superus,
1091 2805 1366 2869 saepissime
1393 2803 1571 2859 brevis,
1604 2801 1937 2863 integerrimus

120 2894 166 2925 v.
200 2877 430 2933 dentatus.
510 2876 736 2924 Corollae
773 2875 926 2938 petala
960 2878 1013 2932 5,
1051 2878 1114 2924 10
1145 2891 1190 2920 v.
1225 2874 1382 2936 plura,
1430 2872 1548 2919 disci
1587 2872 1779 2936 epigyni
1816 2887 1939 2919 mar·

124 2949 222 3012 gini
254 2949 454 3003 inserta,
502 2945 814 2993 aestivatione
846 2945 1053 3000 Valvata,
1100 2943 1183 2990 sub
1214 2943 1398 2990 anthesi
1429 2942 1658 3007 patentia,
1704 2959 1749 2989 v.
1782 2943 1826 2987 in
1860 2957 1941 2989 ca-

125 3019 321 3082 lyptram
354 3034 379 3063 a
410 3015 681 3063 staminibus
714 3013 946 3076 dejectam
981 3013 1179 3072 coalita,
1228 3014 1466 3060 rarissime
1505 3013 1644 3060 nulla.
1718 3013 1940 3060 Stamina

126 3106 227 3136 cum
272 3087 439 3152 petalis
484 3086 683 3143 inserta,
734 3082 899 3130 iisdem
944 3094 1137 3130 numero
1183 3084 1397 3147 aequalia
1434 3092 1491 3131 „et
1535 3084 1740 3140 alterna,
1786 3082 1940 3130 rarius

126 3158 287 3223 dupla3
323 3157 599 3222 filamentz‘s
643 3155 885 3212 brevibuS‚
937 3153 1369 3211 tereti-subulatis,
1417 3152 1673 3212 distinctis,
1720 3153 1940 3201 anthemis

125 3230 362 3286 introrsis,
402 3225 764 3284 bilocularibus‚
804 3223 1200 3281 incumbentibus,
1241 3223 1408 3272 loculis
1441 3224 1693 3289 oppositis,
1734 3223 1938 3287 longitu—

128 3298 348 3346 dinaliter
385 3296 752 3345 dehiscentibus.
829 3297 1029 3344 Germen
1074 3294 1296 3353 inferum,
1344 3295 1476 3342 disco
1523 3303 1821 3351 coronatum,
1868 3292 1938 3338 bi-

128 3366 626 3434 quindecimloculare.
719 3367 990 3416 Gemmulae
1033 3366 1079 3412 in
1133 3365 1299 3413 loculis
1353 3366 1619 3423 solitariae,
1680 3361 1936 3412 eorundem

129 3440 253 3506 apici
298 3453 559 3504 appensae,
608 3447 882 3502 anatropae.
957 3436 1090 3500 Stylz‘
1128 3436 1387 3485 loculorum
1433 3438 1654 3495 numero,
1706 3430 1937 3482 interdum
1990 3469 1997 3472 ,
