2147 3756
1078 133 1190 181 176

959 208 1000 216 —M
1107 211 1111 214 ·
1217 210 1241 211 rer
1262 209 1304 214 ...-

230 308 424 355 amentis
458 304 682 364 diversis,
730 304 970 351 involucro
1004 301 1307 364 tetrapbyllo‚
1349 298 1617 358 imbricato,
1658 297 1834 348 caduco
1869 301 2038 347 cinctis

228 379 446 425 monoici.
527 379 739 424 Amctzta
782 372 1088 429 stantz‘tzil'el’a
1134 373 1326 429 conica,
1391 372 1610 433 elongata
1647 388 1692 418 v.
1735 372 2036 432 subglobosa,

229 448 459 495 interdum
505 447 800 500 subramosa,
849 444 1131 491 laxiuscula..
1201 443 1511 503 perag-onim
1558 442 1746 488 nullum.
1819 444 2040 488 Stamina

227 520 447 583 plurima,
494 517 742 581 squamulis
774 515 960 561 minutis
1002 507 1165 569 mixta,
1198 512 1472 574 filamene‘z‘s
1507 511 1748 569 brevibus,
1796 512 2038 567 subulatis‚

230 590 483 644 distinctis,
546 588 763 633 anthere's
807 583 1166 640 bilocularibus,
1222 582 1515 644 majusculis,
1574 580 2037 645 oblongo-didymis,

228 660 394 707 loculis
435 658 682 719 oppositis,
731 656 965 701 {ilamcnto
1006 653 1349 716 infra-apicem
1381 650 1587 709 adflatis,
1637 651 2041 714 longitudinaliter

229 728 595 777 dehiscentibus.
667 728 881 774 Amenta
904 725 1207 788 pz'ste'lle‘gera
1240 723 1452 785 globosa.
1525 724 1817 784 chcamulae
1850 738 2039 785 parvae,

229 800 524 854 indefinitae,
574 796 860 858 germinibus
899 796 1284 856 circumpositae,
1332 794 1433 856 plus
1472 794 1619 839 minus
1657 793 1781 838 inter
1811 809 1859 839 se
1895 794 2040 839 coali-

227 880 328 927 tae,
384 868 564 915 demum
611 869 952 913 increscentes.
1043 868 1243 912 Germen
1298 864 1575 927 diphyllum,
1632 864 2040 927 carpopbyllorum

228 939 512 1003 marginibus
564 936 943 1000 dissepimentum
1003 935 1394 981 constituentibus
1454 934 1734 990 biloculare,
1790 935 2043 996 gemmulis

227 1011 459 1074 plurimis,
508 1007 842 1071 dissepimento
890 1006 1067 1063 affixis,
1119 1005 1440 1067 amphitr-opis.
1530 1005 1662 1066 Stylz·
1704 1003 1817 1062 du0,
1872 1020 2041 1066 carpo-

226 1081 487 1144 phyllorum
523 1078 663 1124 dorso
698 1078 929 1134 continui,
964 1077 1195 1138 elongati,
1230 1076 1453 1131 subulati,
1488 1076 1680 1137 primum
1714 1076 2039 1137 approximati,

227 1151 405 1198 demum
441 1149 743 1211 divergentes
775 1156 822 1193 et
852 1149 1110 1202 recurvati,
1145 1147 1266 1191 intus
1298 1146 1847 1208 papilloso-stigmatosi.
1920 1147 2044 1208 Cap-

224 1224 360 1269 szdae
392 1220 641 1283 squamulis
674 1218 859 1265 coalitis
891 1219 1024 1280 apice
1058 1216 1285 1262 induratis
1319 1216 1554 1273 inclusae,
1603 1217 1725 1261 inter
1755 1232 1808 1262 se
1840 1217 1885 1262 in
1919 1224 2042 1262 stro-

225 1284 307 1339 bili
347 1291 552 1353 speciem
602 1298 856 1345 connatae,
921 1286 1522 1342 obcordato-subbilobae,
1584 1287 1810 1350 stylorum
1853 1285 2042 1333 basibus

227 1370 484 1418 rostratae,
533 1361 805 1416 coriaceae,
853 1359 1163 1414 biloeulares,
1214 1358 1464 1403 introrsum
1504 1358 1628 1403 inter
1658 1357 1804 1421 stylos
1837 1357 2041 1419 longitu-

226 1433 446 1480 ‹linalitcr
492 1430 807 1477 dehiscentes.
890 1429 1085 1475 Semina
1132 1428 1374 1489 gemmulis
1421 1428 1654 1490 plerisque
1701 1427 2042 1474 abortientibus

224 1519 395 1567 pauca,
432 1517 724 1563 compressa,
758 1499 1092 1561 dissepimento
1117 1497 1324 1560 peltatim
1352 1497 1519 1553 affixa,
1555 1499 1873 1560 integumento
1901 1514 2042 1544 mem-

224 1575 484 1628 branaceo,
519 1573 563 1617 in
597 1571 851 1633 marginem
886 1577 1130 1631 angustum
1164 1566 1394 1630 producto
1429 1568 1599 1614 cincta.
1674 1569 1882 1631 Embryo
1921 1570 2043 1614 intra

227 1645 440 1691 albumen
472 1657 686 1705 parcum,
736 1657 981 1694 carnosum
1014 1647 1195 1698 rectUS,
1237 1639 1602 1702 cotyledone'bas
1632 1639 1869 1698 foliaceis,
1910 1641 2043 1686 radi-

224 1717 334 1763 cula
365 1713 525 1771 brevi,
562 1727 747 1776 supera.
1515 1718 1546 1729 r

871 1859 1080 1893 Gssivus
1126 1864 1395 1892 culeum.

790 1958 908 1993 1902.
939 1956 1230 1999 Liquidambar
1245 1951 1368 1989 Lz‘me.

999 2004 1173 2046 Altingia
1188 2002 1358 2038 Ncronlt.

365 2105 688 2154 Affinstas·
727 2112 1020 2148 Balsamissuae
1036 2111 1230 2157 germinis
1251 2109 1490 2147 bilocularis
1508 2109 1723 2157 gemmulis
1738 2109 1924 2154 plurimis
1940 2110 2046 2147 inter

225 2173 432 2210 Julifloras
456 2171 557 2206 solis
582 2169 803 2205 Salicineis
827 2170 983 2205 arctius
1008 2169 1150 2204 affines
1174 2170 1408 2213 creduntur,
1442 2176 1545 2209 quae
1570 2171 1704 2203 tamen
1728 2168 1842 2211 ipsae
1865 2168 2044 2211 germine

224 2228 493 2274 uniloculari,
532 2230 571 2262 et>
607 2225 937 2268 trophospermiis
975 2226 1329 2267 carpophyllorum
1359 2233 1483 2259 nervo
1516 2224 1699 2271 insertis,
1739 2224 2044 2267 seminibusque

224 2285 420 2330 papposis
451 2286 545 2320 sunt
577 2282 903 2329 diversissimae,
935 2281 1075 2317 habitu
1098 2280 1428 2322 Liquidambaris
1458 2282 1676 2325 populneo,
1709 2279 1820 2316 foliis
1845 2281 2043 2316 interdum

222 2342 373 2379 Iobatis
397 2348 601 2382 succoque
623 2339 666 2373 in
684 2338 979 2374 Salicinearum
997 2346 1142 2381 genere
1159 2339 1286 2372 altero
1302 2339 1509 2372 balsameo
1527 2339 1564 2371 et
1581 2336 1878 2372 inflorescentia
1894 2337 2046 2380 pariter

225 2410 247 2435 e
262 2407 419 2443 gemma
435 2403 655 2439 squamosa
669 2398 885 2440 nascente,
919 2393 1181 2430 nihilominus
1206 2393 1311 2429 inter
1327 2392 1508 2439 ordines,
1541 2393 1685 2435 paucis
1702 2393 1918 2437 generibus
1936 2402 2045 2428 com—

225 2457 470 2500 prehensos,
510 2456 548 2488 et
577 2452 666 2487 ideo
696 2451 872 2494 partium
903 2449 1228 2486 fructificationis
1257 2448 1395 2485 formis
1426 2449 1731 2493 circumscripte
1763 2449 2046 2486 constantibus

223 2510 459 2546 necessario
489 2508 676 2551 pluribus
707 2507 814 2542 notis
836 2507 1091 2552 singulares,
1122 2505 1358 2542 affin‘natem
1384 2505 1653 2541 confirmante.
1711 2507 1849 2549 Neque
1873 2508 2046 2541 obscura

225 2571 285 2603 est
314 2565 643 2609 Liquidambaris
674 2573 764 2599 cum
794 2565 966 2599 Platano
996 2562 1255 2598 necessitudo
1287 2561 1410 2597 etiam
1434 2562 1541 2597 facie
1564 2561 1765 2609 indicata,
1797 2561 2045 2606 germinibus

223 2623 392 2659 Platani
421 2620 694 2664 monophyllis
725 2621 777 2655 ad
807 2623 989 2656 suturam
1019 2617 1311 2663 gemmuliferis
1343 2620 1531 2660 styloque
1562 2619 1793 2654 excentrico
1823 2618 2044 2666 superatis,

225 2679 397 2716 binatim
420 2678 463 2713 in
486 2677 572 2713 illis
596 2676 944 2722 coalescentibus,
975 2677 1082 2711 unde
1105 2675 1262 2710 fructus
1280 2674 1497 2710 diversitas
1516 2674 1637 2710 facile
1653 2675 1900 2721 explicatur,
1932 2684 2043 2718 gem-

224 2738 428 2772 mularum
452 2734 495 2769 in
517 2733 603 2769 illis
628 2733 878 2776 micropylen
902 2741 1063 2768 sursum
1081 2731 1341 2774 pandentium
1360 2731 1578 2766 directione
1595 2731 1868 2779 amphitropa,
1898 2731 1942 2766 in
1957 2731 2043 2767 iuis

225 2792 370 2829 ostiolo
388 2792 574 2827 deorsum
590 2789 863 2833 spectantium
880 2791 1131 2834 orthotropa,
1163 2787 1465 2824 distinctionem
1482 2790 1712 2830 praebente.

369 2866 800 2924 Geogl'aphia.
860 2872 1022 2908 Ordinis
1051 2871 1171 2908 unico
1202 2881 1350 2915 genere
1380 2872 1659 2914 comprehensi
1684 2871 1844 2915 species
1865 2874 1946 2907 tres
1970 2872 2044 2907 ad-

225 2941 356 2975 usque
372 2931 655 2976 innotuerunt,
686 2931 829 2964 harum
845 2937 947 2971 una,
980 2925 1285 2974 Le‘qm‘dambar
1303 2923 1496 2973 Alcingz‘a
1510 2929 1642 2962 Blum.
1663 2925 2043 2969 [Bas-sa-ma—la

227 2990 376 3025 Javan.
405 2987 720 3023 Rasem-malla
742 2985 869 3021 Arab.
899 2985 1109 3020 Russimal
1124 2985 1307 3026 Papuan.
1338 2985 1612 3018 Rosa-malla
1629 2983 1846 3019 Cochinch.
1868 2984 2043 3029 Lignum

228 3046 471 3088 Papuanum
494 3040 713 3087 Rumph.],
744 3041 956 3086 gigantea,
990 3044 1129 3076 trunco
1153 3042 1245 3076 albo
1263 3043 1301 3075 et
1317 3048 1457 3075 crasso
1475 3039 1673 3085 insignis,
1704 3039 1900 3075 ininsula
1915 3042 2046 3076 Javae

228 3098 594 3144 parteoccidentali
608 3099 753 3140 sylvas
769 3100 911 3132 vastas
928 3096 1193 3141 constituens,
1211 3098 1253 3130 in
1269 3095 1432 3138 regione
1448 3099 1640 3132 montana
1657 3097 1814 3132 duobus
1830 3100 1900 3132 aut
1915 3096 2044 3132 tribus

228 3157 376 3200 pedum
396 3155 579 3191 millibus
600 3161 727 3196 supra
749 3161 860 3188 mare
884 3155 1125 3196 assurgente
1148 3151 1345 3194 imprimis
1369 3152 1550 3195 copiosa,
1581 3152 1781 3188 latissime
1804 3161 1874 3195 per
1899 3152 2044 3188 Asiam

231 3214 454 3249 australem
470 3210 636 3255 diffusa,
668 3208 790 3245 etiam
805 3209 846 3244 in
863 3208 988 3244 maris
1005 3208 1208 3250 erythraei
1224 3207 1374 3243 insulis
1391 3208 1567 3254 habitat3
1591 3211 1722 3245 altera
1737 3205 2042 3254 Lc‘qm'dctmbar

233 3266 440 3303 orientale
464 3267 569 3302 Mill.
594 3265 740 3309 (vulgo
756 3267 892 3308 Xylon
907 3264 1089 3308 Effendi]
1107 3263 1274 3299 humilis
1290 3266 1429 3310 arbor,
1459 3265 1625 3300 Platani
1641 3265 1767 3312 facie,
1797 3265 1840 3300 in
1857 3265 1989 3308 cypro
2005 3267 2045 3300 et

230 3325 337 3361 Asia
359 3323 512 3360 minore
534 3321 740 3368 nascitur,
772 3321 952 3367 tertiam,
983 3317 1291 3366 Liquidambar
1314 3316 1621 3366 Slyracssuam
1637 3323 1683 3358 L.
1709 3321 1856 3365 (vulgo
1880 3323 2044 3356 Sweet-

233 3383 356 3426 Gum,
387 3378 578 3422 Copalm]
593 3405 603 3425 ,
626 3378 820 3414 America
836 3377 894 3413 cis
911 3386 1104 3413 cancrum
1119 3376 1262 3423 nutrit,
1295 3385 1424 3419 usque
1446 3378 1498 3413 ad
1515 3374 1593 3412 43⁰
1613 3379 1658 3414 L.
1677 3379 1722 3413 Β,
1735 3379 1856 3420 juxta
1879 3377 1989 3414 rivos
2006 3380 2045 3413 et

231 3436 274 3472 in
290 3435 502 3478 paludosis
516 3434 725 3470 fluviorum
743 3433 865 3481 ripis,
890 3433 995 3470 inter
1008 3433 1162 3481 Acera,
1178 3434 1361 3481 Nyssas,
1384 3434 1612 3478 Juglandes
1629 3437 1665 3470 et
1683 3435 1877 3482 Quercus,
1903 3436 2043 3470 trunco

232 3494 339 3529 elato
356 3495 392 3528 et
409 3493 538 3529 densa
551 3499 665 3528 coma
681 3492 881 3528 decoram.
