<?xml version="1.0" encoding="UTF-8"?>
<!DOCTYPE html PUBLIC "-//W3C//DTD XHTML 1.0 Transitional//EN"
    "http://www.w3.org/TR/xhtml1/DTD/xhtml1-transitional.dtd">
<html xmlns="http://www.w3.org/1999/xhtml" xml:lang="en" lang="en">
 <head>
  <title>
</title>
<meta http-equiv="Content-Type" content="text/html;charset=utf-8" />
  <meta name='ocr-system' content='tesseract 3.04.00' />
  <meta name='ocr-capabilities' content='ocr_page ocr_carea ocr_par ocr_line ocrx_word'/>
</head>
<body>
  <div class='ocr_page' id='page_1' title='image "./enchiridionbotan00endl/enchiridionbotan00endl_0625.png"; bbox 0 0 2147 3756; ppageno 0'>
   <div class='ocr_carea' id='block_1_1' title="bbox 940 123 1054 172">
    <p class='ocr_par' dir='ltr' id='par_1_1' title="bbox 940 123 1054 172">
     <span class='ocr_line' id='line_1_1' title="bbox 940 123 1054 172; baseline -0.018 0"><span class='ocrx_word' id='word_1_1' title='bbox 940 123 1054 172; x_wconf 80' lang='lat'><strong>607</strong></span> 
     </span>
    </p>
   </div>
   <div class='ocr_carea' id='block_1_2' title="bbox 88 290 1916 1000">
    <p class='ocr_par' dir='ltr' id='par_1_2' title="bbox 88 290 1916 1000">
     <span class='ocr_line' id='line_1_2' title="bbox 92 290 1905 362; baseline -0.003 -15"><span class='ocrx_word' id='word_1_2' title='bbox 92 299 318 348; x_wconf 80' lang='lat' dir='ltr'><strong>Germz’na</strong></span> <span class='ocrx_word' id='word_1_3' title='bbox 351 305 550 362; x_wconf 83' lang='lat' dir='ltr'><strong>quatuor</strong></span> <span class='ocrx_word' id='word_1_4' title='bbox 579 311 621 345; x_wconf 89' lang='lat' dir='ltr'><strong>v.</strong></span> <span class='ocrx_word' id='word_1_5' title='bbox 655 295 881 359; x_wconf 87' lang='lat' dir='ltr'><strong>quinque,</strong></span> <span class='ocrx_word' id='word_1_6' title='bbox 930 294 1074 358; x_wconf 80' lang='lat' dir='ltr'><strong>stipiti</strong></span> <span class='ocrx_word' id='word_1_7' title='bbox 1105 291 1263 349; x_wconf 84' lang='lat' dir='ltr'><strong>brevi,</strong></span> <span class='ocrx_word' id='word_1_8' title='bbox 1312 290 1429 350; x_wconf 75' lang='lat' dir='ltr'><strong>lam,</strong></span> <span class='ocrx_word' id='word_1_9' title='bbox 1479 291 1577 339; x_wconf 87' lang='lat' dir='ltr'><strong>basi</strong></span> <span class='ocrx_word' id='word_1_10' title='bbox 1616 294 1905 341; x_wconf 80' lang='lat' dir='ltr'><strong>staminifero</strong></span> 
     </span>
     <span class='ocr_line' id='line_1_3' title="bbox 89 362 1909 427; baseline -0.003 -10"><span class='ocrx_word' id='word_1_11' title='bbox 89 369 362 426; x_wconf 79' lang='lat' dir='ltr'><strong>insidentia,</strong></span> <span class='ocrx_word' id='word_1_12' title='bbox 419 368 592 425; x_wconf 85' lang='lat' dir='ltr'><strong>libera,</strong></span> <span class='ocrx_word' id='word_1_13' title='bbox 646 366 972 414; x_wconf 86' lang='lat' dir='ltr'><strong>unilocularia.</strong></span> <span class='ocrx_word' id='word_1_14' title='bbox 1049 364 1290 411; x_wconf 80' lang='lat' dir='ltr'><strong>Gemmnla</strong></span> <span class='ocrx_word' id='word_1_15' title='bbox 1337 362 1571 419; x_wconf 83' lang='lat' dir='ltr'><strong>solitaria,</strong></span> <span class='ocrx_word' id='word_1_16' title='bbox 1620 365 1702 410; x_wconf 89' lang='lat' dir='ltr'><strong>sub</strong></span> <span class='ocrx_word' id='word_1_17' title='bbox 1750 366 1909 427; x_wconf 85' lang='lat' dir='ltr'><strong>anguli</strong></span> 
     </span>
     <span class='ocr_line' id='line_1_4' title="bbox 90 434 1909 502; baseline -0.003 -15"><span class='ocrx_word' id='word_1_18' title='bbox 90 441 334 488; x_wconf 86' lang='lat' dir='ltr'><strong>interioris</strong></span> <span class='ocrx_word' id='word_1_19' title='bbox 374 440 509 502; x_wconf 79' lang='lat' dir='ltr'><strong>apice</strong></span> <span class='ocrx_word' id='word_1_20' title='bbox 550 453 779 501; x_wconf 85' lang='lat' dir='ltr'><strong>appensa,</strong></span> <span class='ocrx_word' id='word_1_21' title='bbox 832 445 1075 498; x_wconf 85' lang='lat' dir='ltr'><strong>anatropa.</strong></span> <span class='ocrx_word' id='word_1_22' title='bbox 1152 435 1284 496; x_wconf 75' lang='lat' dir='ltr'><strong>Styli</strong></span> <span class='ocrx_word' id='word_1_23' title='bbox 1324 449 1349 479; x_wconf 94' lang='lat' dir='ltr'><strong>e</strong></span> <span class='ocrx_word' id='word_1_24' title='bbox 1397 434 1654 495; x_wconf 86' lang='lat' dir='ltr'><strong>germinum</strong></span> <span class='ocrx_word' id='word_1_25' title='bbox 1702 437 1909 497; x_wconf 82' lang='lat' dir='ltr'><strong>apicibus</strong></span> 
     </span>
     <span class='ocr_line' id='line_1_5' title="bbox 90 504 1910 569; baseline -0.003 -12"><span class='ocrx_word' id='word_1_26' title='bbox 90 511 310 558; x_wconf 84' lang='lat' dir='ltr'><strong>discretis</strong></span> <span class='ocrx_word' id='word_1_27' title='bbox 351 511 465 566; x_wconf 82' lang='lat' dir='ltr'><strong>orti,</strong></span> <span class='ocrx_word' id='word_1_28' title='bbox 513 526 621 555; x_wconf 79' lang='lat' dir='ltr'><strong>mox</strong></span> <span class='ocrx_word' id='word_1_29' title='bbox 659 509 703 555; x_wconf 91' lang='lat' dir='ltr'><strong>in</strong></span> <span class='ocrx_word' id='word_1_30' title='bbox 744 524 905 564; x_wconf 90' lang='lat' dir='ltr'><strong>unum,</strong></span> <span class='ocrx_word' id='word_1_31' title='bbox 954 508 1228 569; x_wconf 83' lang='lat' dir='ltr'><strong>saepissime</strong></span> <span class='ocrx_word' id='word_1_32' title='bbox 1276 512 1446 550; x_wconf 82' lang='lat' dir='ltr'><strong>tortum</strong></span> <span class='ocrx_word' id='word_1_33' title='bbox 1496 504 1682 562; x_wconf 80' lang='lat' dir='ltr'><strong>coaliti,</strong></span> <span class='ocrx_word' id='word_1_34' title='bbox 1734 510 1910 568; x_wconf 61' lang='lat' dir='ltr'><strong>stigma</strong></span> 
     </span>
     <span class='ocr_line' id='line_1_6' title="bbox 90 575 1912 646; baseline -0.003 -18"><span class='ocrx_word' id='word_1_35' title='bbox 90 579 671 646; x_wconf 80' lang='lat' dir='ltr'><strong>quadri—quinquelobum.</strong></span> <span class='ocrx_word' id='word_1_36' title='bbox 757 581 960 640; x_wconf 75' lang='lat' dir='ltr'><strong>D-r‘upae</strong></span> <span class='ocrx_word' id='word_1_37' title='bbox 1008 586 1207 640; x_wconf 84' lang='lat' dir='ltr'><strong>quatuor</strong></span> <span class='ocrx_word' id='word_1_38' title='bbox 1249 592 1292 623; x_wconf 83' lang='lat' dir='ltr'><strong>v.</strong></span> <span class='ocrx_word' id='word_1_39' title='bbox 1340 575 1571 638; x_wconf 78' lang='lat' dir='ltr'><strong>quinque,</strong></span> <span class='ocrx_word' id='word_1_40' title='bbox 1621 584 1700 620; x_wconf 83' lang='lat' dir='ltr'><strong>aut</strong></span> <span class='ocrx_word' id='word_1_41' title='bbox 1743 576 1912 623; x_wconf 84' lang='lat' dir='ltr'><strong>abortu</strong></span> 
     </span>
     <span class='ocr_line' id='line_1_7' title="bbox 88 646 1912 718; baseline -0.004 -19"><span class='ocrx_word' id='word_1_42' title='bbox 88 654 363 718; x_wconf 86' lang='lat' dir='ltr'><strong>pauciores,</strong></span> <span class='ocrx_word' id='word_1_43' title='bbox 417 653 462 697; x_wconf 89' lang='lat' dir='ltr'><strong>in</strong></span> <span class='ocrx_word' id='word_1_44' title='bbox 511 652 670 714; x_wconf 80' lang='lat' dir='ltr'><strong>stipite</strong></span> <span class='ocrx_word' id='word_1_45' title='bbox 718 649 1035 696; x_wconf 72' lang='lat' dir='ltr'><strong>verticiilatim</strong></span> <span class='ocrx_word' id='word_1_46' title='bbox 1083 647 1297 702; x_wconf 81' lang='lat' dir='ltr'><strong>sessiics,</strong></span> <span class='ocrx_word' id='word_1_47' title='bbox 1355 646 1694 705; x_wconf 72' lang='lat' dir='ltr'><strong>uniiocuiams,</strong></span> <span class='ocrx_word' id='word_1_48' title='bbox 1750 663 1912 692; x_wconf 91' lang='lat' dir='ltr'><strong>mono-</strong></span> 
     </span>
     <span class='ocr_line' id='line_1_8' title="bbox 89 717 1914 787; baseline -0.004 -17"><span class='ocrx_word' id='word_1_49' title='bbox 89 739 319 787; x_wconf 85' lang='lat' dir='ltr'><strong>spermae.</strong></span> <span class='ocrx_word' id='word_1_50' title='bbox 396 724 592 770; x_wconf 70' lang='lat' dir='ltr'><strong>Semina</strong></span> <span class='ocrx_word' id='word_1_51' title='bbox 625 722 834 774; x_wconf 84' lang='lat' dir='ltr'><strong>inversa,</strong></span> <span class='ocrx_word' id='word_1_52' title='bbox 870 719 1060 765; x_wconf 67' lang='lat' dir='ltr'><strong>caritati</strong></span> <span class='ocrx_word' id='word_1_53' title='bbox 1094 717 1376 773; x_wconf 78' lang='lat' dir='ltr'><strong>conformia,</strong></span> <span class='ocrx_word' id='word_1_54' title='bbox 1412 717 1736 779; x_wconf 79' lang='lat' dir='ltr'><strong>integumento</strong></span> <span class='ocrx_word' id='word_1_55' title='bbox 1769 734 1914 763; x_wconf 90' lang='lat' dir='ltr'><strong>mem-</strong></span> 
     </span>
     <span class='ocr_line' id='line_1_9' title="bbox 88 788 1916 854; baseline -0.003 -13"><span class='ocrx_word' id='word_1_56' title='bbox 88 795 347 841; x_wconf 84' lang='lat' dir='ltr'><strong>branaceo.</strong></span> <span class='ocrx_word' id='word_1_57' title='bbox 437 793 646 854; x_wconf 77' lang='lat' dir='ltr'><strong>Emhryo</strong></span> <span class='ocrx_word' id='word_1_58' title='bbox 695 790 1096 845; x_wconf 78' lang='lat' dir='ltr'><strong>exalhuminosus,</strong></span> <span class='ocrx_word' id='word_1_59' title='bbox 1160 788 1485 851; x_wconf 80' lang='lat' dir='ltr'><strong>orthotropus,</strong></span> <span class='ocrx_word' id='word_1_60' title='bbox 1548 788 1916 850; x_wconf 77' lang='lat' dir='ltr'><strong>cotyledom&#39;bus</strong></span> 
     </span>
     <span class='ocr_line' id='line_1_10' title="bbox 92 856 1911 925; baseline -0.004 -13"><span class='ocrx_word' id='word_1_61' title='bbox 92 867 287 922; x_wconf 84' lang='lat' dir='ltr'><strong>crassis,</strong></span> <span class='ocrx_word' id='word_1_62' title='bbox 322 864 556 922; x_wconf 82' lang='lat' dir='ltr'><strong>carnosis,</strong></span> <span class='ocrx_word' id='word_1_63' title='bbox 595 862 822 910; x_wconf 72' lang='lat' dir='ltr'><strong>radicula</strong></span> <span class='ocrx_word' id='word_1_64' title='bbox 853 860 1153 919; x_wconf 84' lang='lat' dir='ltr'><strong>brevissima,</strong></span> <span class='ocrx_word' id='word_1_65' title='bbox 1186 859 1311 907; x_wconf 83' lang='lat' dir='ltr'><strong>inter</strong></span> <span class='ocrx_word' id='word_1_66' title='bbox 1342 856 1657 925; x_wconf 86' lang='lat' dir='ltr'><strong>cotyledones</strong></span> <span class='ocrx_word' id='word_1_67' title='bbox 1687 867 1911 920; x_wconf 82' lang='lat' dir='ltr'><strong>retracta,</strong></span> 
     </span>
     <span class='ocr_line' id='line_1_11' title="bbox 90 953 280 1000; baseline -0.005 -17"><span class='ocrx_word' id='word_1_68' title='bbox 90 953 280 1000; x_wconf 86' lang='lat' dir='ltr'><strong>supera.</strong></span> 
     </span>
    </p>
   </div>
   <div class='ocr_carea' id='block_1_3' title="bbox 861 1038 1146 1073">
    <p class='ocr_par' dir='ltr' id='par_1_3' title="bbox 861 1038 1146 1073">
     <span class='ocr_line' id='line_1_12' title="bbox 861 1038 1146 1073; baseline -0.004 0"><span class='ocrx_word' id='word_1_69' title='bbox 861 1038 1146 1073; x_wconf 71' lang='lat' dir='ltr'>GENBRA.</span> 
     </span>
    </p>
   </div>
   <div class='ocr_carea' id='block_1_4' title="bbox 143 1112 1916 1645">
    <p class='ocr_par' dir='ltr' id='par_1_4' title="bbox 143 1112 1916 1319">
     <span class='ocr_line' id='line_1_13' title="bbox 202 1112 1786 1167; baseline -0.006 -8"><span class='ocrx_word' id='word_1_70' title='bbox 202 1125 326 1159; x_wconf 74' lang='lat'><strong>5962.</strong></span> <span class='ocrx_word' id='word_1_71' title='bbox 359 1122 538 1167; x_wconf 82' lang='lat' dir='ltr'><strong>Quassia</strong></span> <span class='ocrx_word' id='word_1_72' title='bbox 554 1118 647 1156; x_wconf 79' lang='lat' dir='ltr'><strong>DC.</strong></span> <span class='ocrx_word' id='word_1_73' title='bbox 1021 1162 1024 1163; x_wconf 19' lang='lat'><em>⁷</em></span> <span class='ocrx_word' id='word_1_74' title='bbox 1352 1112 1559 1157; x_wconf 72' lang='lat' dir='ltr'><strong>Mauduyta</strong></span> <span class='ocrx_word' id='word_1_75' title='bbox 1580 1114 1786 1151; x_wconf 73' lang='lat' dir='ltr'><strong>Commen.</strong></span> 
     </span>
     <span class='ocr_line' id='line_1_14' title="bbox 204 1156 1768 1216; baseline 0 -1"><span class='ocrx_word' id='word_1_76' title='bbox 204 1182 328 1216; x_wconf 85' lang='lat'><strong>5963.</strong></span> <span class='ocrx_word' id='word_1_77' title='bbox 361 1181 578 1216; x_wconf 85' lang='lat' dir='ltr'><strong>Simaruba</strong></span> <span class='ocrx_word' id='word_1_78' title='bbox 591 1173 721 1216; x_wconf 74' lang='lat' dir='ltr'><em>Aubl.</em></span> <span class='ocrx_word' id='word_1_79' title='bbox 1356 1156 1589 1200; x_wconf 80' lang='lat' dir='ltr'><strong>Manungala</strong></span> <span class='ocrx_word' id='word_1_80' title='bbox 1604 1157 1768 1193; x_wconf 64' lang='lat' dir='ltr'><strong><em>Blanffl·</em></strong></span> 
     </span>
     <span class='ocr_line' id='line_1_15' title="bbox 143 1234 1916 1319; baseline -0.001 -15"><span class='ocrx_word' id='word_1_81' title='bbox 143 1301 149 1309; x_wconf 88' lang='grc'><em>,</em></span> <span class='ocrx_word' id='word_1_82' title='bbox 205 1239 330 1274; x_wconf 79' lang='lat'><strong>5964.</strong></span> <span class='ocrx_word' id='word_1_83' title='bbox 362 1234 721 1319; x_wconf 36' lang='lat' dir='ltr'><strong>Singiffi&#39;ssffisfissflggol‘</strong></span> <span class='ocrx_word' id='word_1_84' title='bbox 1028 1259 1679 1303; x_wconf 77' lang='lat' dir='ltr'><strong>Generasimarubaceis</strong></span> <span class='ocrx_word' id='word_1_85' title='bbox 1698 1259 1916 1304; x_wconf 83' lang='lat' dir='ltr'><strong>affinia.</strong></span> 
     </span>
    </p>

    <p class='ocr_par' dir='ltr' id='par_1_5' title="bbox 414 1328 1617 1455">
     <span class='ocr_line' id='line_1_16' title="bbox 414 1328 1617 1411; baseline -0.015 -7"><span class='ocrx_word' id='word_1_86' title='bbox 414 1328 680 1411; x_wconf 47' lang='lat' dir='ltr'><strong>iiiift&#39;ri&#39;stssfi&#39;efiifa</strong></span> <span class='ocrx_word' id='word_1_87' title='bbox 698 1368 813 1404; x_wconf 54' lang='lat' dir='ltr'><strong>Necte,</strong></span> <span class='ocrx_word' id='word_1_88' title='bbox 1138 1352 1264 1387; x_wconf 73' lang='grc'><strong>5966.</strong></span> <span class='ocrx_word' id='word_1_89' title='bbox 1295 1350 1416 1388; x_wconf 79' lang='lat' dir='ltr'><strong>Nima</strong></span> <span class='ocrx_word' id='word_1_90' title='bbox 1433 1347 1617 1386; x_wconf 63' lang='lat' dir='ltr'><strong>Hamae.</strong></span> 
     </span>
     <span class='ocr_line' id='line_1_17' title="bbox 416 1411 1483 1455; baseline 0.003 -9"><span class='ocrx_word' id='word_1_91' title='bbox 416 1412 620 1455; x_wconf 73' lang='lat' dir='ltr'><strong>Zwingera</strong></span> <span class='ocrx_word' id='word_1_92' title='bbox 638 1412 680 1447; x_wconf 72' lang='lat' dir='ltr'><strong>S«</strong></span> <span class='ocrx_word' id='word_1_93' title='bbox 689 1411 792 1447; x_wconf 52' lang='lat' dir='ltr'><strong>brebe</strong></span> <span class='ocrx_word' id='word_1_94' title='bbox 1458 1417 1483 1442; x_wconf 82' lang='grc'><em>*</em></span> 
     </span>
    </p>

    <p class='ocr_par' dir='ltr' id='par_1_6' title="bbox 205 1463 1707 1645">
     <span class='ocr_line' id='line_1_18' title="bbox 205 1463 1685 1516; baseline -0.003 -15"><span class='ocrx_word' id='word_1_95' title='bbox 205 1466 329 1502; x_wconf 77' lang='grc'><strong>5965.</strong></span> <span class='ocrx_word' id='word_1_96' title='bbox 360 1465 586 1506; x_wconf 63' lang='grc' dir='ltr'><strong>δὸῐῐὶἔίιῖθῐζῆ</strong></span> <span class='ocrx_word' id='word_1_97' title='bbox 605 1463 762 1498; x_wconf 66' lang='grc' dir='ltr'><em>(ἰϋΓίη.</em></span> <span class='ocrx_word' id='word_1_98' title='bbox 1142 1474 1268 1515; x_wconf 56' lang='grc' dir='ltr'><strong>5965ξ.</strong></span> <span class='ocrx_word' id='word_1_99' title='bbox 1297 1479 1531 1516; x_wconf 71' lang='lat' dir='ltr'><strong>Picranena</strong></span> <span class='ocrx_word' id='word_1_100' title='bbox 1546 1475 1685 1516; x_wconf 54' lang='lat' dir='ltr'><em>Lindl.</em></span> 
     </span>
     <span class='ocr_line' id='line_1_19' title="bbox 417 1506 1250 1547; baseline 0.004 -2"><span class='ocrx_word' id='word_1_101' title='bbox 417 1512 651 1546; x_wconf 78' lang='lat' dir='ltr'><strong>Samandura</strong></span> <span class='ocrx_word' id='word_1_102' title='bbox 670 1512 782 1547; x_wconf 85' lang='lat' dir='ltr'><strong>Linn.</strong></span> <span class='ocrx_word' id='word_1_103' title='bbox 1234 1506 1250 1532; x_wconf 80' lang='lat'>¹</span> 
     </span>
     <span class='ocr_line' id='line_1_20' title="bbox 417 1544 1476 1590; baseline -0.001 -2"><span class='ocrx_word' id='word_1_104' title='bbox 417 1556 586 1589; x_wconf 69' lang='lat' dir='ltr'><strong>Lot-andi</strong></span> <span class='ocrx_word' id='word_1_105' title='bbox 605 1556 754 1590; x_wconf 74' lang='lat' dir='ltr'><strong>Adtms.</strong></span> <span class='ocrx_word' id='word_1_106' title='bbox 1451 1544 1476 1570; x_wconf 83' lang='lat'>*</span> 
     </span>
     <span class='ocr_line' id='line_1_21' title="bbox 413 1597 1707 1645; baseline 0.001 -2"><span class='ocrx_word' id='word_1_107' title='bbox 413 1598 655 1632; x_wconf 66' lang='lat' dir='ltr'><strong>V3t¹¹¹¹³¹¹¹¹3³</strong></span> <span class='ocrx_word' id='word_1_108' title='bbox 677 1597 788 1632; x_wconf 65' lang='lat' dir='ltr'><strong>V‘ffl·</strong></span> <span class='ocrx_word' id='word_1_109' title='bbox 1141 1608 1266 1644; x_wconf 83' lang='lat'><strong>5967.</strong></span> <span class='ocrx_word' id='word_1_110' title='bbox 1297 1606 1544 1643; x_wconf 85' lang='lat' dir='ltr'><strong>Harrisonia</strong></span> <span class='ocrx_word' id='word_1_111' title='bbox 1562 1604 1611 1641; x_wconf 80' lang='lat' dir='ltr'><strong>R.</strong></span> <span class='ocrx_word' id='word_1_112' title='bbox 1629 1604 1707 1645; x_wconf 83' lang='lat' dir='ltr'><strong>Br.</strong></span> 
     </span>
    </p>
   </div>
   <div class='ocr_carea' id='block_1_5' title="bbox 171 1640 719 1676">
    <p class='ocr_par' dir='ltr' id='par_1_7' title="bbox 171 1640 719 1676">
     <span class='ocr_line' id='line_1_22' title="bbox 171 1640 719 1676; baseline 0.002 -1"><span class='ocrx_word' id='word_1_113' title='bbox 171 1662 195 1675; x_wconf 40' lang='grc' dir='ltr'><strong>ἲ</strong></span> <span class='ocrx_word' id='word_1_114' title='bbox 416 1640 536 1675; x_wconf 75' lang='lat' dir='ltr'><strong>Niota</strong></span> <span class='ocrx_word' id='word_1_115' title='bbox 553 1641 665 1676; x_wconf 75' lang='lat' dir='ltr'><strong>Lam.</strong></span> <span class='ocrx_word' id='word_1_116' title='bbox 710 1646 719 1653; x_wconf 72' lang='lat'>‘</span> 
     </span>
    </p>
   </div>
   <div class='ocr_carea' id='block_1_6' title="bbox 413 1655 1740 1729">
    <p class='ocr_par' dir='ltr' id='par_1_8' title="bbox 413 1655 1740 1729">
     <span class='ocr_line' id='line_1_23' title="bbox 413 1655 1740 1729; baseline -0.001 -38"><span class='ocrx_word' id='word_1_117' title='bbox 413 1684 597 1729; x_wconf 62' lang='lat' dir='ltr'><strong>Biporeia</strong></span> <span class='ocrx_word' id='word_1_118' title='bbox 619 1683 810 1718; x_wconf 54' lang='lat' dir='ltr'><em>Thouan·</em></span> <span class='ocrx_word' id='word_1_119' title='bbox 1311 1655 1516 1698; x_wconf 79' lang='lat' dir='ltr'><strong>Ebelingia</strong></span> <span class='ocrx_word' id='word_1_120' title='bbox 1530 1655 1740 1692; x_wconf 74' lang='lat' dir='ltr'><strong>Reiclzenb.</strong></span> 
     </span>
    </p>
   </div>
   <div class='ocr_carea' id='block_1_7' title="bbox 90 1771 1926 2410">
    <p class='ocr_par' dir='ltr' id='par_1_9' title="bbox 90 1771 1926 2271">
     <span class='ocr_line' id='line_1_24' title="bbox 231 1771 1920 1825; baseline 0.001 -10"><span class='ocrx_word' id='word_1_121' title='bbox 231 1772 274 1815; x_wconf 64' lang='grc' dir='ltr'><strong><em>Α</em></strong></span> <span class='ocrx_word' id='word_1_122' title='bbox 287 1771 556 1817; x_wconf 67' lang='grc' dir='ltr'><strong>ίῖὶῃίίᾶηε.</strong></span> <span class='ocrx_word' id='word_1_123' title='bbox 617 1778 781 1814; x_wconf 86' lang='lat' dir='ltr'><strong>Ordinis</strong></span> <span class='ocrx_word' id='word_1_124' title='bbox 799 1776 1012 1822; x_wconf 83' lang='lat' dir='ltr'><strong>diagnosis</strong></span> <span class='ocrx_word' id='word_1_125' title='bbox 1028 1777 1068 1813; x_wconf 89' lang='lat' dir='ltr'><strong>in</strong></span> <span class='ocrx_word' id='word_1_126' title='bbox 1086 1777 1281 1823; x_wconf 78' lang='lat' dir='ltr'><strong>germinis</strong></span> <span class='ocrx_word' id='word_1_127' title='bbox 1299 1778 1408 1814; x_wconf 86' lang='lat' dir='ltr'><strong>lobis</strong></span> <span class='ocrx_word' id='word_1_128' title='bbox 1425 1781 1628 1823; x_wconf 79' lang='lat' dir='ltr'><strong>gemmula</strong></span> <span class='ocrx_word' id='word_1_129' title='bbox 1645 1779 1772 1816; x_wconf 90' lang='lat' dir='ltr'><strong>unica</strong></span> <span class='ocrx_word' id='word_1_130' title='bbox 1787 1779 1920 1825; x_wconf 84' lang='lat' dir='ltr'><strong>foetis,</strong></span> 
     </span>
     <span class='ocr_line' id='line_1_25' title="bbox 90 1834 1924 1883; baseline 0.001 -11"><span class='ocrx_word' id='word_1_131' title='bbox 90 1834 232 1879; x_wconf 80' lang='lat' dir='ltr'><strong>drupis</strong></span> <span class='ocrx_word' id='word_1_132' title='bbox 262 1834 636 1881; x_wconf 81' lang='lat' dir='ltr'><strong>indehiscentibus,</strong></span> <span class='ocrx_word' id='word_1_133' title='bbox 677 1835 847 1871; x_wconf 87' lang='lat' dir='ltr'><strong>seminis</strong></span> <span class='ocrx_word' id='word_1_134' title='bbox 885 1835 1185 1870; x_wconf 85' lang='lat' dir='ltr'><strong>exalbuminosi</strong></span> <span class='ocrx_word' id='word_1_135' title='bbox 1215 1835 1490 1878; x_wconf 76' lang='lat' dir='ltr'><strong>integumento</strong></span> <span class='ocrx_word' id='word_1_136' title='bbox 1521 1839 1851 1883; x_wconf 82' lang='lat' dir='ltr'><strong>membranaceo,</strong></span> <span class='ocrx_word' id='word_1_137' title='bbox 1884 1842 1924 1873; x_wconf 86' lang='lat' dir='ltr'><strong>et</strong></span> 
     </span>
     <span class='ocr_line' id='line_1_26' title="bbox 90 1892 1922 1938; baseline 0.001 -9"><span class='ocrx_word' id='word_1_138' title='bbox 90 1892 279 1929; x_wconf 80' lang='lat' dir='ltr'><strong>radicula</strong></span> <span class='ocrx_word' id='word_1_139' title='bbox 303 1893 408 1928; x_wconf 90' lang='lat' dir='ltr'><strong>inter</strong></span> <span class='ocrx_word' id='word_1_140' title='bbox 430 1895 692 1935; x_wconf 74' lang='lat' dir='ltr'><strong>cotyledones</strong></span> <span class='ocrx_word' id='word_1_141' title='bbox 716 1896 891 1928; x_wconf 88' lang='lat' dir='ltr'><strong>retracta</strong></span> <span class='ocrx_word' id='word_1_142' title='bbox 915 1892 1049 1935; x_wconf 81' lang='lat' dir='ltr'><strong>posita</strong></span> <span class='ocrx_word' id='word_1_143' title='bbox 1065 1896 1137 1928; x_wconf 90' lang='lat' dir='ltr'><strong>est.</strong></span> <span class='ocrx_word' id='word_1_144' title='bbox 1197 1893 1262 1927; x_wconf 90' lang='lat' dir='ltr'><strong>Ab</strong></span> <span class='ocrx_word' id='word_1_145' title='bbox 1280 1893 1528 1937; x_wconf 88' lang='lat' dir='ltr'><strong>Ochnaceis,</strong></span> <span class='ocrx_word' id='word_1_146' title='bbox 1561 1893 1709 1936; x_wconf 84' lang='lat' dir='ltr'><strong>quibus</strong></span> <span class='ocrx_word' id='word_1_147' title='bbox 1727 1895 1922 1938; x_wconf 79' lang='lat' dir='ltr'><strong>germinis</strong></span> 
     </span>
     <span class='ocr_line' id='line_1_27' title="bbox 91 1949 1923 1995; baseline 0.001 -9"><span class='ocrx_word' id='word_1_148' title='bbox 91 1949 304 1986; x_wconf 86' lang='lat' dir='ltr'><strong>elementis</strong></span> <span class='ocrx_word' id='word_1_149' title='bbox 330 1950 517 1984; x_wconf 83' lang='lat' dir='ltr'><strong>discretis</strong></span> <span class='ocrx_word' id='word_1_150' title='bbox 543 1950 767 1995; x_wconf 75' lang='lat' dir='ltr'><strong>proximae,</strong></span> <span class='ocrx_word' id='word_1_151' title='bbox 803 1949 903 1985; x_wconf 84' lang='lat' dir='ltr'><strong>disci</strong></span> <span class='ocrx_word' id='word_1_152' title='bbox 929 1949 1107 1994; x_wconf 86' lang='lat' dir='ltr'><strong>defectu,</strong></span> <span class='ocrx_word' id='word_1_153' title='bbox 1140 1949 1321 1984; x_wconf 86' lang='lat' dir='ltr'><strong>antheris</strong></span> <span class='ocrx_word' id='word_1_154' title='bbox 1338 1950 1691 1992; x_wconf 79' lang='lat' dir='ltr'><strong>longitudinaliter</strong></span> <span class='ocrx_word' id='word_1_155' title='bbox 1709 1951 1923 1987; x_wconf 85' lang='lat' dir='ltr'><strong>dehiscen-</strong></span> 
     </span>
     <span class='ocr_line' id='line_1_28' title="bbox 91 2007 1924 2056; baseline 0.001 -14"><span class='ocrx_word' id='word_1_156' title='bbox 91 2007 220 2052; x_wconf 86' lang='lat' dir='ltr'><strong>tibus,</strong></span> <span class='ocrx_word' id='word_1_157' title='bbox 254 2008 376 2049; x_wconf 79' lang='lat' dir='ltr'><strong>stylis</strong></span> <span class='ocrx_word' id='word_1_158' title='bbox 394 2009 660 2050; x_wconf 74' lang='lat' dir='ltr'><strong>carpophylta</strong></span> <span class='ocrx_word' id='word_1_159' title='bbox 677 2007 1008 2051; x_wconf 70' lang='lat' dir='ltr'><strong>terminantibus,</strong></span> <span class='ocrx_word' id='word_1_160' title='bbox 1042 2009 1258 2048; x_wconf 80' lang='lat' dir='ltr'><strong>embryone</strong></span> <span class='ocrx_word' id='word_1_161' title='bbox 1274 2016 1432 2048; x_wconf 78' lang='lat' dir='ltr'><strong>semper</strong></span> <span class='ocrx_word' id='word_1_162' title='bbox 1448 2007 1779 2056; x_wconf 85' lang='lat' dir='ltr'><strong>exalbuminoso‚</strong></span> <span class='ocrx_word' id='word_1_163' title='bbox 1811 2008 1924 2044; x_wconf 87' lang='lat' dir='ltr'><strong>radi-</strong></span> 
     </span>
     <span class='ocr_line' id='line_1_29' title="bbox 91 2063 1924 2108; baseline 0.002 -10"><span class='ocrx_word' id='word_1_164' title='bbox 91 2067 212 2099; x_wconf 87' lang='lat' dir='ltr'><strong>culae</strong></span> <span class='ocrx_word' id='word_1_165' title='bbox 229 2064 307 2098; x_wconf 86' lang='lat' dir='ltr'><strong>situ</strong></span> <span class='ocrx_word' id='word_1_166' title='bbox 327 2067 562 2098; x_wconf 70' lang='lat' dir='ltr'><strong>constanter</strong></span> <span class='ocrx_word' id='word_1_167' title='bbox 578 2073 725 2107; x_wconf 81' lang='lat' dir='ltr'><strong>supero</strong></span> <span class='ocrx_word' id='word_1_168' title='bbox 743 2068 778 2099; x_wconf 86' lang='lat' dir='ltr'><strong>et</strong></span> <span class='ocrx_word' id='word_1_169' title='bbox 799 2063 909 2099; x_wconf 87' lang='lat' dir='ltr'><strong>foliis</strong></span> <span class='ocrx_word' id='word_1_170' title='bbox 927 2063 1173 2106; x_wconf 79' lang='lat' dir='ltr'><strong>saepissime</strong></span> <span class='ocrx_word' id='word_1_171' title='bbox 1190 2064 1424 2105; x_wconf 76' lang='lat' dir='ltr'><strong>compositis</strong></span> <span class='ocrx_word' id='word_1_172' title='bbox 1443 2063 1761 2108; x_wconf 79' lang='lat' dir='ltr'><strong>distinguuntur.</strong></span> <span class='ocrx_word' id='word_1_173' title='bbox 1823 2066 1924 2102; x_wconf 85' lang='lat' dir='ltr'><strong>Cum</strong></span> 
     </span>
     <span class='ocr_line' id='line_1_30' title="bbox 91 2120 1924 2169; baseline 0.002 -14"><span class='ocrx_word' id='word_1_174' title='bbox 91 2120 389 2163; x_wconf 83' lang='lat' dir='ltr'><strong>Zygophylleis</strong></span> <span class='ocrx_word' id='word_1_175' title='bbox 413 2121 658 2156; x_wconf 81' lang='lat' dir='ltr'><strong>staminibus</strong></span> <span class='ocrx_word' id='word_1_176' title='bbox 684 2123 898 2163; x_wconf 78' lang='lat' dir='ltr'><strong>sqamulae</strong></span> <span class='ocrx_word' id='word_1_177' title='bbox 922 2122 1039 2155; x_wconf 86' lang='lat' dir='ltr'><strong>dorso</strong></span> <span class='ocrx_word' id='word_1_178' title='bbox 1058 2120 1224 2155; x_wconf 88' lang='lat' dir='ltr'><strong>insertis</strong></span> <span class='ocrx_word' id='word_1_179' title='bbox 1240 2121 1505 2165; x_wconf 77' lang='lat' dir='ltr'><strong>conveniunt,</strong></span> <span class='ocrx_word' id='word_1_180' title='bbox 1539 2121 1734 2164; x_wconf 82' lang='lat' dir='ltr'><strong>germinis</strong></span> <span class='ocrx_word' id='word_1_181' title='bbox 1752 2121 1924 2169; x_wconf 85' lang='lat' dir='ltr'><strong>fabrica,</strong></span> 
     </span>
     <span class='ocr_line' id='line_1_31' title="bbox 92 2176 1926 2226; baseline 0.002 -14"><span class='ocrx_word' id='word_1_182' title='bbox 92 2179 387 2222; x_wconf 82' lang='lat' dir='ltr'><strong>gemmularum</strong></span> <span class='ocrx_word' id='word_1_183' title='bbox 406 2186 592 2224; x_wconf 88' lang='lat' dir='ltr'><strong>numero,</strong></span> <span class='ocrx_word' id='word_1_184' title='bbox 618 2177 776 2214; x_wconf 80' lang='lat' dir='ltr'><strong>fructus</strong></span> <span class='ocrx_word' id='word_1_185' title='bbox 793 2177 949 2226; x_wconf 84' lang='lat' dir='ltr'><strong>indole,</strong></span> <span class='ocrx_word' id='word_1_186' title='bbox 975 2177 1199 2214; x_wconf 85' lang='lat' dir='ltr'><strong>albuminis</strong></span> <span class='ocrx_word' id='word_1_187' title='bbox 1217 2176 1376 2212; x_wconf 85' lang='lat' dir='ltr'><strong>defectu</strong></span> <span class='ocrx_word' id='word_1_188' title='bbox 1391 2182 1426 2213; x_wconf 91' lang='lat' dir='ltr'><strong>et</strong></span> <span class='ocrx_word' id='word_1_189' title='bbox 1444 2178 1678 2221; x_wconf 80' lang='lat' dir='ltr'><strong>embryonis</strong></span> <span class='ocrx_word' id='word_1_190' title='bbox 1695 2178 1926 2216; x_wconf 82' lang='lat' dir='ltr'><strong>conforma-</strong></span> 
     </span>
     <span class='ocr_line' id='line_1_32' title="bbox 93 2233 536 2271; baseline 0 -1"><span class='ocrx_word' id='word_1_191' title='bbox 93 2234 200 2271; x_wconf 81' lang='lat' dir='ltr'><strong>tione</strong></span> <span class='ocrx_word' id='word_1_192' title='bbox 217 2233 536 2270; x_wconf 80' lang='lat' dir='ltr'><strong>diversissimae.</strong></span> 
     </span>
    </p>

    <p class='ocr_par' dir='ltr' id='par_1_10' title="bbox 94 2297 1925 2410">
     <span class='ocr_line' id='line_1_33' title="bbox 237 2297 1924 2355; baseline 0.001 -13"><span class='ocrx_word' id='word_1_193' title='bbox 237 2297 670 2354; x_wconf 68' lang='lat' dir='ltr'><strong>Geographia.</strong></span> <span class='ocrx_word' id='word_1_194' title='bbox 730 2305 1071 2353; x_wconf 87' lang='lat' dir='ltr'><strong>Simarubaceae,</strong></span> <span class='ocrx_word' id='word_1_195' title='bbox 1102 2308 1264 2350; x_wconf 84' lang='lat' dir='ltr'><strong>praeter</strong></span> <span class='ocrx_word' id='word_1_196' title='bbox 1293 2305 1571 2349; x_wconf 83' lang='lat' dir='ltr'><strong>paucissimas</strong></span> <span class='ocrx_word' id='word_1_197' title='bbox 1603 2306 1924 2355; x_wconf 81' lang='lat' dir='ltr'><strong>simplicifolias,</strong></span> 
     </span>
     <span class='ocr_line' id='line_1_34' title="bbox 94 2361 1925 2410; baseline 0.001 -10"><span class='ocrx_word' id='word_1_198' title='bbox 94 2361 140 2400; x_wconf 87' lang='lat' dir='ltr'><strong>in</strong></span> <span class='ocrx_word' id='word_1_199' title='bbox 152 2361 258 2399; x_wconf 86' lang='lat' dir='ltr'><strong>Asia</strong></span> <span class='ocrx_word' id='word_1_200' title='bbox 275 2362 429 2406; x_wconf 85' lang='lat' dir='ltr'><strong>tropica</strong></span> <span class='ocrx_word' id='word_1_201' title='bbox 446 2366 483 2398; x_wconf 87' lang='lat' dir='ltr'><strong>et</strong></span> <span class='ocrx_word' id='word_1_202' title='bbox 501 2362 822 2407; x_wconf 81' lang='lat' dir='ltr'><strong>madagascaria</strong></span> <span class='ocrx_word' id='word_1_203' title='bbox 838 2367 1092 2410; x_wconf 88' lang='lat' dir='ltr'><strong>crescentes,</strong></span> <span class='ocrx_word' id='word_1_204' title='bbox 1116 2362 1352 2398; x_wconf 86' lang='lat' dir='ltr'><strong>Americam</strong></span> <span class='ocrx_word' id='word_1_205' title='bbox 1370 2363 1710 2405; x_wconf 81' lang='lat' dir='ltr'><strong>aequinoctialem</strong></span> <span class='ocrx_word' id='word_1_206' title='bbox 1728 2364 1925 2401; x_wconf 89' lang='lat' dir='ltr'><strong>incolunt.</strong></span> 
     </span>
    </p>
   </div>
   <div class='ocr_carea' id='block_1_8' title="bbox 93 2427 1931 3561">
    <p class='ocr_par' dir='ltr' id='par_1_11' title="bbox 93 2427 1931 3561">
     <span class='ocr_line' id='line_1_35' title="bbox 235 2427 1924 2479; baseline 0.001 -9"><span class='ocrx_word' id='word_1_207' title='bbox 235 2427 597 2479; x_wconf 62' lang='lat' dir='ltr'><strong>stltalitates</strong></span> <span class='ocrx_word' id='word_1_208' title='bbox 633 2437 672 2469; x_wconf 86' lang='lat' dir='ltr'><strong>et</strong></span> <span class='ocrx_word' id='word_1_209' title='bbox 699 2440 870 2472; x_wconf 82' lang='lat' dir='ltr'><strong>usus.</strong></span> <span class='ocrx_word' id='word_1_210' title='bbox 938 2434 1204 2469; x_wconf 83' lang='lat' dir='ltr'><strong>substantiae</strong></span> <span class='ocrx_word' id='word_1_211' title='bbox 1234 2433 1491 2468; x_wconf 81' lang='lat' dir='ltr'><strong>extractivae</strong></span> <span class='ocrx_word' id='word_1_212' title='bbox 1521 2434 1746 2476; x_wconf 85' lang='lat' dir='ltr'><strong>peculiaris</strong></span> <span class='ocrx_word' id='word_1_213' title='bbox 1775 2435 1924 2471; x_wconf 84' lang='lat' dir='ltr'><strong>indolis</strong></span> 
     </span>
     <span class='ocr_line' id='line_1_36' title="bbox 97 2490 1925 2535; baseline 0.002 -10"><span class='ocrx_word' id='word_1_214' title='bbox 97 2490 383 2535; x_wconf 75' lang='lat' dir='ltr'><strong>(Quassinae)</strong></span> <span class='ocrx_word' id='word_1_215' title='bbox 396 2514 407 2535; x_wconf 90' lang='lat'><strong>,</strong></span> <span class='ocrx_word' id='word_1_216' title='bbox 440 2500 544 2533; x_wconf 87' lang='lat' dir='ltr'><strong>quae</strong></span> <span class='ocrx_word' id='word_1_217' title='bbox 569 2490 728 2533; x_wconf 82' lang='lat' dir='ltr'><strong>quidem</strong></span> <span class='ocrx_word' id='word_1_218' title='bbox 746 2501 817 2533; x_wconf 82' lang='lat' dir='ltr'><strong>per</strong></span> <span class='ocrx_word' id='word_1_219' title='bbox 832 2501 877 2526; x_wconf 86' lang='lat' dir='ltr'><strong>se</strong></span> <span class='ocrx_word' id='word_1_220' title='bbox 893 2491 1104 2526; x_wconf 86' lang='lat' dir='ltr'><strong>narcotica</strong></span> <span class='ocrx_word' id='word_1_221' title='bbox 1120 2493 1203 2535; x_wconf 82' lang='lat' dir='ltr'><strong>est,</strong></span> <span class='ocrx_word' id='word_1_222' title='bbox 1236 2499 1376 2525; x_wconf 89' lang='lat' dir='ltr'><strong>omnes</strong></span> <span class='ocrx_word' id='word_1_223' title='bbox 1392 2490 1595 2534; x_wconf 75' lang='lat' dir='ltr'><strong>Insignem</strong></span> <span class='ocrx_word' id='word_1_224' title='bbox 1614 2493 1757 2527; x_wconf 84' lang='lat' dir='ltr'><strong>debent</strong></span> <span class='ocrx_word' id='word_1_225' title='bbox 1773 2493 1925 2528; x_wconf 88' lang='lat' dir='ltr'><strong>amari-</strong></span> 
     </span>
     <span class='ocr_line' id='line_1_37' title="bbox 95 2546 1926 2594; baseline 0.001 -11"><span class='ocrx_word' id='word_1_226' title='bbox 95 2548 212 2593; x_wconf 81' lang='lat' dir='ltr'><strong>tiem,</strong></span> <span class='ocrx_word' id='word_1_227' title='bbox 245 2558 266 2583; x_wconf 92' lang='lat' dir='ltr'><strong>e</strong></span> <span class='ocrx_word' id='word_1_228' title='bbox 289 2556 369 2590; x_wconf 84' lang='lat' dir='ltr'><strong>qua</strong></span> <span class='ocrx_word' id='word_1_229' title='bbox 387 2547 572 2590; x_wconf 79' lang='lat' dir='ltr'><strong>pauxillo</strong></span> <span class='ocrx_word' id='word_1_230' title='bbox 588 2547 668 2582; x_wconf 88' lang='lat' dir='ltr'><strong>olei</strong></span> <span class='ocrx_word' id='word_1_231' title='bbox 684 2548 883 2592; x_wconf 83' lang='lat' dir='ltr'><strong>aetherei,</strong></span> <span class='ocrx_word' id='word_1_232' title='bbox 916 2548 1056 2583; x_wconf 88' lang='lat' dir='ltr'><strong>resina</strong></span> <span class='ocrx_word' id='word_1_233' title='bbox 1073 2550 1110 2582; x_wconf 90' lang='lat' dir='ltr'><strong>et</strong></span> <span class='ocrx_word' id='word_1_234' title='bbox 1127 2546 1288 2582; x_wconf 86' lang='lat' dir='ltr'><strong>salibus</strong></span> <span class='ocrx_word' id='word_1_235' title='bbox 1305 2546 1545 2589; x_wconf 86' lang='lat' dir='ltr'><strong>quibusdam</strong></span> <span class='ocrx_word' id='word_1_236' title='bbox 1564 2552 1808 2594; x_wconf 86' lang='lat' dir='ltr'><strong>temperata,</strong></span> <span class='ocrx_word' id='word_1_237' title='bbox 1839 2548 1926 2585; x_wconf 85' lang='lat' dir='ltr'><strong>vir-</strong></span> 
     </span>
     <span class='ocr_line' id='line_1_38' title="bbox 94 2603 1926 2649; baseline 0.001 -9"><span class='ocrx_word' id='word_1_238' title='bbox 94 2609 217 2641; x_wconf 83' lang='lat' dir='ltr'><strong>tutem</strong></span> <span class='ocrx_word' id='word_1_239' title='bbox 243 2607 496 2640; x_wconf 84' lang='lat' dir='ltr'><strong>roborantem</strong></span> <span class='ocrx_word' id='word_1_240' title='bbox 523 2607 728 2648; x_wconf 77' lang='lat' dir='ltr'><strong>repetunt,</strong></span> <span class='ocrx_word' id='word_1_241' title='bbox 762 2604 1003 2648; x_wconf 86' lang='lat' dir='ltr'><strong>digestionis</strong></span> <span class='ocrx_word' id='word_1_242' title='bbox 1028 2608 1065 2639; x_wconf 91' lang='lat' dir='ltr'><strong>et</strong></span> <span class='ocrx_word' id='word_1_243' title='bbox 1088 2604 1243 2647; x_wconf 86' lang='lat' dir='ltr'><strong>primae</strong></span> <span class='ocrx_word' id='word_1_244' title='bbox 1268 2603 1582 2638; x_wconf 81' lang='lat' dir='ltr'><strong>assimilationis</strong></span> <span class='ocrx_word' id='word_1_245' title='bbox 1600 2605 1766 2648; x_wconf 85' lang='lat' dir='ltr'><strong>organis</strong></span> <span class='ocrx_word' id='word_1_246' title='bbox 1784 2605 1926 2649; x_wconf 83' lang='lat' dir='ltr'><strong>impri-</strong></span> 
     </span>
     <span class='ocr_line' id='line_1_39' title="bbox 93 2659 1926 2707; baseline 0.001 -10"><span class='ocrx_word' id='word_1_247' title='bbox 93 2661 172 2698; x_wconf 84' lang='lat' dir='ltr'><strong>mis</strong></span> <span class='ocrx_word' id='word_1_248' title='bbox 203 2662 389 2697; x_wconf 84' lang='lat' dir='ltr'><strong>amicam.</strong></span> <span class='ocrx_word' id='word_1_249' title='bbox 453 2659 641 2704; x_wconf 73' lang='lat' dir='ltr'><strong>Quassm</strong></span> <span class='ocrx_word' id='word_1_250' title='bbox 673 2669 831 2694; x_wconf 76' lang='lat' dir='ltr'><strong>antara</strong></span> <span class='ocrx_word' id='word_1_251' title='bbox 858 2661 979 2697; x_wconf 91' lang='lat' dir='ltr'><strong>Linn.</strong></span> <span class='ocrx_word' id='word_1_252' title='bbox 1010 2661 1117 2696; x_wconf 89' lang='lat' dir='ltr'><strong>inter</strong></span> <span class='ocrx_word' id='word_1_253' title='bbox 1146 2663 1222 2696; x_wconf 89' lang='lat' dir='ltr'><strong>has</strong></span> <span class='ocrx_word' id='word_1_254' title='bbox 1254 2660 1412 2695; x_wconf 82' lang='lat' dir='ltr'><strong>viribus</strong></span> <span class='ocrx_word' id='word_1_255' title='bbox 1437 2660 1605 2707; x_wconf 89' lang='lat' dir='ltr'><strong>eminet,</strong></span> <span class='ocrx_word' id='word_1_256' title='bbox 1637 2664 1860 2698; x_wconf 85' lang='lat' dir='ltr'><strong>arbuscula</strong></span> <span class='ocrx_word' id='word_1_257' title='bbox 1882 2662 1926 2698; x_wconf 89' lang='lat' dir='ltr'><strong>in</strong></span> 
     </span>
     <span class='ocr_line' id='line_1_40' title="bbox 95 2715 1924 2762; baseline 0.001 -9"><span class='ocrx_word' id='word_1_258' title='bbox 95 2718 312 2753; x_wconf 86' lang='lat' dir='ltr'><strong>Surinamo</strong></span> <span class='ocrx_word' id='word_1_259' title='bbox 329 2717 544 2761; x_wconf 68' lang='lat' dir='ltr'><strong>indigena,</strong></span> <span class='ocrx_word' id='word_1_260' title='bbox 564 2717 606 2752; x_wconf 89' lang='lat' dir='ltr'><strong>in</strong></span> <span class='ocrx_word' id='word_1_261' title='bbox 625 2717 804 2762; x_wconf 89' lang='lat' dir='ltr'><strong>Guiana‚</strong></span> <span class='ocrx_word' id='word_1_262' title='bbox 824 2718 1006 2753; x_wconf 88' lang='lat' dir='ltr'><strong>Brasilia</strong></span> <span class='ocrx_word' id='word_1_263' title='bbox 1021 2718 1177 2754; x_wconf 87' lang='lat' dir='ltr'><strong>boreali</strong></span> <span class='ocrx_word' id='word_1_264' title='bbox 1194 2722 1230 2753; x_wconf 86' lang='lat' dir='ltr'><strong>et</strong></span> <span class='ocrx_word' id='word_1_265' title='bbox 1241 2715 1411 2752; x_wconf 83' lang='lat' dir='ltr'><strong>Antillis</strong></span> <span class='ocrx_word' id='word_1_266' title='bbox 1429 2717 1580 2751; x_wconf 88' lang='lat' dir='ltr'><strong>insulis</strong></span> <span class='ocrx_word' id='word_1_267' title='bbox 1598 2719 1720 2754; x_wconf 87' lang='lat' dir='ltr'><strong>culta.</strong></span> <span class='ocrx_word' id='word_1_268' title='bbox 1749 2718 1924 2762; x_wconf 85' lang='lat' dir='ltr'><strong>Lignum</strong></span> 
     </span>
     <span class='ocr_line' id='line_1_41' title="bbox 95 2770 1931 2820; baseline 0 -10"><span class='ocrx_word' id='word_1_269' title='bbox 95 2775 228 2810; x_wconf 85' lang='lat' dir='ltr'><strong>trunci</strong></span> <span class='ocrx_word' id='word_1_270' title='bbox 247 2775 401 2817; x_wconf 81' lang='lat' dir='ltr'><strong>pallide</strong></span> <span class='ocrx_word' id='word_1_271' title='bbox 417 2774 565 2810; x_wconf 84' lang='lat' dir='ltr'><strong>flavum</strong></span> <span class='ocrx_word' id='word_1_272' title='bbox 578 2802 587 2820; x_wconf 94' lang='lat'><strong>,</strong></span> <span class='ocrx_word' id='word_1_273' title='bbox 613 2775 718 2819; x_wconf 88' lang='lat' dir='ltr'><strong>leve,</strong></span> <span class='ocrx_word' id='word_1_274' title='bbox 744 2775 813 2810; x_wconf 91' lang='lat' dir='ltr'><strong>sed</strong></span> <span class='ocrx_word' id='word_1_275' title='bbox 833 2775 991 2810; x_wconf 84' lang='lat' dir='ltr'><strong>tenacis</strong></span> <span class='ocrx_word' id='word_1_276' title='bbox 1007 2778 1044 2810; x_wconf 91' lang='lat' dir='ltr'><strong>et</strong></span> <span class='ocrx_word' id='word_1_277' title='bbox 1061 2775 1200 2810; x_wconf 88' lang='lat' dir='ltr'><strong>firmae</strong></span> <span class='ocrx_word' id='word_1_278' title='bbox 1218 2773 1441 2819; x_wconf 83' lang='lat' dir='ltr'><strong>compagis,</strong></span> <span class='ocrx_word' id='word_1_279' title='bbox 1466 2770 1594 2819; x_wconf 62' lang='lat' dir='ltr'><strong>Ligna·</strong></span> <span class='ocrx_word' id='word_1_280' title='bbox 1610 2771 1821 2818; x_wconf 72' lang='lat' dir='ltr'><strong>Quassz&#39;ae</strong></span> <span class='ocrx_word' id='word_1_281' title='bbox 1837 2774 1931 2811; x_wconf 74' lang='lat' dir='ltr'><strong>vem·</strong></span> 
     </span>
     <span class='ocr_line' id='line_1_42' title="bbox 95 2830 1928 2879; baseline 0.001 -12"><span class='ocrx_word' id='word_1_282' title='bbox 95 2841 130 2870; x_wconf 78' lang='lat' dir='ltr'><strong>s.</strong></span> <span class='ocrx_word' id='word_1_283' title='bbox 154 2831 461 2867; x_wconf 72' lang='lat' dir='ltr'><strong>surv‘namensv’s</strong></span> <span class='ocrx_word' id='word_1_284' title='bbox 483 2833 685 2866; x_wconf 84' lang='lat' dir='ltr'><strong>vocabulo</strong></span> <span class='ocrx_word' id='word_1_285' title='bbox 708 2831 750 2866; x_wconf 91' lang='lat' dir='ltr'><strong>in</strong></span> <span class='ocrx_word' id='word_1_286' title='bbox 775 2830 949 2867; x_wconf 85' lang='lat' dir='ltr'><strong>officinis</strong></span> <span class='ocrx_word' id='word_1_287' title='bbox 966 2835 1048 2876; x_wconf 80' lang='lat' dir='ltr'><strong>est,</strong></span> <span class='ocrx_word' id='word_1_288' title='bbox 1080 2830 1186 2866; x_wconf 90' lang='lat' dir='ltr'><strong>inter</strong></span> <span class='ocrx_word' id='word_1_289' title='bbox 1201 2833 1423 2873; x_wconf 81' lang='lat' dir='ltr'><strong>pharmaca</strong></span> <span class='ocrx_word' id='word_1_290' title='bbox 1439 2838 1582 2866; x_wconf 86' lang='lat' dir='ltr'><strong>amara</strong></span> <span class='ocrx_word' id='word_1_291' title='bbox 1597 2831 1819 2879; x_wconf 76' lang='lat' dir='ltr'><strong>primariae</strong></span> <span class='ocrx_word' id='word_1_292' title='bbox 1832 2833 1928 2868; x_wconf 86' lang='lat' dir='ltr'><strong>lau-</strong></span> 
     </span>
     <span class='ocr_line' id='line_1_43' title="bbox 98 2884 1926 2936; baseline 0.001 -12"><span class='ocrx_word' id='word_1_293' title='bbox 98 2887 176 2924; x_wconf 84' lang='lat' dir='ltr'><strong>dis.</strong></span> <span class='ocrx_word' id='word_1_294' title='bbox 220 2884 398 2936; x_wconf 69' lang='lat' dir='ltr'><strong>Lignum</strong></span> <span class='ocrx_word' id='word_1_295' title='bbox 420 2885 921 2932; x_wconf 66' lang='lat' dir='ltr'><strong>Quas-siaejamm&#39;eensis</strong></span> <span class='ocrx_word' id='word_1_296' title='bbox 937 2887 1141 2923; x_wconf 84' lang='lat' dir='ltr'><strong>intensius</strong></span> <span class='ocrx_word' id='word_1_297' title='bbox 1158 2887 1351 2922; x_wconf 75' lang='lat' dir='ltr'><strong>ssavidum</strong></span> <span class='ocrx_word' id='word_1_298' title='bbox 1365 2913 1375 2933; x_wconf 97' lang='lat'><strong>,</strong></span> <span class='ocrx_word' id='word_1_299' title='bbox 1407 2887 1597 2933; x_wconf 82' lang='lat' dir='ltr'><strong>densiuS,</strong></span> <span class='ocrx_word' id='word_1_300' title='bbox 1629 2887 1819 2931; x_wconf 84' lang='lat' dir='ltr'><strong>fibrisque</strong></span> <span class='ocrx_word' id='word_1_301' title='bbox 1833 2891 1926 2926; x_wconf 84' lang='lat' dir='ltr'><strong>bre-</strong></span> 
     </span>
     <span class='ocr_line' id='line_1_44' title="bbox 95 2941 1928 2987; baseline 0.001 -6"><span class='ocrx_word' id='word_1_302' title='bbox 95 2945 282 2981; x_wconf 85' lang='lat' dir='ltr'><strong>vioribus</strong></span> <span class='ocrx_word' id='word_1_303' title='bbox 311 2945 447 2981; x_wconf 89' lang='lat' dir='ltr'><strong>minus</strong></span> <span class='ocrx_word' id='word_1_304' title='bbox 473 2949 597 2981; x_wconf 83' lang='lat' dir='ltr'><strong>tenax</strong></span> <span class='ocrx_word' id='word_1_305' title='bbox 621 2949 660 2980; x_wconf 84' lang='lat' dir='ltr'><strong>et</strong></span> <span class='ocrx_word' id='word_1_306' title='bbox 682 2945 988 2981; x_wconf 86' lang='lat' dir='ltr'><strong>amarissimum</strong></span> <span class='ocrx_word' id='word_1_307' title='bbox 1013 2955 1035 2980; x_wconf 91' lang='lat' dir='ltr'><strong>e</strong></span> <span class='ocrx_word' id='word_1_308' title='bbox 1058 2942 1306 2978; x_wconf 67' lang='lat' dir='ltr'><strong>Pv&#39;ereznena</strong></span> <span class='ocrx_word' id='word_1_309' title='bbox 1330 2941 1504 2978; x_wconf 69' lang='lat' dir='ltr'><strong>excelsa</strong></span> <span class='ocrx_word' id='word_1_310' title='bbox 1525 2943 1661 2980; x_wconf 89' lang='lat' dir='ltr'><strong>Lindl.</strong></span> <span class='ocrx_word' id='word_1_311' title='bbox 1687 2942 1928 2987; x_wconf 81' lang='lat' dir='ltr'><strong>(simaruba</strong></span> 
     </span>
     <span class='ocr_line' id='line_1_45' title="bbox 97 3000 1929 3048; baseline 0 -10"><span class='ocrx_word' id='word_1_312' title='bbox 97 3005 268 3038; x_wconf 85' lang='lat' dir='ltr'><strong>excelsa</strong></span> <span class='ocrx_word' id='word_1_313' title='bbox 281 3001 406 3048; x_wconf 65' lang='lat' dir='ltr'><strong>Du),</strong></span> <span class='ocrx_word' id='word_1_314' title='bbox 430 3001 647 3045; x_wconf 81' lang='lat' dir='ltr'><strong>spectabili</strong></span> <span class='ocrx_word' id='word_1_315' title='bbox 664 3000 829 3038; x_wconf 85' lang='lat' dir='ltr'><strong>insulae</strong></span> <span class='ocrx_word' id='word_1_316' title='bbox 843 3001 1054 3038; x_wconf 85' lang='lat' dir='ltr'><strong>Jamaicae</strong></span> <span class='ocrx_word' id='word_1_317' title='bbox 1070 3003 1226 3047; x_wconf 87' lang='lat' dir='ltr'><strong>arbore,</strong></span> <span class='ocrx_word' id='word_1_318' title='bbox 1242 3003 1442 3047; x_wconf 78' lang='lat' dir='ltr'><strong>repetunt,</strong></span> <span class='ocrx_word' id='word_1_319' title='bbox 1468 3005 1572 3043; x_wconf 79' lang='lat' dir='ltr'><strong>quae</strong></span> <span class='ocrx_word' id='word_1_320' title='bbox 1589 3000 1748 3044; x_wconf 79' lang='lat' dir='ltr'><strong>quidem</strong></span> <span class='ocrx_word' id='word_1_321' title='bbox 1764 3002 1929 3038; x_wconf 85' lang='lat' dir='ltr'><strong>botani-</strong></span> 
     </span>
     <span class='ocr_line' id='line_1_46' title="bbox 97 3050 1927 3108; baseline -0.001 -13"><span class='ocrx_word' id='word_1_322' title='bbox 97 3050 160 3095; x_wconf 80' lang='lat' dir='ltr'><strong>cis</strong></span> <span class='ocrx_word' id='word_1_323' title='bbox 189 3058 327 3095; x_wconf 84' lang='lat' dir='ltr'><strong>minus</strong></span> <span class='ocrx_word' id='word_1_324' title='bbox 358 3058 535 3102; x_wconf 75' lang='lat' dir='ltr'><strong>perfecte</strong></span> <span class='ocrx_word' id='word_1_325' title='bbox 563 3057 749 3104; x_wconf 84' lang='lat' dir='ltr'><strong>cognita,</strong></span> <span class='ocrx_word' id='word_1_326' title='bbox 782 3059 1037 3103; x_wconf 81' lang='lat' dir='ltr'><strong>aliquomodo</strong></span> <span class='ocrx_word' id='word_1_327' title='bbox 1067 3057 1394 3102; x_wconf 84' lang='lat' dir='ltr'><strong>characteribus,</strong></span> <span class='ocrx_word' id='word_1_328' title='bbox 1425 3057 1468 3092; x_wconf 88' lang='lat' dir='ltr'><strong>in</strong></span> <span class='ocrx_word' id='word_1_329' title='bbox 1499 3061 1695 3100; x_wconf 78' lang='lat' dir='ltr'><strong>quantum</strong></span> <span class='ocrx_word' id='word_1_330' title='bbox 1726 3061 1927 3108; x_wconf 77' lang='lat' dir='ltr'><strong>constant,</strong></span> 
     </span>
     <span class='ocr_line' id='line_1_47' title="bbox 97 3112 1927 3165; baseline -0.001 -13"><span class='ocrx_word' id='word_1_331' title='bbox 97 3117 204 3152; x_wconf 83' lang='lat' dir='ltr'><strong>inter</strong></span> <span class='ocrx_word' id='word_1_332' title='bbox 225 3114 474 3152; x_wconf 86' lang='lat' dir='ltr'><strong>contribules</strong></span> <span class='ocrx_word' id='word_1_333' title='bbox 497 3118 690 3151; x_wconf 86' lang='lat' dir='ltr'><strong>anomala</strong></span> <span class='ocrx_word' id='word_1_334' title='bbox 711 3115 884 3152; x_wconf 83' lang='lat' dir='ltr'><strong>videtur.</strong></span> <span class='ocrx_word' id='word_1_335' title='bbox 945 3112 1195 3165; x_wconf 64' lang='lat' dir='ltr'><strong>Sq‘marubae</strong></span> <span class='ocrx_word' id='word_1_336' title='bbox 1207 3112 1454 3161; x_wconf 74' lang='lat' dir='ltr'><strong>gm‘anensae&#39;s</strong></span> <span class='ocrx_word' id='word_1_337' title='bbox 1478 3114 1592 3150; x_wconf 79' lang='lat' dir='ltr'><strong>Rich.</strong></span> <span class='ocrx_word' id='word_1_338' title='bbox 1621 3118 1660 3150; x_wconf 82' lang='lat' dir='ltr'><strong>et</strong></span> <span class='ocrx_word' id='word_1_339' title='bbox 1677 3112 1927 3151; x_wconf 66' lang='lat' dir='ltr'><strong>Sinam-ubas</strong></span> 
     </span>
     <span class='ocr_line' id='line_1_48' title="bbox 99 3170 1927 3218; baseline 0.002 -12"><span class='ocrx_word' id='word_1_340' title='bbox 99 3180 280 3206; x_wconf 81' lang='lat' dir='ltr'><strong>amarae</strong></span> <span class='ocrx_word' id='word_1_341' title='bbox 302 3173 458 3218; x_wconf 64' lang='lat' dir='ltr'><strong>Hayn„</strong></span> <span class='ocrx_word' id='word_1_342' title='bbox 489 3174 677 3208; x_wconf 87' lang='lat' dir='ltr'><strong>arborum</strong></span> <span class='ocrx_word' id='word_1_343' title='bbox 708 3172 1056 3218; x_wconf 86' lang='lat' dir='ltr'><strong>americanarum,</strong></span> <span class='ocrx_word' id='word_1_344' title='bbox 1089 3175 1226 3208; x_wconf 85' lang='lat' dir='ltr'><strong>cortex</strong></span> <span class='ocrx_word' id='word_1_345' title='bbox 1254 3181 1277 3207; x_wconf 89' lang='lat' dir='ltr'><strong>e</strong></span> <span class='ocrx_word' id='word_1_346' title='bbox 1307 3171 1446 3207; x_wconf 84' lang='lat' dir='ltr'><strong>radice</strong></span> <span class='ocrx_word' id='word_1_347' title='bbox 1471 3170 1685 3214; x_wconf 85' lang='lat' dir='ltr'><strong>truncique</strong></span> <span class='ocrx_word' id='word_1_348' title='bbox 1706 3172 1790 3208; x_wconf 88' lang='lat' dir='ltr'><strong>ima</strong></span> <span class='ocrx_word' id='word_1_349' title='bbox 1811 3175 1927 3216; x_wconf 81' lang='lat' dir='ltr'><strong>parte</strong></span> 
     </span>
     <span class='ocr_line' id='line_1_49' title="bbox 101 3223 1928 3272; baseline 0.001 -8"><span class='ocrx_word' id='word_1_350' title='bbox 101 3229 327 3272; x_wconf 84' lang='lat' dir='ltr'><strong>detractus,</strong></span> <span class='ocrx_word' id='word_1_351' title='bbox 359 3227 557 3262; x_wconf 69' lang='lat' dir='ltr'><strong>corticem</strong></span> <span class='ocrx_word' id='word_1_352' title='bbox 575 3223 826 3262; x_wconf 64' lang='lat' dir='ltr'><strong>Simarnbae</strong></span> <span class='ocrx_word' id='word_1_353' title='bbox 841 3229 1092 3266; x_wconf 84' lang='lat' dir='ltr'><strong>officinarum</strong></span> <span class='ocrx_word' id='word_1_354' title='bbox 1110 3227 1241 3272; x_wconf 86' lang='lat' dir='ltr'><strong>sistit,</strong></span> <span class='ocrx_word' id='word_1_355' title='bbox 1264 3228 1465 3271; x_wconf 84' lang='lat' dir='ltr'><strong>Quassiae</strong></span> <span class='ocrx_word' id='word_1_356' title='bbox 1481 3227 1592 3272; x_wconf 84' lang='lat' dir='ltr'><strong>ligno</strong></span> <span class='ocrx_word' id='word_1_357' title='bbox 1608 3228 1758 3264; x_wconf 82' lang='lat' dir='ltr'><strong>virtute</strong></span> <span class='ocrx_word' id='word_1_358' title='bbox 1774 3237 1928 3272; x_wconf 82' lang='lat' dir='ltr'><strong>aequa-</strong></span> 
     </span>
     <span class='ocr_line' id='line_1_50' title="bbox 99 3282 1928 3329; baseline 0 -7"><span class='ocrx_word' id='word_1_359' title='bbox 99 3287 192 3322; x_wconf 90' lang='lat' dir='ltr'><strong>lem.</strong></span> <span class='ocrx_word' id='word_1_360' title='bbox 241 3282 491 3319; x_wconf 79' lang='lat' dir='ltr'><strong>Simarubae</strong></span> <span class='ocrx_word' id='word_1_361' title='bbox 514 3283 789 3320; x_wconf 65' lang='lat' dir='ltr'><strong>versicoloris</strong></span> <span class='ocrx_word' id='word_1_362' title='bbox 810 3287 869 3321; x_wconf 88' lang='lat' dir='ltr'><strong>st.</strong></span> <span class='ocrx_word' id='word_1_363' title='bbox 893 3286 974 3322; x_wconf 82' lang='lat' dir='ltr'><strong>Hit.</strong></span> <span class='ocrx_word' id='word_1_364' title='bbox 1006 3289 1143 3321; x_wconf 87' lang='lat' dir='ltr'><strong>cortex</strong></span> <span class='ocrx_word' id='word_1_365' title='bbox 1175 3283 1339 3328; x_wconf 83' lang='lat' dir='ltr'><strong>(cortex</strong></span> <span class='ocrx_word' id='word_1_366' title='bbox 1361 3282 1587 3327; x_wconf 83' lang='lat' dir='ltr'><strong>Paraibae)</strong></span> <span class='ocrx_word' id='word_1_367' title='bbox 1611 3283 1794 3328; x_wconf 87' lang='lat' dir='ltr'><strong>indigeni</strong></span> <span class='ocrx_word' id='word_1_368' title='bbox 1819 3286 1928 3329; x_wconf 82' lang='lat' dir='ltr'><strong>apud</strong></span> 
     </span>
     <span class='ocr_line' id='line_1_51' title="bbox 101 3341 1928 3390; baseline 0.001 -13"><span class='ocrx_word' id='word_1_369' title='bbox 101 3341 380 3377; x_wconf 84' lang='lat' dir='ltr'><strong>Brasilienses</strong></span> <span class='ocrx_word' id='word_1_370' title='bbox 410 3350 512 3376; x_wconf 86' lang='lat' dir='ltr'><strong>usus</strong></span> <span class='ocrx_word' id='word_1_371' title='bbox 543 3343 618 3377; x_wconf 89' lang='lat' dir='ltr'><strong>est.</strong></span> <span class='ocrx_word' id='word_1_372' title='bbox 678 3341 853 3377; x_wconf 79' lang='lat' dir='ltr'><strong>corticis</strong></span> <span class='ocrx_word' id='word_1_373' title='bbox 881 3341 1149 3385; x_wconf 82' lang='lat' dir='ltr'><strong>foliorumque</strong></span> <span class='ocrx_word' id='word_1_374' title='bbox 1181 3342 1342 3390; x_wconf 76' lang='lat' dir='ltr'><strong>decocto</strong></span> <span class='ocrx_word' id='word_1_375' title='bbox 1374 3344 1565 3383; x_wconf 82' lang='lat' dir='ltr'><strong>tanquam</strong></span> <span class='ocrx_word' id='word_1_376' title='bbox 1595 3341 1768 3377; x_wconf 86' lang='lat' dir='ltr'><strong>remedio</strong></span> <span class='ocrx_word' id='word_1_377' title='bbox 1791 3343 1928 3385; x_wconf 76' lang='lat' dir='ltr'><strong>speci-</strong></span> 
     </span>
     <span class='ocr_line' id='line_1_52' title="bbox 99 3396 1928 3443; baseline 0 -9"><span class='ocrx_word' id='word_1_378' title='bbox 99 3398 173 3435; x_wconf 88' lang='lat' dir='ltr'><strong>fico</strong></span> <span class='ocrx_word' id='word_1_379' title='bbox 206 3399 408 3433; x_wconf 86' lang='lat' dir='ltr'><strong>adversus</strong></span> <span class='ocrx_word' id='word_1_380' title='bbox 440 3396 642 3440; x_wconf 88' lang='lat' dir='ltr'><strong>serpentis</strong></span> <span class='ocrx_word' id='word_1_381' title='bbox 672 3397 866 3434; x_wconf 83' lang='lat' dir='ltr'><strong>venenati</strong></span> <span class='ocrx_word' id='word_1_382' title='bbox 896 3408 1072 3434; x_wconf 90' lang='lat' dir='ltr'><strong>morsum</strong></span> <span class='ocrx_word' id='word_1_383' title='bbox 1097 3401 1283 3443; x_wconf 90' lang='lat' dir='ltr'><strong>utuntur,</strong></span> <span class='ocrx_word' id='word_1_384' title='bbox 1316 3400 1353 3432; x_wconf 89' lang='lat' dir='ltr'><strong>et</strong></span> <span class='ocrx_word' id='word_1_385' title='bbox 1377 3398 1666 3432; x_wconf 81' lang='lat' dir='ltr'><strong>exanthemata</strong></span> <span class='ocrx_word' id='word_1_386' title='bbox 1688 3398 1928 3441; x_wconf 80' lang='lat' dir='ltr'><strong>syphilitica</strong></span> 
     </span>
     <span class='ocr_line' id='line_1_53' title="bbox 101 3450 1927 3501; baseline 0.001 -11"><span class='ocrx_word' id='word_1_387' title='bbox 101 3458 291 3490; x_wconf 86' lang='lat' dir='ltr'><strong>tractant.</strong></span> <span class='ocrx_word' id='word_1_388' title='bbox 349 3453 486 3489; x_wconf 88' lang='lat' dir='ltr'><strong>Etiam</strong></span> <span class='ocrx_word' id='word_1_389' title='bbox 505 3450 720 3499; x_wconf 72' lang='lat' dir='ltr'><strong>Simabae,</strong></span> <span class='ocrx_word' id='word_1_390' title='bbox 753 3454 796 3489; x_wconf 88' lang='lat' dir='ltr'><strong>in</strong></span> <span class='ocrx_word' id='word_1_391' title='bbox 813 3455 975 3490; x_wconf 81' lang='lat' dir='ltr'><strong>Guiana</strong></span> <span class='ocrx_word' id='word_1_392' title='bbox 991 3459 1027 3491; x_wconf 86' lang='lat' dir='ltr'><strong>et</strong></span> <span class='ocrx_word' id='word_1_393' title='bbox 1043 3453 1227 3491; x_wconf 85' lang='lat' dir='ltr'><strong>Brasilia</strong></span> <span class='ocrx_word' id='word_1_394' title='bbox 1243 3458 1494 3501; x_wconf 85' lang='lat' dir='ltr'><strong>crescenteS,</strong></span> <span class='ocrx_word' id='word_1_395' title='bbox 1519 3453 1803 3490; x_wconf 87' lang='lat' dir='ltr'><strong>amarissimae</strong></span> <span class='ocrx_word' id='word_1_396' title='bbox 1819 3460 1927 3491; x_wconf 89' lang='lat' dir='ltr'><strong>sunt.</strong></span> 
     </span>
     <span class='ocr_line' id='line_1_54' title="bbox 104 3507 1927 3561; baseline 0.002 -16"><span class='ocrx_word' id='word_1_397' title='bbox 104 3507 364 3546; x_wconf 83' lang='lat' dir='ltr'><strong>Samaderae</strong></span> <span class='ocrx_word' id='word_1_398' title='bbox 384 3507 552 3546; x_wconf 77' lang='lat' dir='ltr'><strong>indicae</strong></span> <span class='ocrx_word' id='word_1_399' title='bbox 576 3511 737 3560; x_wconf 58' lang='lat' dir='ltr'><strong>Garun,</strong></span> <span class='ocrx_word' id='word_1_400' title='bbox 767 3509 970 3548; x_wconf 78' lang='lat' dir='ltr'><strong>inlnuiae</strong></span> <span class='ocrx_word' id='word_1_401' title='bbox 1000 3511 1231 3549; x_wconf 84' lang='lat' dir='ltr'><strong>continente</strong></span> <span class='ocrx_word' id='word_1_402' title='bbox 1262 3513 1301 3548; x_wconf 87' lang='lat' dir='ltr'><strong>et</strong></span> <span class='ocrx_word' id='word_1_403' title='bbox 1331 3509 1482 3547; x_wconf 83' lang='lat' dir='ltr'><strong>insulis</strong></span> <span class='ocrx_word' id='word_1_404' title='bbox 1513 3510 1756 3561; x_wconf 85' lang='lat' dir='ltr'><strong>crescentis,</strong></span> <span class='ocrx_word' id='word_1_405' title='bbox 1789 3521 1927 3549; x_wconf 86' lang='lat' dir='ltr'><strong>omnes</strong></span> 
     </span>
    </p>
   </div>
  </div>
 </body>
</html>
