2147 3756
1084 128 1193 179 mc

239 300 418 351 anglici,
451 299 601 352 gallici
631 303 669 338 et
692 301 907 337 austriaci
931 303 1092 339 nomine
1116 302 1326 347 venalem)
1350 301 1508 338 sinicae
1531 301 1726 352 similem,
1759 306 1944 349 quamvis
1966 307 2049 344 vir-

238 366 320 399 tute
343 363 535 398 minorem
558 361 757 409 proferre,
788 360 950 404 plurimi
975 362 1158 396 culturae
1183 360 1363 396 tribuunt
1385 363 1423 395 et
1449 371 1470 396 e
1493 359 1654 397 climate
1678 367 1716 398 et
1739 352 1863 399 e'solo
1880 372 1905 399 a
1920 366 2051 401 natali

236 419 360 456 nimis
377 420 512 455 alieno
529 419 758 465 explicant,
789 417 883 464 alii,
908 426 983 452 nec
1000 416 1215 462 immerito,
1240 416 1437 462 speciem,
1462 425 1542 459 qua
1557 418 1735 461 genuina
1753 420 1952 456 medicina
1967 423 2050 458 col-

235 477 397 522 ligitur,
428 476 592 519 penitus
611 475 854 518 incognitam
871 482 1058 519 manere,
1090 474 1346 509 contendunt.
1403 473 1601 516 Quidquid
1619 475 1691 521 sit,
1723 476 1897 512 radicem
1920 479 2052 514 bonae

234 537 356 569 notae
377 532 497 576 periti
527 541 553 568 a
579 532 724 567 viliore
747 531 870 566 facile
894 529 1167 575 distinguunt,
1198 538 1294 565 nam
1318 529 1450 565 frusta
1471 530 1581 566 offert
1603 534 1797 577 oblonga,
1829 534 2053 569 subteretia

234 599 274 625 v.
299 599 351 625 ex
373 589 559 625 abscisso
582 588 755 630 undique
771 586 918 622 cortice
933 588 1211 632 multangula,
1245 596 1368 629 saepe
1392 588 1443 622 ad
1461 589 1693 624 tentandam
1708 589 1885 624 indolem
1901 598 1927 626 a
1943 599 2051 626 com-

235 646 377 682 mercii
400 645 659 695 praesidibus
685 643 891 690 perfossa,
924 643 1057 691 sicca,
1087 643 1223 679 minus
1248 644 1474 686 ponderosa
1499 646 1536 678 et
1561 653 1650 680 cum
1677 647 1850 688 quadam
1867 639 2052 682 texturae

236 703 533 745 spongiositate
563 701 711 744 solida,
745 704 863 736 extus
895 700 1046 742 pallide
1075 702 1142 736 vel
1172 701 1325 736 suffuso
1355 703 1498 736 rubore
1518 701 1736 749 flaventia,
1770 702 1894 738 facile
1916 705 2053 738 trans-

235 760 387 795 versim
404 758 650 801 frangenda,
676 757 786 792 intus
802 757 926 793 lineis
943 757 1048 792 inter
1065 766 1224 792 roseum
1241 760 1277 794 et
1294 759 1441 793 rubro-
1453 757 1611 793 fuscum
1630 761 1803 794 colorem
1819 759 2052 803 fluctuanti-

237 818 333 860 bus,
366 815 579 858 confertis,
611 813 843 859 undulatis,
874 815 1112 849 Moschatae
1134 814 1254 851 nucis
1271 813 1314 849 in
1329 815 1488 849 modum
1506 817 1673 857 pulchre
1687 815 1919 862 variegata,
1952 815 2053 852 emi-

236 872 425 908 cantibus
448 870 626 906 minimis
651 873 685 905 et
703 869 928 905 innumeris
945 871 1074 906 calcis
1092 871 1279 906 oxalicae
1297 870 1507 913 crystallis
1525 874 1738 914 punctata,
1771 874 1846 908 sub
1865 871 2052 908 dentibus

237 928 472 974 stridentia,
503 927 681 963 salivam
716 936 856 962 croceo
887 929 1022 962 colore
1053 927 1130 962 cito
1161 927 1379 973 tingentia,
1411 928 1532 962 odore
1562 937 1786 973 nauseOSO,
1819 928 2051 975 aromatico,

234 994 382 1028 sapore
403 992 540 1020 amaro
565 986 601 1019 et
621 983 977 1025 subadstringente
994 983 1196 1029 praedita,
1229 985 1271 1019 in
1287 986 1495 1026 pulverem
1511 985 1736 1020 saturatius
1752 984 1918 1031 flavum,
1953 987 2050 1021 sub·

234 1045 442 1078 rubentem
465 1040 784 1076 comminuenda.
845 1037 1007 1074 Rheum
1029 1037 1210 1074 indicum
1236 1038 1358 1083 (aliis
1381 1037 1665 1075 lmllmede'cum
1688 1044 1727 1076 et.
1743 1039 1963 1086 danicum]
1989 1041 2051 1077 di-

233 1102 366 1144 ctum,
399 1097 503 1141 quod
525 1100 575 1132 ab
592 1097 743 1140 Anglis
760 1097 958 1140 imprimis
978 1094 1168 1130 Caulone
1183 1097 1372 1132 Sinarum
1390 1097 1618 1139 quaesitum
1630 1124 1640 1142 ,
1673 1098 1848 1133 navibus
1862 1098 1903 1133 in
1920 1099 2050 1133 Euro-

232 1164 325 1198 pam
353 1154 650 1200 transvehitur,
682 1155 845 1189 easdem
868 1163 960 1188 cum
981 1152 1250 1189 moscovitica
1270 1153 1409 1188 radice
1431 1156 1593 1190 natales
1617 1163 1838 1197 agnoscere
1862 1154 2051 1198 creditur,

230 1211 418 1248 viliorem
434 1220 526 1246 esse
542 1220 717 1246 mercem
733 1210 880 1253 raptim
896 1211 1088 1244 coemtam
1104 1209 1285 1252 plerique
1300 1209 1569 1246 consentiunt.
1614 1210 1752 1246 Tertia
1768 1214 1825 1245 est
1844 1210 1949 1246 Rhei
1965 1210 2053 1246 chi-

231 1267 375 1303 nensis
398 1267 580 1313 species,
612 1267 794 1302 terrestri
817 1275 889 1309 per
909 1266 1057 1302 Asiam
1080 1266 1244 1312 itinere,
1277 1265 1567 1307 antiquissima
1586 1270 1854 1302 mercatorum
1877 1266 1969 1313 via,
2000 1267 2052 1302 ad

232 1324 384 1360 Persas
402 1327 436 1359 et
455 1326 611 1360 'Furcas
629 1324 802 1359 advecta
821 1319 1002 1370 (Rfienm
1012 1321 1225 1367 persicum
1243 1333 1276 1359 s.
1297 1321 1522 1365 turcicum,
1555 1323 1652 1359 aliis
1670 1321 1998 1357 ale.z·andr2·num
2015 1327 2051 1359 et

233 1378 536 1425 levantv'mcm),
570 1384 607 1415 et
629 1379 724 1414 inde
747 1389 819 1422 per
833 1381 1057 1423 Europam,
1089 1379 1288 1421 imprimis
1301 1381 1523 1415 australem
1540 1379 1770 1427 divendita,
1802 1380 1999 1423 qualitate
2015 1384 2053 1416 et

234 1437 470 1483 dignatione
485 1436 590 1472 inter
606 1435 786 1471 indicum
802 1438 840 1471 et
856 1435 1166 1471 moscoviticum
1181 1435 1327 1471 media.

374 1511 488 1549 Rhez'
507 1511 599 1549 albi
617 1522 689 1549 seu
706 1509 961 1557 imperialis,
992 1510 1099 1548 inter
1113 1511 1439 1555 praetiosissima
1456 1514 1578 1549 aulae
1594 1513 1915 1557 petropolitanae
1932 1516 2053 1556 phar-

234 1580 352 1608 maca
380 1571 558 1621 servati,
595 1570 773 1605 radicem
803 1568 1020 1611 tricipitem
1032 1594 1042 1614 ,
1080 1569 1290 1615 fibrosam,
1329 1571 1524 1615 lacteam,
1556 1569 1785 1616 inodoram,
1816 1570 2051 1616 insipidam,

230 1629 592 1674 mucilaginosam,
624 1626 698 1662 alii
724 1636 745 1661 e
762 1622 880 1659 Rleeo
905 1622 1171 1659 lmenrrhz’zo
1188 1626 1294 1661 Pall.
1313 1623 1411 1668 (Rh.
1429 1634 1537 1661 nano
1556 1625 1692 1669 Siev.]
1714 1626 1832 1661 nasci
1848 1629 2052 1671 asserunt,

232 1689 282 1721 ab
301 1685 396 1721 aliis
413 1686 612 1728 quaedam
627 1683 731 1719 Rhei
746 1681 1000 1718 moscovitici
1016 1682 1296 1730 degeneratio,
1327 1691 1379 1718 ex
1395 1686 1517 1719 aucta
1532 1682 1702 1718 nimium
1719 1683 1848 1718 calcis
1864 1684 2053 1719 oxalicae

234 1745 273 1778 et
289 1743 417 1786 amyli
433 1741 551 1785 copia
568 1743 675 1788 orta,
707 1740 896 1776 creditur.

1871 1778 1890 1789 ρ

371 1821 519 1857 Plures
557 1818 661 1855 Rhei
699 1818 880 1863 species,
922 1813 1088 1851 Rheum
1126 1813 1278 1850 Emodz·
1305 1818 1436 1853 lvall.
1476 1815 1662 1858 (Rheum
1692 1818 1874 1853 australe
1903 1816 2051 1864 Don.),

233 1874 395 1911 Rheum
419 1874 691 1911 lrabbvanmn
708 1877 826 1917 Royl.
853 1873 1034 1917 (Rheum
1054 1873 1196 1909 Emodi
1213 1872 1386 1916 Meisn.)
1399 1901 1408 1918 ,
1441 1870 1603 1907 Rheam
1619 1872 1864 1919 spz'cz'sorme
1878 1875 1996 1917 Royl.
2015 1877 2054 1910 et

232 1931 396 1968 Rheum
418 1930 811 1980 Dsoorlcrofciammc
834 1933 953 1974 Royl.
977 1930 1149 1966 assidua
1169 1930 1450 1966 botanicorum
1465 1930 1693 1974 Anglorum
1717 1930 1902 1965 sollertia
1915 1929 1957 1965 in
1979 1931 2055 1966 Him

232 1993 427 2034 malayae
439 1989 552 2034 jugis
567 1999 697 2032 nuper
711 1991 895 2031 repertae
912 1987 1086 2030 fuerunt.
1144 1984 1309 2021 Rheum
1327 1984 1480 2020 Emoda·
1492 1988 1549 2021 W
1552 1989 1636 2033 all.,
1661 1987 1704 2023 in
1721 1986 2052 2023 Gossain—'rhan

232 2052 272 2084 et
293 2049 478 2084 Kamaon
503 2055 712 2094 crescens,
743 2045 917 2088 plurimo
940 2044 1191 2087 quorundam
1217 2046 1393 2079 clamore
1419 2053 1489 2087 pro
1513 2052 1613 2079 vera
1628 2043 1732 2079 Rhei
1754 2043 1962 2079 chinensis
1979 2052 2053 2087 pa-

232 2107 346 2140 rente
371 2103 624 2150 jactitatum,
656 2110 683 2138 a
710 2102 922 2137 nonnullis
951 2101 995 2136 in
1020 2103 1178 2145 legales
1208 2103 1518 2144 pharmacorum
1544 2100 1702 2136 codices
1726 2103 1899 2136 relatum
1923 2099 2054 2136 fuisse

231 2164 404 2197 constat.
462 2162 647 2197 Examen
672 2167 697 2194 a
719 2158 979 2202 peritioribus
1004 2157 1168 2193 arbitris
1190 2157 1419 2192 institutum
1442 2156 1621 2192 radicem
1636 2157 1780 2192 Emodi
1801 2165 1826 2192 a
1847 2165 1979 2192 merce
1996 2157 2054 2193 si·-

231 2218 328 2254 nica
355 2219 478 2261 plane
508 2217 714 2252 diversam
744 2215 900 2260 docuit,
938 2213 1127 2249 virtutem
1165 2213 1387 2250 nosocomii
1418 2213 1691 2249 Calcuttensis
1720 2213 1868 2248 medici
1897 2213 2052 2256 experti

232 2278 328 2311 sunt
358 2273 520 2318 egregie
549 2272 747 2315 tonicam,
779 2271 945 2307 minime
974 2273 1234 2319 purgantem,
1265 2271 1373 2305 unde
1400 2270 1639 2314 potiuspro
1661 2269 1859 2306 nobiliore
1878 2270 2052 2312 quadam

234 2328 501 2377 Rhapoatz'ci
513 2329 653 2374 specie
670 2328 746 2364 erit
760 2329 961 2364 habenda.

371 2404 671 2453 Rha-pontica·
699 2405 818 2442 radix
846 2414 873 2441 a
900 2403 1108 2440 veteribus
1139 2403 1247 2438 inter
1275 2402 1455 2439 remedia
1483 2402 1779 2446 adstringentia
1808 2402 2052 2446 nominatur.

232 2462 545 2510 Rhaponticum
570 2463 823 2499 officinarum
845 2471 866 2497 e
892 2458 1009 2495 Rheo
1027 2457 1295 2505 Rhaponmo
1311 2460 1434 2495 Linn.
1461 2459 1686 2505 colligitur,
1718 2460 1762 2495 in
1777 2460 1908 2494 Asiae
1931 2459 2055 2496 allai-

233 2531 307 2557 cae
326 2521 440 2565 jugis
463 2529 661 2566 nascens,
693 2519 885 2562 frequens
907 2517 1028 2554 hodie
1051 2516 1095 2551 in
1117 2516 1452 2557 veterinariorum
1470 2525 1586 2552 usum
1604 2517 1712 2559 apud
1729 2518 1871 2552 Gallos
1887 2518 2054 2552 cultum.

233 2575 346 2612 Rhez·
360 2574 582 2612 bachario-z·
602 2586 636 2612 s.
654 2574 819 2611 sibiricz·
838 2574 958 2611 radix
972 2573 1226 2622 Rhapontico
1250 2573 1445 2615 qualitate
1474 2572 1706 2618 simillima,
1737 2573 1877 2616 ignota
1892 2581 2052 2615 parens.

171 2634 175 2637 “
231 2635 370 2670 Radix
391 2631 505 2668 Rhea·
523 2631 647 2668 rubri
665 2632 832 2668 incertis
854 2631 1063 2667 natalibus
1087 2629 1223 2674 genita
1246 2630 1289 2664 in
1304 2632 1571 2665 mercatorum
1588 2628 1767 2666 tabernis
1783 2631 1957 2676 prostat,
1989 2629 2053 2664 in-

233 2692 391 2739 sipida,
422 2690 702 2737 adstringens,
733 2689 913 2725 salivam
928 2689 1075 2723 rubr-o
1084 2687 1261 2730 tingens.

373 2769 578 2812 Quaenam
602 2776 654 2802 ex
675 2765 740 2802 his
763 2765 971 2801 radicibus
998 2773 1023 2800 a
1043 2764 1252 2800 veteribus
1275 2766 1351 2799 sub
1374 2762 1537 2799 nomine
1558 2756 1614 2814 ῥᾶ
1636 2770 1676 2798 v,
1701 2756 1809 2826 ῥῆον
1836 2762 1929 2798 sive
1943 2763 2054 2798 Rha-

234 2824 458 2869 ponticum,
483 2827 531 2860 ob
548 2823 740 2859 virtutem
763 2821 1080 2865 adstringentem
1097 2830 1186 2856 cum
1205 2820 1415 2862 aliquanto
1432 2822 1566 2856 calore
1583 2813 1714 2862 [μετὰ
1730 2815 1868 2864 ποσῆς
1884 2816 2054 2866 θερμα-

232 2877 351 2925 οἵας)
383 2880 570 2923 plurimis
593 2879 636 2915 in
659 2879 808 2915 morbis
832 2881 1053 2915 salutarem
1075 2880 1276 2919 usurpata
1298 2875 1438 2922 fuerit,
1469 2885 1508 2911 v.
1535 2877 1656 2918 quale
1677 2874 1853 2911 nominis
1877 2878 1943 2919 et3
1946 2885 2051 2923 mon,

232 2939 277 2974 in
301 2938 490 2981 ambiguo
513 2936 803 2982 relinquimus,
833 2934 875 2969 id
902 2933 1021 2969 unice
1044 2942 1273 2979 monemus,
1304 2932 1548 2967 medicinam
1571 2932 1613 2966 in
1629 2931 1759 2967 Asiae
1776 2932 2052 2973 penetralibus

233 2994 431 3038 genitam,
465 2991 645 3028 terrestri
668 2991 814 3026 itinere
836 2995 911 3032 pelf
928 2997 1040 3025 mare
1064 2988 1259 3031 Caspium
1282 2991 1321 3023 et
1336 2988 1491 3024 Tanais
1515 2987 1718 3030 ripamtad
1733 2984 1913 3022 Pontum
1930 2987 2053 3023 ezari-

232 3060 331 3086 num
361 3051 560 3093 adlatam,
592 3046 891 3089 antiquioribus
915 3042 1269 3090 Rha-ponticum
1298 3047 1505 3090 vocatam,
1539 3044 1683 3079 deinde
1714 3048 1920 3080 crescente
1949 3044 2054 3080 inter

231 3109 437 3150 Europam
453 3108 492 3141 et
506 3103 654 3140 Asiam
669 3102 906 3138 commercio
918 3129 927 3147 ,
953 3104 1046 3137 ante
1063 3104 1268 3137 reclusum
1283 3100 1523 3136 mortalibus
1539 3096 1764 3148 Oceanum,
1788 3101 1967 3138 navibus
1982 3110 2055 3144 per

233 3164 367 3200 sinum
397 3160 605 3198 arabicum
629 3155 862 3204 adrectam,
901 3155 1273 3192 Rha-barbarum
1296 3157 1445 3192 dictam
1468 3156 1623 3201 fuisse,
1655 3165 1681 3192 a
1707 3154 1944 3192 Barbarico
1968 3166 2053 3193 em-

234 3220 365 3265 porio,
398 3218 488 3255 sive
515 3217 590 3252 illo
619 3216 663 3252 in
691 3218 804 3252 valle
831 3216 1041 3259 Indorum,
1072 3214 1161 3250 sive
1191 3213 1346 3258 illaad
1377 3212 1522 3249 fretum
1552 3213 1925 3250 Bab-el-mandeb
1959 3213 2050 3258 sito,

234 3275 448 3312 Ammiano
478 3277 633 3320 autem,
663 3272 828 3308 minime
857 3270 1028 3315 ignobili
1058 3270 1233 3316 auctori,
1264 3269 1332 3312 qui
1364 3270 1455 3305 Rha
1485 3269 1684 3316 radicem,
1723 3271 1775 3306 ad
1803 3269 2052 3314 multiplices

234 3333 481 3368 medelarum
517 3339 620 3366 usus
655 3328 895 3374 proficuam,
927 3327 972 3362 in
1008 3325 1259 3371 cognominis
1297 3325 1430 3361 amnis
1463 3325 1605 3369 [hodie
1625 3325 1802 3371 Wolga)
1832 3325 2051 3371 supercilio

235 3388 348 3433 gigni
379 3387 547 3434 asserit,
579 3395 725 3422 nomen
757 3383 873 3420 fluvii
900 3382 1181 3419 verisimiliter
1199 3382 1347 3418 fucum
1369 3381 1532 3418 fecisse.

192 3482 205 3486 ,
374 3445 607 3479 Herbaceae
621 3443 824 3478 Rheorum
838 3443 975 3484 partes
990 3439 1100 3475 acidi
1123 3438 1253 3483 citrici
1271 3440 1309 3474 et
1330 3438 1471 3474 malici
1494 3445 1666 3474 amoena
1687 3439 1858 3476 miscela
1880 3441 2050 3486 scatent,

234 3500 338 3536 unde
354 3499 516 3542 quidam
531 3499 636 3535 inter
649 3497 838 3545 opsonia,
869 3496 998 3533 rarior
1012 3495 1118 3531 inter
1131 3494 1355 3532 medicinas
1372 3503 1472 3532 usus
1489 3494 1706 3532 derivatur.
2046 3512 2048 3515 s
