2147 3756
964 129 1087 179 4¹57

121 305 278 344 vivunt.
327 304 474 341 Paullo
489 303 620 347 maj0r
634 301 861 347 specierum
879 305 992 339 trans
1009 301 1290 346 capricornum
1303 326 1314 346 ‚
1345 307 1466 344 quam
1481 297 1543 336 cis
1559 307 1749 336 cancrum
1765 306 1942 335 nascen-

121 364 219 398 tium
242 371 447 397 numerus.
507 363 644 396 Genus
667 361 880 396 admodum
896 360 1127 407 singulare,
1158 358 1388 395 adhucdum
1404 357 1716 403 indescriptum,
1748 356 1791 391 in
1806 355 1942 392 archi-

118 420 264 463 pelago
282 416 519 459 Macquarie
537 412 762 459 (54--550
778 419 822 452 L.
839 415 916 460 A.)
932 416 1047 452 vivit.

262 480 626 533 Qualitates
651 489 688 522 et
710 493 878 526 usus·
919 485 1199 529 Capparideae
1213 486 1438 520 herbaceae
1454 484 1695 526 capsulares
1712 480 1944 517 Crucifera-

120 553 207 581 rum
224 543 437 591 virtutem,
471 553 522 579 ex
539 543 729 580 acredine
748 543 907 579 volatili
926 544 1182 588 pendentem,
1214 541 1376 577 omnino
1395 541 1665 575 aemulantur.
1723 539 1942 580 Baccatae,

119 605 164 638 ut
187 600 404 644 plurimum
429 600 697 636 frutescentes
721 610 761 635 v.
787 603 1001 645 arboreae,
1035 598 1265 633 acredinem
1290 597 1331 632 in
1355 597 1511 642 radice,
1544 595 1654 630 foliis
1679 593 1944 637 partibusque

119 658 332 695 herbaceis
364 657 532 699 reliquis
563 657 757 702 retinent,
789 657 1006 692 accedente
1036 655 1079 689 in
1103 654 1253 689 cortice
1277 653 1484 698 amaritie,
1517 653 1610 687 dum
1634 651 1790 686 fructus
1814 648 1943 692 pluri-

118 723 276 751 marum
307 717 420 757 grato
450 722 595 756 sapore
625 714 967 748 commendantur.
1024 712 1254 746 Nonnullae
1279 711 1420 756 odore,
1453 711 1689 752 plerumque
1711 707 1940 751 inamoeno,

121 772 340 806 excellunt.
400 771 605 813 Quasdam
621 772 846 804 venenatas
864 767 1095 811 perhibent,
1127 766 1275 801 dubiae
1291 765 1451 801 omnino
1469 764 1630 800 indolis.
1828 769 1834 778 ¹
1852 787 1856 791 -

265 824 429 860 Cleome
441 826 645 872 gigantea
661 825 782 860 Linn.
805 823 990 868 vulgaris
1012 822 1118 857 inter
1139 821 1439 857 rubefacientia
1464 822 1571 864 apud
1587 819 1804 856 Americae
1820 816 1946 860 tropi-

120 891 194 919 cae
210 882 368 918 incolas
385 891 486 917 usus
503 886 577 917 est.
625 877 947 925 Gynandrops2·s
958 875 1244 924 pentaphylla
1259 878 1355 924 Dc„
1380 878 1484 913 inter
1500 877 1675 920 tropicos
1693 877 1816 911 totius
1833 873 1944 910 orbis

119 939 254 984 obvia,
278 941 403 973 herba
419 937 607 972 virtutem
627 935 892 972 Coclrleariae
908 939 946 971 et
962 934 1137 981 Lepidii,
1161 934 1386 970 seminibus
1402 934 1582 970 oleiferis
1599 932 1766 976 Sinapis
1783 930 1945 968 acredi-

117 1004 209 1030 nem
227 996 468 1030 aemulatur.
511 994 623 1029 Idem
640 994 687 1028 de
706 990 1009 1038 Gynandropsz‘
1023 988 1230 1037 triphylla
1245 991 1349 1037 DC„
1374 990 1417 1025 in
1434 990 1626 1026 America
1642 988 1838 1025 calidiore
1855 996 1944 1023 cre-

117 1054 269 1096 scente,
294 1052 418 1086 valet.
456 1046 680 1083 Polam‘sz'a
696 1046 957 1084 incosandra
972 1048 1116 1092 Wight
1141 1051 1179 1084 et
1195 1049 1296 1084 Arn.
1316 1050 1353 1083 et.
1370 1044 1763 1095 Polanisa'afellina
1778 1044 1875 1089 DC„
1898 1042 1943 1079 in

116 1107 233 1142 India
249 1106 488 1153 indigenae,
519 1106 814 1150 epispasticum
840 1109 878 1141 et
901 1105 1144 1141 medicinam
1169 1103 1545 1140 anthelminthicam
1561 1102 1804 1148 largiuntur.
1861 1101 1944 1136 Re·

118 1163 249 1200 centis
266 1166 414 1199 herbae
429 1172 597 1199 succum
615 1163 720 1198 cibis
737 1162 984 1198 condimenti
1000 1165 1090 1197 loco
1106 1163 1273 1197 addunt.

261 1217 423 1253 Cleome
446 1216 724 1265 heptaphylla
745 1219 866 1256 Linn.
898 1223 938 1255 et
964 1217 1126 1252 Cleome
1142 1216 1373 1263 polygama
1396 1216 1538 1262 Linn.,
1570 1218 1720 1252 herbae
1743 1213 1945 1251 america-

115 1284 214 1325 nae,
232 1277 352 1312 odore
369 1279 578 1313 balsameo
595 1278 788 1322 donatae,
806 1276 994 1312 remediis
1010 1274 1261 1311 vulnerariis
1279 1277 1317 1309 et
1333 1272 1596 1309 stomachicis
1613 1274 1944 1308 adnumerantur.

258 1330 522 1367 Polam'sn'am
537 1331 849 1379 graveolentem
866 1332 976 1378 Raf.,
1004 1332 1044 1367 in
1062 1331 1254 1368 America
1269 1330 1423 1366 boreali
1440 1329 1686 1375 indigenam,
1712 1327 1862 1364 foetore
1879 1326 1944 1362 in-

114 1389 282 1434 famem,
315 1389 561 1432 Chenopodii
578 1389 906 1426 anthelminthici
922 1389 1110 1424 virtutem
1127 1386 1327 1423 aemulari
1343 1386 1568 1429 perhibent.

255 1448 365 1482 Inter
380 1446 610 1482 bacciferas
631 1444 842 1491 Capparis
858 1445 1030 1490 spinosa
1046 1444 1167 1480 Linn.
1188 1453 1291 1488 >prae
1308 1443 1477 1485 reliquis
1492 1441 1754 1477 memoranda
1766 1467 1776 1487 ,
1808 1438 1944 1475 frutex

114 1501 248 1546 spinis
264 1503 534 1545 stipularibus
551 1503 759 1548 horridus,
792 1502 834 1537 in
851 1502 1021 1545 rupibus
1039 1505 1077 1537 et
1092 1500 1284 1537 maceriis
1299 1499 1478 1544 regionis
1493 1499 1834 1543 mediterraneae,
1866 1496 1943 1531 im-

113 1559 258 1603 primis
288 1559 330 1594 in
355 1559 528 1595 Graecia
551 1560 710 1595 obvius.
769 1559 919 1595 Cortex
946 1557 1098 1594 radicis
1129 1567 1220 1593 cum
1242 1556 1515 1592 amaritudine
1536 1555 1645 1590 acris
1665 1553 1943 1600 adstringens,

114 1625 167 1651 ex
189 1615 493 1659 antiquissimis
518 1616 765 1660 temporibus
789 1619 837 1651 ob
862 1616 1051 1651 virtutem
1068 1615 1317 1658 aperientem
1332 1616 1368 1649 et
1386 1612 1626 1648 diureticam
1644 1619 1669 1646 a
1683 1609 1853 1646 medicis
1870 1610 1943 1644 ad-

112 1672 285 1709 hibetur.
345 1674 509 1709 Florum
537 1675 748 1709 alabastra
779 1675 867 1709 sale
899 1677 938 1708 et
968 1675 1082 1709 aceto
1114 1671 1279 1707 condita
1308 1669 1546 1706 condiendis
1569 1667 1672 1704 cibis
1695 1666 1942 1711 inserviunt,

112 1731 320 1771 multoque
349 1729 705 1764 circumvehuntur
734 1728 985 1765 commercio.
1047 1726 1259 1773 Capparis
1292 1725 1503 1771 rupestris
1527 1725 1654 1760 Sibth.
1684 1724 1728 1759 in
1753 1721 1943 1769 Graecia,

117 1783 330 1830 Capparis
352 1782 607 1820 Fontanesz'z‘
625 1786 709 1822 DC.
742 1785 785 1820 in
807 1786 1028 1831 Barbaria,
1061 1788 1100 1821 et
1127 1782 1339 1829 Capparis
1363 1780 1621 1829 aegyptiaca
1643 1782 1759 1817 Lam.
1789 1780 1834 1815 in
1856 1781 1944 1815 Ae-

113 1846 237 1886 gypto
261 1846 510 1888 crescentes,
542 1843 715 1879 eundem
736 1851 858 1878 usum
873 1841 1104 1879 admittunt.
1167 1839 1377 1886 Capparis
1396 1834 1788 1885 cynoplzallopltora
1804 1835 1943 1882 Linn.,

113 1897 327 1944 Capparis
344 1896 619 1946 amygdalina
635 1900 750 1935 Lam.
773 1902 813 1934 et
833 1896 1043 1945 Capparis
1056 1896 1319 1948 ferruginea
1336 1896 1480 1943 Linn.,
1509 1895 1554 1931 in
1572 1894 1765 1931 America
1788 1892 1944 1936 tropica

114 1959 360 2001 crescentes,
384 1956 538 1992 radicis
555 1955 744 1992 corticem
762 1964 896 1992 acrem
910 1955 1080 1991 medicis
1095 1955 1341 2000 largiuntur.
1391 1951 1602 1998 Capparis
1621 1948 1792 1985 Sodada
1807 1951 1856 1986 R.
1873 1950 1941 1985 Br.

112 2011 347 2057 (Hombak)
372 2012 416 2048 in
429 2014 619 2057 Aegypto
635 2016 673 2048 et
688 2012 836 2048 Africa
851 2013 1009 2055 tropica
1025 2012 1191 2059 crescit;
1221 2010 1388 2047 fruticis
1405 2011 1565 2046 odorem
1581 2008 1834 2045 narcoticum
1849 2015 1944 2050 per-

111 2069 263 2105 hibent.
320 2070 496 2105 Fructus
519 2069 725 2105 acridulos
747 2068 1009 2105 stimulantes
1032 2069 1175 2114 nigrae
1198 2068 1392 2104 mulieres
1410 2068 1462 2103 ad
1477 2066 1776 2103 conciliandam
1797 2063 1943 2099 fecun-

112 2125 279 2162 ditatem
293 2127 519 2162 comedunt.
582 2122 837 2172 Capparz’dz’s
850 2124 1094 2175 frondosae
1110 2127 1224 2168 Jacq.
1249 2124 1428 2171 semina,
1463 2120 1718 2168 Capparz'de‘s
1735 2117 1940 2166 pulcher-

111 2182 247 2217 rimae
263 2184 376 2226 Jacq.
393 2185 548 2219 baccae
563 2185 614 2219 ab
632 2183 895 2219 Americanis
911 2186 1140 2219 venenatae
1155 2183 1385 2218 creduntur.
1427 2177 1626 2214 Cadabae
1643 2176 1809 2214 indicae
1824 2179 1940 2213 Lam.

112 2238 214 2284 ‚folia
235 2242 273 2275 et
297 2240 416 2275 radix
438 2240 480 2275 in
496 2240 604 2276 Asia
620 2239 775 2283 tropica
790 2240 957 2276 remedii
974 2239 1196 2283 aperientis
1214 2241 1251 2274 et
1270 2236 1596 2274 anthelmintbici
1610 2236 1734 2273 laude
1750 2235 1942 2279 gaudent.

115 2294 358 2330 Crataevae
380 2294 518 2342 Tapz'a
533 2296 653 2333 Linn.
670 2300 709 2333 et
722 2294 966 2331 Crataevae
977 2293 1372 2343 gynandraeLinn„
1396 2297 1585 2330 arborum
1602 2292 1942 2335 americanarum,

113 2356 252 2388 cortex
267 2363 288 2388 e
305 2357 444 2389 trunco
461 2354 667 2389 detractus
684 2362 850 2390 amarus
866 2357 904 2389 et
921 2354 1182 2397 adstringens
1199 2352 1430 2396 febrifugus
1447 2355 1625 2395 putatur.
1675 2349 1814 2385 Radix
1830 2347 1942 2384 acris

114 2412 189 2445 est.
247 2410 423 2446 Fructus
445 2409 554 2445 Allii
577 2411 697 2445 odore
719 2418 867 2454 graves
889 2411 1166 2446 comeduntur.
1223 2410 1334 2444 Inter
1356 2408 1558 2444 asiaticas
1585 2405 1805 2441 Crataeva
1822 2401 1942 2439 Nur-

113 2463 217 2499 mla
240 2466 358 2501 Ham.
381 2466 522 2502 baccis
545 2466 753 2512 succosis‚
784 2466 946 2503 vinosis
971 2466 1287 2502 commendatur.
1344 2464 1466 2501 Folia
1488 2464 1654 2500 acidula
1676 2462 1837 2498 urinam
1853 2470 1941 2497 mo-

114 2527 222 2558 vent.
270 2520 514 2556 Crataevae
530 2520 756 2569 religiosae
771 2524 903 2560 Forst.
922 2521 1240 2566 (Purataruruj,
1266 2522 1375 2565 apud
1392 2521 1609 2558 Taitenses
1627 2520 1672 2556 in
1688 2516 1940 2556 coemeteriis

114 2581 250 2616 cultae
267 2583 304 2615 et
319 2579 555 2617 numinibus
569 2583 781 2627 sacratae,
812 2579 971 2616 fructus
987 2579 1123 2616 minus
1140 2577 1291 2622 sapidi.

501 2743 673 2790 ordo
704 2742 1039 2791 CLXXXV.
1112 2743 1552 2790 Resedaceae.
1590 2773 1604 2814 1

253 2845 452 2896 Herbae
482 2862 664 2894 annuae
695 2863 738 2895 v.
772 2862 1031 2911 perennes,
1070 2845 1304 2895 interdum
1334 2842 1753 2910 suffratescentes,
1785 2841 1938 2889 rarius

98 2914 339 2979 frutices,
373 2933 518 2964 succo
551 2934 726 2982 aqueo,
768 2919 902 2966 caule
935 2919 1168 2981 ramisque
1199 2917 1535 2965 teretiusculis.
1579 2916 1723 2963 Folia
1753 2929 1937 2976 sparsa,

112 2987 365 3050 simplicia,
424 2989 635 3052 integra,
696 2988 852 3035 trifida
896 3005 940 3035 v.
987 2989 1357 3053 pinnatipartita.
1448 2987 1671 3051 Stz'pulae
1716 2985 1938 3041 minutae,

113 3056 515 3120 glanduliformes.
589 3061 761 3107 Flores
790 3060 996 3124 perfecti
1025 3077 1070 3106 v.
1101 3060 1269 3107 abortu
1306 3060 1600 3124 imperfecti,
1649 3056 1752 3121 plus
1789 3056 1938 3101 minus

113 3129 426 3190 irregulareS‚
474 3132 709 3178 racemosi
738 3147 784 3178 v.
822 3131 1014 3194 spicati,
1061 3132 1394 3179 unibracteati.
1477 3132 1632 3193 θαῖμα]
1662 3127 1937 3191 persistens,

113 3198 727 3264 quadri-septempartitus,
776 3202 1038 3266 inaequalis
1081 3219 1129 3250 v.
1170 3202 1491 3266 subaequaliS,
1538 3200 1822 3255 herbaceus,
1869 3196 1939 3244 la-

113 3270 250 3317 ciniis
308 3271 618 3317 aestivatione
679 3272 1044 3320 subimbricatis.
1102 3274 1365 3321 ‘Corollae
1417 3271 1572 3335 petala
1624 3277 1826 3334 quatuor
1876 3266 1938 3315 ad

113 3349 314 3403 septem,
348 3342 585 3388 rarissime
618 3339 708 3389 duo
741 3360 782 3391 v.
815 3343 961 3401 nulla,
996 3345 1276 3409 hypogyna,
1311 3344 1489 3407 calycis
1521 3341 1704 3395 laciniis
1736 3339 1934 3397 alterna,

112 3409 458 3468 tri-multifida,
499 3412 602 3476 plus
635 3413 781 3460 minus
812 3414 1100 3478 inaequalia,
1141 3416 1324 3478 postica
1355 3414 1556 3476 majora,
1603 3427 1724 3458 nunc
1756 3411 1930 3467 omnia,

113 3497 236 3528 nunc
281 3483 465 3529 nonnisi
512 3483 693 3546 majora
736 3501 880 3548 supra
924 3486 1072 3533 basim
1125 3485 1361 3533 dilatatam
1417 3499 1673 3532 concavam
1725 3482 1933 3530 sinuato-
