2147 3756
1097 69 1213 119 5338

251 245 351 294 cati,
383 254 454 290 pro
483 242 603 281 varia
624 242 878 280 substantiae
901 241 1194 286 adstringentis
1218 251 1310 278 cum
1331 250 1470 290 muco,
1500 244 1698 280 saccharo
1720 249 1758 280 et
1775 242 1905 281 acidis
1923 243 2065 282 liberis

251 305 442 350 miscela,
474 302 564 339 cibo
587 304 682 337 sunt
704 310 742 336 v.
766 301 1019 336 diversarum
1043 298 1281 341 passionum
1296 298 1485 336 remedio.
1543 300 1675 337 Unius
1689 301 1848 339 semina
1863 306 2065 340 venenata

246 360 471 406 perhibent.
528 359 823 393 Nonnullarum
840 357 957 391 flores
974 357 1275 391 suaveolentes.

388 440 668 490 Byrsom‘mae
686 437 960 487 crassifolv‘ae
975 438 1072 485 DC„
1097 438 1139 474 in
1157 439 1319 474 Guiana
1335 438 1566 486 indigenae,
1591 444 1730 476 cortex
1745 441 2004 485 adstringens
2021 441 2065 478 in

246 501 422 539 diversis
453 498 715 543 passionibus
747 499 795 531 ab
827 494 1033 538 indigenis
1063 497 1265 532 laudatur.
1325 493 1606 540 Byrsom‘mae
1628 496 1956 546 verbascaefoliae
1979 498 2063 534 Dc.

244 558 400 601 lignum
431 559 592 592 rubrum
623 556 669 588 ob
700 553 891 586 virtutem
923 551 1164 595 febrifugam
1195 551 1399 587 adhibent.
1480 553 1513 588 Ε
1546 551 1804 598 Byrsom’ma
1834 552 2064 603 laurvfolia

244 615 421 660 Kunth.,
468 611 518 646 B.
550 606 871 657 rhopalaefolt'a
895 609 1045 643 Kuntli.
1078 613 1118 642 et
1150 605 1199 641 Β.
1225 606 1582 657 coccolobaefolm
1612 611 1762 645 Kunth.
1794 610 1957 646 corticis
1986 611 2066 646 Al-

245 680 412 707 cornoco
436 672 589 712 partem
607 665 747 707 colligi
765 668 969 700 asserunt.
1028 662 1311 710 Byrsom'mae
1331 664 1525 709 spe'calac
1541 666 1622 701 DC.
1642 665 1895 710 (Bois-tan]
1914 668 2066 702 baccae

244 728 432 764 acidulae
449 722 746 765 ausu-ingentes
764 722 804 756 in
823 720 1068 763 dysenteriis
1086 721 1435 757 administrantur.
1481 719 1743 767 Malpt'glm’ae
1761 722 1922 756 urentis
1939 722 2060 758 Linn.

243 788 282 819 et
307 777 568 827 Malpv'ghv'ae
588 775 765 824 glabrae
788 777 906 813 Linn.
932 777 1089 812 fructus
1120 777 1460 813 acidulo—dulces
1485 779 1766 824 comeduntur,
1800 781 1847 814 ob
1872 779 2062 814 virtutem

243 839 571 882 refrigerantem,
604 834 881 870 antibiliosam
906 837 942 868 et
961 834 1247 876 antisepticam
1264 834 1385 869 etiam
1403 844 1428 870 a
1445 835 1612 870 medicis
1631 835 1883 877 praescripti.
1943 832 2064 870 Run-

243 893 414 931 chosiae
428 887 693 930 Armeniaca
709 891 813 938 DC.,
846 890 1002 927 arboris
1018 880 1254 939 peruanae,x
1279 901 1417 927 semen
1432 895 1676 928 venenatum
1693 891 1881 927 creditur.

379 1039 818 1088 *coriarieaffl
878 1040 1062 1080 Arbores
1092 1040 1291 1081 inermes
1316 1054 1356 1080 v.
1370 1044 1566 1094 frutices
1595 1040 1830 1082 interdum
1864 1053 2062 1082 sarmen-

244 1103 356 1152 tosi‚
401 1101 542 1142 ramis
581 1098 860 1152 tetragonis,
906 1096 1208 1137 inferioribus
1246 1099 1418 1146 ternis,
1464 1098 1785 1151 superioribus
1821 1098 2060 1151 oppositis.

243 1162 370 1200 Folia
401 1156 637 1212 opposita,
681 1167 838 1194 ramea
869 1166 1006 1208 saepe
1036 1158 1237 1203 ternata,
1276 1154 1526 1207 simplicia,
1566 1154 1750 1194 sessilia
1785 1167 1822 1193 ν.
1854 1154 2063 1194 breviter

238 1215 487 1272 petiolata‚
521 1218 657 1253 ovata
679 1226 719 1251 v.
744 1210 958 1258 cordata,
993 1211 1376 1264 quinquenervia,
1409 1211 1736 1263 integerrima,
1767 1210 2060 1263 exstipulata.

241 1277 440 1314 Gemmae
469 1280 758 1324 squamosae.
816 1269 967 1306 Flores
990 1266 1187 1319 perfecti
1216 1280 1254 1305 v.
1278 1269 1444 1306 abortu
1470 1267 1758 1319 imperfecti,
1789 1266 2059 1307 monoici'V.

242 1329 406 1379 dicici,
451 1329 500 1367 in
529 1337 744 1367 racemos
786 1335 939 1364 ramos
979 1321 1277 1376 ramulosque
1316 1324 1647 1374 terminantes,
1693 1316 2059 1375 simplicissimos

240 1385 476 1440 dispositi,
506 1381 750 1437 pedicellis
783 1380 1030 1433 oppositis,
1060 1393 1100 1420 v.
1124 1379 1442 1432 superioribus
1473 1379 1689 1430 alternis,
1719 1380 1817 1419 basi
1856 1381 2058 1419 bractea-

237 1445 321 1492 tis‚
352 1441 507 1484 medio
524 1439 705 1491 saepius
727 1436 1094 1477 bibracteolatis.
1158 1439 1299 1486 Calyx
1324 1436 1754 1490 quinquepartitus,
1788 1438 2061 1488 persistens,

238 1499 421 1542 laciniis
455 1495 745 1550 aequalibus,
791 1493 1099 1533 aestivatione
1128 1492 1406 1544 imbricatis,
1450 1493 1533 1533 sub
1565 1492 1747 1533 anthesi
1780 1492 2058 1548 patentibus.

240 1558 437 1597 Coronae
463 1553 618 1606 petala
650 1551 870 1605 quinque,
898 1549 1196 1602 receptaculo
1226 1550 1423 1600 inserta,
1456 1549 1631 1603 calycis
1662 1550 1845 1590 laciniis
1876 1549 2059 1588 alterna

240 1619 287 1655 et
310 1612 550 1659 breviora,
581 1607 816 1661 aequalia,
850 1606 1233 1659 exunguiculata,
1264 1607 1388 1646 intus
1411 1607 1570 1646 carina
1594 1608 1882 1660 prominente
1908 1609 2058 1656 aucta,

240 1667 573 1715 crassiuscula,
611 1665 658 1704 in
690 1664 849 1704 fructu
873 1664 1192 1717 persistentia,
1224 1664 1560 1714 increscentia,
1590 1675 1802 1703 succosa.
1861 1664 2058 1702 Stamina

238 1728 424 1775 decem,
468 1721 768 1774 receptaculo
801 1721 999 1769 inserta,
1044 1719 1212 1775 petalis
1252 1720 1434 1759 alterna
1470 1725 1517 1760 et
1554 1720 1788 1772 opposita,
1823 1720 2059 1768 filamenta

240 1781 505 1836 capillaria,
550 1778 723 1828 libera,
769 1779 980 1815 antherae
1022 1777 1276 1825 introrsae,
1321 1776 1630 1827 biloculares,
1673 1776 1773 1816 basi
1810 1775 1951 1816 bifida
1988 1776 2059 1813 in-

236 1844 412 1888 sertae,
441 1833 849 1890 longitudinaliter
880 1831 1189 1873 dehiscentes..
1253 1835 1432 1872 Germen
1464 1834 1647 1883 sessile,
1678 1832 1898 1883 liberum,
1930 1831 2058 1884 quin-

236 1895 511 1953 quelobum,
543 1888 983 1946 quinqueloculare,
1014 1889 1185 1929 loculis
1204 1901 1300 1929 cum
1317 1889 1490 1942 petalis
1516 1882 1867 1930 alternantibus.
1932 1891 2058 1927 Gem-

236 1956 375 1994 mulae
397 1951 444 1991 in
475 1948 643 1990 loculis
674 1946 941 1997 solitariae,
971 1957 1029 1988 ex
1057 1947 1189 1999 apice
1222 1946 1383 1999 anguli
1413 1946 1635 1986 centralis
1667 1945 1919 1999 pendulae,
1951 1957 2059 1984 ana-

235 2017 413 2063 tropae.
458 2008 675 2057 Stigmata
692 2005 920 2058 quinque,
953 2015 976 2043 e
994 2009 1151 2044 centro
1171 2004 1393 2055 germinis
1412 2002 1549 2057 longe
1569 2007 1774 2053 exserta,
1807 2000 2059 2051 filiformia,

234 2062 682 2122 papilloso-villosa.
756 2062 943 2100 Fructus
974 2064 1306 2112 pentacoccus,
1351 2060 1512 2113 calyce
1544 2058 1897 2099 membranaceo
1932 2063 2058 2110 peta-

234 2123 387 2177 lisque
420 2118 630 2161 carnosis
663 2122 841 2168 tectus,
881 2117 1032 2156 coccis
1067 2117 1342 2166 crustaceis‚
1379 2115 1739 2169 monospermis,
1769 2114 2057 2154 indehiscen-

234 2180 376 2223 tibus.
450 2178 619 2216 Semina
656 2186 681 2214 e
714 2185 959 2214 coccorum
993 2172 1168 2223 angulo
1203 2170 1400 2212 centrali
1432 2172 1653 2225 pendula,
1700 2179 1949 2224 anatropa,
1991 2172 2057 2209 in·

233 2238 506 2287 tegumento
537 2231 905 2272 membranaceo.
963 2230 1215 2279 Embryom‘s
1246 2228 1606 2278 exalbuminosi,
1639 2226 1904 2283 orthon-opi
1935 2234 2056 2278 coty-

235 2295 402 2336 ledones
431 2290 869 2347 plano-convexae,
902 2287 1100 2325 radicula
1132 2285 1308 2339 breviS,
1340 2285 1532 2337 obtusa,
1563 2296 1746 2339 supera.

880 2405 1088 2440 Genus
1135 2411 1406 2439 UNICUM.

799 2491 849 2526 55
859 2490 924 2526 96.
958 2487 1144 2527 coriaria
1161 2484 1273 2523 Niss-

373 2610 773 2660 0115οΝ8,ΐίοο
841 2614 1050 2654 Coriariae
1077 2624 1206 2660 genus
1235 2622 1316 2650 non
1346 2612 1575 2650 numerosis
1605 2612 1821 2656 speciebus
1852 2611 2055 2649 latissime

233 2686 368 2719 tamen
384 2688 455 2723 per
471 2681 668 2713 terrarum
684 2678 817 2710 orbem
834 2674 1063 2717 dispersum
1080 2672 1258 2718 habitat,
1283 2671 1327 2706 in
1343 2671 1506 2715 regione
1522 2670 1837 2716 mediterranea,
1861 2670 2053 2716 Per-uvia,

232 2737 362 2784 chin,
394 2738 508 2771 Nova
522 2732 749 2769 Zeelandia
773 2734 811 2766 et
826 2729 1001 2774 Nepalia
1024 2731 1306 2775 observatum,
1338 2720 1900 2771 Malpigniaoeisarctissi'me
1917 2725 2052 2772 affine,

231 2796 303 2833 sed
333 2790 579 2838 gravissimo
611 2788 767 2824 fructus
798 2786 1024 2831 pentameri
1053 2788 1288 2822 charactere
1310 2785 1469 2821 abunde
1492 2783 1721 2831 diversum,
1751 2783 1824 2820 vix
1846 2786 1980 2818 tamen
2003 2790 2055 2817 ex

232 2860 373 2890 earum
390 2845 651 2885 contubernio
668 2845 968 2881 removendum.

378 2929 582 2967 coriaria
604 2926 848 2976 myrtz‘folz'a
865 2927 986 2964 Linn.
1012 2925 1055 2963 in
1078 2924 1244 2970 regione
1267 2924 1564 2961 mediterranea
1585 2922 1785 2967 imprimis
1809 2921 2054 2958 occidentali

232 2991 448 3036 indigena,
479 2990 527 3024 ob
551 2994 740 3030 magnam
764 2985 959 3020 tanninae
983 2982 1142 3025 copiam
1165 2982 1209 3018 in
1232 2981 1494 3017 coriariorum
1512 2989 1591 3015 usu
1608 2984 1680 3015 est.
1738 2979 1857 3015 Folia
1873 2978 2053 3015 fructus-

234 3058 312 3093 que
330 3054 487 3083 veneno
509 3042 737 3086 narcotico,
768 3041 991 3077 secundum
1014 3039 1175 3081 aliquos
1198 3048 1220 3073 e
1243 3037 1476 3074 substantia
1500 3037 1735 3075 alkaloidea
1760 3033 2049 3079 (Coriariz‘na)

235 3105 434 3150 pendente
446 3129 456 3149 ,
487 3101 658 3138 scatent.
717 3097 925 3134 Coriariae
942 3095 1053 3131 foliis
1065 3121 1075 3141 ,
1106 3104 1196 3130 cum
1213 3095 1373 3129 Sennae
1390 3092 1503 3129 foliis
1519 3093 1700 3135 pessima
1717 3093 2053 3135 pharmacopolae

233 3169 408 3204 nequam
424 3156 568 3194 fraude
582 3153 721 3191 mixtis
733 3181 743 3201 ,
766 3153 950 3190 homines
967 3154 1133 3188 necatos
1150 3150 1280 3187 fuisse
1297 3153 1467 3185 constat.
1515 3147 1741 3183 Corv'arae‘ae
1757 3151 2052 3183 sarmentosae

233 3218 363 3254 Forst.
381 3211 631 3260 (Tupakihi,
658 3211 940 3252 Wine—berry
957 3207 1106 3252 shrub)
1118 3234 1128 3254 ,
1159 3206 1315 3255 dumosi
1333 3206 1494 3242 fruticis
1511 3206 1552 3241 in
1568 3207 1681 3242 Nova
1697 3204 1922 3241 Zeelandia
1942 3204 2050 3239 indi-

234 3273 349 3321 geni,
379 3275 531 3308 baccae
560 3277 682 3311 succo
707 3263 1036 3313 vinosol(Tuta)
1061 3267 1240 3310 scatent,
1273 3273 1389 3306 quem
1411 3262 1628 3307 indigenae
1652 3266 1691 3298 et
1713 3263 1962 3297 novaccolae
1985 3260 2050 3295 in-

233 3339 362 3366 nocue
377 3327 588 3373 hauriunt,
613 3334 637 3361 a
652 3324 878 3361 seminibus
893 3332 1047 3359 summe
1062 3320 1276 3357 venenatis
1293 3319 1530 3356 cautissime
1547 3319 1763 3356 abstinent.
1825 3314 2050 3352 Coroe'arv’ae

232 3383 470 3431 nepalensae‘s
490 3384 638 3430 ivan„
671 3381 827 3417 fructus
856 3379 945 3417 sine
974 3386 1081 3413 noxa
1111 3377 1264 3413 comedi
1294 3376 1540 3420 pernibent.⁴
1589 3372 1792 3411 Carraria
1817 3370 2048 3424 ruscg'folae’a

233 3442 375 3489 Linn.,
408 3439 626 3489 chilensis,
657 3437 901 3476 cerdonibus
918 3437 1090 3472 colorem
1104 3434 1264 3480 nigrum
1279 3433 1464 3478 largitur.
