2147 3756
506 809 789 925 Regio
837 811 900 895 1.
984 807 1581 924 Thallophyta.

1672 968 1751 984 .,v„

125 996 532 1102 Thallophyta
559 1021 973 1101 pantaehobrya
1002 1021 1210 1080 arhiza.

313 1113 710 1191 Vegetabilz'a
740 1135 769 1173 e
802 1114 1021 1173 cellulis
1050 1111 1478 1191 irregularibus,
1507 1131 1654 1169 nunc
1684 1108 1970 1184 solitariiS,

123 1221 270 1260 nuno
305 1201 364 1258 in
401 1202 601 1260 seriem
639 1199 929 1275 ordinatis,
967 1200 1055 1257 vel
1096 1200 1154 1256 in
1192 1218 1392 1275 corpus
1434 1197 1581 1254 varie
1624 1196 1973 1274 effiguratum

124 1286 396 1345 contextis
406 1330 424 1361 ,
457 1286 730 1363 contiguis
753 1306 801 1343 v.
820 1284 1504 1361 substantiahomogenea,
1536 1282 1709 1360 magis
1726 1281 1973 1338 minusve

124 1372 348 1451 copiosa
375 1372 698 1449 interposita
728 1370 989 1449 sejunctis
1020 1369 1348 1448 composita,
1387 1368 1530 1426 vasis
1562 1367 1846 1441 destituta,
1880 1386 1976 1423 or-

123 1458 282 1536 ganis
317 1457 678 1531 indistinctis,
717 1456 775 1513 in
812 1455 1064 1513 frondem
1104 1455 1340 1512 coalitis,
1404 1453 1646 1532 Sporae
1676 1472 1775 1530 per
1804 1449 1976 1509 totam

124 1541 469 1622 superficiem
508 1561 758 1620 sparsae,
798 1562 827 1599 e
866 1541 1079 1599 nucleis
1112 1539 1437 1598 cellularum
1468 1538 1760 1613 formatae,
1797 1538 1977 1595 inter-

125 1628 252 1686 dum
295 1628 441 1685 intra
484 1627 675 1687 thecas
720 1626 973 1704 proprias
1020 1632 1240 1702 enatae,
1293 1623 1690 1703 germinatione
1733 1621 1975 1701 undique

124 1713 434 1791 elongatae.

265 1807 584 1872 Thallophyta
615 1815 854 1855 structura
880 1803 1267 1870 imperfectiora,
1301 1805 1473 1853 seriem
1507 1806 1633 1853 inter
1663 1805 1848 1869 plantas
1875 1805 1978 1852 ani-

126 1880 325 1928 malibus
364 1879 682 1927 evertebratis
722 1878 971 1942 analogam
1014 1879 1327 1934 constituunt,
1377 1886 1425 1924 et.
1462 1893 1548 1941 per
1587 1885 1844 1934 terrarum,
1887 1892 1978 1939 qua

125 1952 221 1999 late
254 1959 408 2015 patet,
449 1950 611 1997 orbem
652 1966 838 2014 sparsa,
879 1948 1056 1997 aridam
1091 1965 1313 2014 mareque
1348 1949 1545 2011 copiosa
1576 1948 1710 2011 prole
1744 1948 1974 1995 incolunt.

126 2021 332 2070 Plurima
370 2023 504 2086 aquis
543 2022 757 2068 innatant
793 2038 838 2068 v.
880 2021 1123 2069 submersa
1162 2021 1245 2068 sub
1286 2021 1456 2067 oceani
1486 2021 1652 2082 vigent
1683 2018 1841 2076 undis,
1883 2019 1977 2065 alia

125 2095 172 2140 in
220 2095 323 2140 solo
371 2110 418 2140 v.
476 2094 522 2140 in
565 2092 846 2157 corporibus
886 2094 1128 2156 organicis
1167 2091 1587 2156 languescentibus
1627 2099 1709 2137 aut
1748 2091 1976 2138 emortuis

128 2166 312 2228 genita,
339 2165 386 2211 in
414 2165 518 2212 imis
549 2174 819 2229 cryptarum
846 2164 1068 2222 latebris,
1099 2173 1146 2211 et
1169 2165 1216 2210 in
1242 2164 1430 2210 summis
1457 2163 1680 2209 montium
1699 2161 1976 2219 verticibus,

127 2237 248 2284 locis
272 2236 556 2300 perfectiori
582 2236 736 2282 soboli
761 2236 1023 2283 inaccessis
1050 2237 1309 2293 luxuriant,
1343 2251 1433 2282 nec
1467 2234 1751 2282 thermarum
1778 2242 1975 2291 aestum,

125 2324 216 2354 nec
260 2308 460 2356 extremi
502 2308 859 2370 septemtrionis
900 2316 1141 2354 aeternam
1185 2308 1372 2369 fugiunt
1413 2307 1639 2370 glaciem,
1682 2304 1767 2352 sed
1798 2305 1974 2368 ubique

128 2395 156 2426 a
186 2380 330 2427 variis
362 2380 611 2425 momentis
645 2380 866 2426 cosmicis
896 2380 1029 2426 varie
1064 2377 1399 2435 determinata,
1439 2378 1688 2442 multiplici
1719 2377 1978 2423 formarum

126 2452 359 2497 varietate
407 2459 455 2496 et
494 2451 741 2497 innumera
780 2449 1127 2497 individuorum
1171 2451 1309 2514 copia
1345 2450 1525 2513 vigent.
1610 2448 1814 2496 Plurima
1851 2448 1978 2495 inter

128 2521 273 2568 vitam
305 2522 550 2569 animalem
584 2530 632 2569 et
662 2521 983 2586 vegetabilem
1015 2523 1261 2569 fluctuant.

515 2677 811 2746 sectio
840 2678 920 2745 Ι.
991 2679 1590 2759 Protophyta.

272 2805 618 2891 Sine3hn1110
658 2815 844 2884 enata,
898 2809 1224 2867 elementum
1270 2809 1517 2868 nutriens
1566 2807 1800 2887 undiquc
1836 2805 1978 2865 hau-

129 2891 359 2970 rientia,
390 2893 848 2953 fructificationes
877 2894 1160 2953 indefinite
1191 2894 1548 2973 explicantia.

676 3031 977 3091 classis
1013 3033 1081 3092 I.
1138 3031 1426 3108 Algae.
1485 3014 1490 3015 ἶ

271 3147 612 3230 Protopliyta
642 3153 915 3232 aquatica.

272 3233 479 3311 Algae
530 3243 658 3295 sunt
705 3238 1037 3318 vegetabilia
1087 3238 1341 3318 aquatica
1390 3259 1442 3297 v.
1493 3237 1785 3317 liygrobia,
1829 3235 1977 3296 nuda

132 3318 245 3378 sive
280 3320 339 3377 in
374 3322 618 3400 gelatina
648 3325 911 3403 organica
940 3323 1275 3399 nidulantia,
1314 3324 1620 3383 substantia
1649 3323 1977 3401 gelatinosa,

133 3405 551 3467 membranacea
585 3409 674 3469 vel
710 3411 992 3488 coriacea,
1038 3432 1069 3470 e
1107 3409 1324 3470 cellulis
1359 3409 1566 3470 formae
1602 3409 1814 3487 variae,
1850 3409 1976 3489 ple-

1584 3505 1614 3558 1
