2147 3756
1067 103 1186 152 462

361 273 583 313 TRIBUS
599 271 1133 313 III.1MRcLAl':I‹*.AE
1196 269 1491 321 Caly2·libe1·
1541 272 1623 310 Cor
1627 272 1710 311 olla
1729 281 1905 312 summo
1924 274 2030 314 toro

215 331 435 386 imposita
458 330 766 386 gainopetala.

860 433 1071 467 Gnarus
1115 429 1383 467 111111οῦ10.

774 515 853 550 502
860 517 899 550 2.
930 516 1139 559 Barclaya
1162 511 1294 551 Hall.

351 609 674 654 Affinitas·
733 615 1071 657 Nymphaeaceae
1094 613 1170 649 tori
1194 613 1354 649 fabrica
1377 615 1416 648 et
1437 601 1635 649 seminum
1658 614 1862 650 structura
1885 613 2033 650 distin-

213 673 446 718 ctissimae,
478 669 783 717 Nelumboneis,
816 671 963 713 quibus
980 670 1084 706 facie
1098 671 1311 705 admodum
1329 669 1508 716 similes,
1539 672 1577 704 et
1592 670 1831 706 Gabombeis
1854 671 2034 714 proxime
2063 659 2072 668 ’

214 732 358 769 affines
389 732 501 775 sunt,
535 730 585 763 ab
616 727 701 773 his,-
734 727 975 770 quibuscum
1006 727 1230 770 germinum
1259 735 1424 762 numero
1455 729 1493 761 et
1523 725 1809 773 dispositione,
1847 736 1922 762 nec
1952 737 2031 763 non

213 791 429 830 embryone
458 783 568 820 intra
598 785 812 820 saeculum
842 783 1103 819 amnioticum
1134 783 1293 818 incluso
1325 780 1593 830 conveniunt,
1626 781 1701 817 tori
1729 783 1962 825 praesentia
1995 777 2034 819 et*

214 845 506 887 gemmularum
521 849 687 875 numero
705 839 910 887 differunt,
943 843 992 876 ab
1011 839 1099 876 illis
1116 839 1363 884 germinibus
1380 838 1559 886 coalitis,
1593 836 1817 882 gemmulas
1834 839 2034 882 plurimas

212 898 534 943 includentibus,
567 899 605 931 et.
629 896 855 932 seminibus
879 895 1150 932 albuminosis
1173 896 1372 931 diversae.
1431 895 1634 931 Remotior
1655 898 1713 930 est
1737 905 1827 930 cum
1843 898 2036 939 Papave-

213 956 348 993 raceis
365 958 402 990 et
418 953 753 989 Ranunculaceis
770 952 971 1000 affinitas,
1003 953 1145 996 aliqua
1162 952 1284 988 etiam
1302 961 1393 988 cum
1409 951 1754 995 Hydrocharideis
1772 953 1977 997 analogia.
2003 950 2005 952 “

355 1016 785 1073 Geographia.
843 1024 987 1066 Aquas
1003 1031 1128 1066 puras
1140 1049 1150 1069 ,
1176 1023 1335 1065 quietas
1352 1026 1423 1059 aut
1439 1025 1547 1059 lente
1564 1022 1731 1058 fluentes
1748 1023 2035 1066 haemisphae-⁴

213 1094 282 1120 rae
309 1081 488 1120 borealis
520 1080 684 1123 copiose
714 1079 1009 1126 inhabitantes,
1040 1079 1147 1114 inter
1176 1079 1352 1122 tropicos
1383 1083 1423 1115 et
1453 1079 1495 1114 in
1525 1078 1837 1121 haemisphaera
1861 1080 2036 1116 australi

211 1141 336 1176 multo
360 1138 537 1174 rariores
560 1136 831 1180 reperiuntur.
889 1137 973 1171 Hoc
998 1136 1046 1170 de
1062 1135 1334 1181 Nupharinis,
1368 1135 1523 1170 ordinis
1541 1138 1659 1170 rob'ur
1676 1129 2032 1184 constituentibus,

213 1196 467 1240 dictum-est,
499 1201 593 1229 nam
618 1193 777 1236 reliqua
800 1195 951 1237 genera
972 1195 1194 1236 monotypa
1216 1195 1330 1238 sunt,
1361 1191 1467 1227 inter
1491 1191 1664 1235 tropicos
1679 1191 1808 1227 Asiae
1820 1195 1856 1228 et
1872 1192 2044 1229 Ameri->

215 1262 288 1289 cae
305 1254 477 1295 reperta.

351 1313 714 1367 &ualitates
747 1321 787 1355 et
813 1323 983 1358 usus.
1056 1319 1416 1365 Nymphaeaceae,
1450 1317 1625 1361 mystico
1655 1317 1750 1353 flore
1774 1319 1964 1363 decorae,
1997 1322 2034 1354 et

211 1378 481 1424 pulcherrimo
506 1377 693 1413 foliorum
725 1378 871 1419 aulaeo
903 1383 1050 1417 aquam
1082 1376 1370 1410 miraculorum
1392 1378 1599 1416 parentem
1623 1378 1822 1420 tegentes,
1853 1377 1903 1411 ab
1928 1376 2035 1411 antia

212 1435 425 1479 quissimis
457 1433 703 1476 temporibus
732 1433 838 1468 inter
867 1440 1009 1467 sacras
1041 1434 1323 1477 numerantur,
1361 1430 1482 1465 etiam
1511 1430 1687 1466 utilitate
1718 1433 2036 1468 commendatae.

214 1496 317 1529 Nam
341 1490 565 1526 rhizomata
584 1488 750 1532 juniora
780 1490 933 1534 amylo,
966 1496 1081 1522 muco
1113 1491 1152 1522 et
1182 1489 1380 1523 saccharo
1412 1488 1589 1533 scatent,
1622 1489 1763 1522 adulta
1792 1489 2035 1524 substantiis

213 1546 560 1590 adstringentibus
579 1548 614 1580 et
632 1545 748 1580 acido
765 1547 967 1588 ι(1311311110
982 1543 1089 1579 foeta
1105 1546 1221 1590 sunt,
1253 1543 1341 1579 cibo
1358 1545 1396 1578 et.
1411 1542 1637 1578 medicinae
1654 1543 1894 1580 adhibenda.
1931 1546 2034 1580 Par-

214 1610 274 1642 tes
289 1606 513 1640 herbaceae
534 1610 652 1638 muco
674 1604 820 1644 plenae
842 1601 948 1636 inter
970 1602 1082 1635 olera
1105 1602 1304 1643 receptae.
1361 1599 1503 1635 Flores
1527 1600 1646 1635 odore
1668 1601 1870 1643 peculiari
1891 1604 1928 1637 et
1951 1609 2037 1637 mo-‘

213 1663 303 1698 dico
333 1659 507 1704 praediti
536 1659 641 1694 inter
668 1657 879 1693 narcotica
907 1660 1183 1693 numerantur.
1243 1655 1410 1692 Semina
1438 1656 1645 1693 albumine
1674 1659 1884 1700 amylaceo
1915 1658 2037 1701 plena

212 1719 317 1755 inter
331 1718 543 1754 esculenta
557 1718 771 1751 habentur.
1445 1751 1453 1754 ,
1583 1735 1586 1740 .
1972 1737 1973 1741 ,
2088 1756 2089 1759 ¹

354 1773 539 1809 Maxima
552 1767 1006 1815 ῥΝὙῐη[11130310103111111
1020 1769 1267 1818 Aegyptios,
1299 1768 1623 1806 sicutNelumbii
1648 1761 1754 1813 apud
1771 1763 1913 1818 Indos,
1946 1772 2034 1814 glo-

214 1832 277 1869 ria
306 1833 378 1867 est.
436 1829 652 1871 Duplicem
683 1827 883 1870 imprimis
913 1826 1091 1870 speciem
1120 1826 1239 1862 Nilus
1271 1826 1364 1872 alit,
1396 1822 1686 1875 Nymphaeum
1717 1823 1870 1861 Lotum
1898 1827 2034 1874 Linn.,

212 1897 380 1925 amoene
403 1894 563 1922 roseam
591 1881 822 1928 (basclmin
845 1881 1091 1926 alchanzv‘r)
1116 1886 1155 1919 et
1170 1880 1461 1928 Nymphaeum
1485 1881 1726 1925 caeruleam
1748 1884 1918 1928 savign.
1943 1886 2036 1927 pul-

212 1944 408 1982 cherrime
442 1950 641 1985 cyaneam
675 1937 904 1984 (base-lenia
932 1938 1100 1986 arabi),
1142 1943 1354 1983 utramque
1382 1939 1424 1974 in
1454 1939 1748 1982 remotissimae
1777 1940 2036 1982 antiquitatis

212 1999 484 2040 monumentis
501 1997 828 2040 frequentissime
843 1997 996 2041 pictam
1019 1999 1058 2032 et
1078 1999 1294 2039 sculptam.
1352 1992 1455 2029 Lata·
1475 1995 1720 2042 aegyptiae,
1751 1996 1853 2032 Isidi
1875 2005 2037 2045 sacrae,u

215 2067 307 2095 cum
330 2054 636 2100 cognominibus
661 2055 904 2090 Graecorum
927 2053 1144 2089 fruticibus
1167 2052 1276 2089 haud
1301 2052 1627 2098 confundendae,
1660 2052 1886 2089 rhizomata
1908 2056 1946 2089 et.
1969 2063 2037 2099 se·-

213 2115 326 2152 mina
348 2113 453 2148 inter
475 2113 686 2147 esculenta
716 2110 993 2153 antiquissimi
1025 2110 1246 2153 scriptores
1276 2110 1506 2155 nominant,
1536 2109 1749 2145 hodiedum
1779 2109 1902 2146 etiam
1932 2100 2036 2146 inter

214 2171 373 2208 cibaria
389 2168 584 2205 admissa.
641 2167 770 2210 Foliis
787 2170 825 2202 et
839 2165 1180 2202 floribusArabes
1197 2165 1239 2200 in
1255 2164 1378 2215 101010
1396 2165 1454 2200 uti
1469 2167 1615 2202 solent..

354 2229 460 2262 Inter
475 2226 678 2260 nostrates
701 2220 950 2269 Nymphaea
973 2221 1073 2257 alba
1089 2216 1459 2267 Ι,11111.(ν1νμφοιιά,
1490 2215 1627 2269 σίδη),
1659 2222 1803 2265 planta
1830 2221 2035 2259 latissimo

216 2294 288 2328 per
310 2291 466 2319 omnem
492 2280 813 2322 hemisphaeram
836 2282 1038 2315 borealem
1060 2279 1208 2314 diffusa
1229 2279 1491 2313 memoranda
1513 2280 1596 2324 est,
1627 2282 1785 2315 aestate
1807 2279 2034 2322 pulcherri-

214 2350 324 2378 mum
341 2346 538 2381 aquarum
554 2334 851 2382 ornamentum,
876 2335 1009 2371 florem
1027 2337 1164 2371 album
1181 2337 1217 2370 et
1234 2334 1340 2370 inter
1354 2334 1568 2378 indigenos
1585 2334 1905 2382 amplissimum,
1929 2329 2037 2371 inter

214 2400 304 2434 lata
317 2395 418 2432 folia
434 2395 660 2439 natantem,
692 2394 791 2428 hora
806 2391 1007 2428 matutina
1024 2390 1196 2434 septima
1211 2392 1415 2438 pandens,
1448 2390 1728 2433 pomeridiana
1751 2391 1893 2434 quinta
1918 2395 2035 2428 clau-¹

216 2455 330 2489 dens.
389 2451 588 2487 Rhizoma
611 2450 841 2495 100110101ον,
873 2457 1101 2495 mucosum,
1135 2457 1225 2484 cum
1249 2447 1410 2484 modica
1431 2447 1621 2483 acredine
1652 2450 1852 2495 amarum,
1884 2449 1980 2484 olim
2010 2451 2039 2485 at

215 2509 458 2553 quibusdam
487 2508 687 2543 adversus
716 2507 1034 2548 blennor'rhoeas
1065 2508 1104 2540 et
1134 2504 1409 2558 dysenteriam
1445 2504 1692 2552 adhibitum,
1737 2506 1867 2542 rarior
1904 2502 2038 2541 trunci

213 2565 408 2611 junioris,
439 2565 575 2606 amylo
591 2562 807 2608 scatentis,
833 2561 1109 2598 deficientibus
1123 2560 1285 2597 ‘Cereris
1305 2561 1438 2607 donis,
1464 2560 1570 2596 inter
1585 2560 1741 2597 cibaria
1757 2571 1872 2598 usus.
1916 2555 2036 2598 Folia'
2088 2560 2092 2564 '

214 2620 455 2660 vulneraria
471 2619 694 2663 perhibent.
751 2619 894 2654 Flores
911 2618 1208 2664 subnarcotici,
1242 2617 1851 2660 antiaphrodisiacicreduntur.

356 2673 538 2722 Nuplmr
560 2674 717 2710 luteum
741 2674 882 2711 Smith.
906 2677 1038 2711 altera
1060 2675 1178 2710 nobis
1200 2676 1342 2717 planta
1357 2669 1670 2717 Nymphaeacea
1692 2678 1773 2721 est,
1803 2674 1939 2710 minus
1965 2675 2034 2710 de-

216 2743 333 2782 cora,
363 2733 504 2770 florum
528 2733 646 2768 odore
672 2731 888 2778 peculiari,
921 2731 1040 2774 quasi
1063 2724 1286 2767 alcoholico
1309 2730 1501 2774 insignis.
1561 2727 1742 2776 Nuplcar
1763 2740 1864 2775 vox,
1896 2733 1940 2766 ut
1969 2730 2033 2766 vi-

216 2795 332 2828 detur
347 2789 559 2835 aegyptia,
591 2788 856 2832 compositaa
877 2785 976 2835 νοῦ,
1006 2787 1281 2833 appellatione
1297 2787 1401 2834 Nili,
1433 2790 1472 2822 et.
1499 2779 1606 2837 φάρ,
1639 2779 1884 2836 φάομακον,
1915 2787 2032 2829 quasi

216 2849 301 2885 Nili
331 2850 615 2892 pharmacum,
647 2847 700 2881 ad
727 2847 911 2889 plantam
940 2845 1132 2887 nuspiam
1161 2844 1205 2878 in
1227 2813 1401 2887 Africae⁷
1426 2842 1563 2878 fluviis
1595 2846 1863 2888 crescentem,
1890 2844 1977 2886 jam
2007 2852 2033 2879 a

214 2905 423 2942 veteribus
453 2903 654 2938 translata
683 2905 758 2937 est.
828 2901 967 2946 Hanc,
1012 2900 1164 2943 pariter
1192 2894 1410 2942 νυμφαίαν
1441 2899 1612 2946 dictam,
1658 2869 1960 2942 Theophrastus
1990 2901 2032 2935 in

217 2958 484 2998 Orchomenia
504 2957 690 3002 regione,
721 2957 832 2993 circa
852 2958 1132 2992 Marathonem
1155 2960 1195 2991 et
1216 2955 1259 2991 in
1276 2956 1396 2991 Creta
1418 2954 1592 3001 indicat3
1621 2956 1793 2991 Boeotes
1815 2951 2032 2998 μαὸωνιάν

218 3014 376 3062 dicere,
408 3015 662 3056 fructumque
685 3014 905 3049 comedere.
962 3014 1069 3048 Esse
1092 3020 1190 3047 vero
1210 3014 1391 3054 plantam
1413 3012 1728 3056 adstringentem
1752 3015 1790 3047 et
1813 3013 2032 3049 0011113111,-

216 3074 458 3111 testinorum
480 3071 758 3106 difficultatem
771 3097 781 3116 ,
812 3069 914 3104 folia
934 3078 1031 3104 vero
1049 3070 1099 3103 ad
1116 3069 1379 3104 coercendum
1395 3068 1637 3113 sanguinem
1651 3068 1864 3105 inservire.
1922 3070 2033 3112 Quae

217 3131 378 3174 quidem
394 3127 559 3170 nuperis
578 3126 926 3162 observationibus
949 3124 1176 3160 confirmari
1193 3123 1458 3168 Sprengelius
1479 3128 1632 3172 monet3
1663 3127 1778 3168 plebs
1802 3122 1908 3161 enim
1923 3127 2032 3163 Rus-

220 3187 309 3224 siae
326 3189 365 3222 et
379 3183 553 3221 Finniae
570 3183 741 3219 comedit
757 3187 794 3218 et
811 3182 987 3218 radicem
1004 3184 1042 3216 et
1058 3183 1197 3216 caules
1214 3191 1287 3217 seu
1303 3180 1486 3224 petiolos.
1544 3182 1576 3217 Ι
1582 3190 1629 3217 30
1646 3190 1801 3224 quoque
1818 3181 2032 3225 reprimere

220 3243 322 3281 folia
336 3240 523 3279 mammis
538 3239 729 3282 imposita
740 3266 749 3284 ,
781 3239 1033 3282 exploratum
1048 3239 1257 3273 habemus.
1314 3230 1530 3273 Μαὸώνιοι
1545 3237 1710 3274 Plinius
1725 3229 1882 3272 Macron
1900 3242 2030 3286 vocat,

220 3303 259 3335 et
274 3292 533 3349 εὐποριστῶν
550 3299 691 3333 auctor
704 3290 847 3340 μάὸων
870 3294 1085 3331 coriarium
1102 3295 1376 3343 commendat,
1406 3295 1515 3332 sicut
1529 3297 1567 3331 et
1582 3294 1743 3332 radices
1758 3294 1909 3331 nostris
1933 3297 2032 3330 tem-

219 3356 384 3399 poribus
401 3355 452 3390 ad
469 3354 678 3389 densanda
694 3352 804 3388 coria
820 3353 1052 3399 suadentur.

345 3407 682 3457 Euryaleferoae·
697 3409 846 3446 Salisb.
866 3406 1134 3452 [Lien-Kien
1151 3416 1183 3443 s.
1202 3406 1280 3442 Ki—
1295 3407 1408 3452 teou)
1431 3408 1473 3444 in
1489 3406 1685 3451 Nepaliae
1699 3408 1873 3443 lacubus
1893 3407 2032 3442 nasci-

220 3471 304 3516 tur;
334 3469 457 3504 herba
479 3465 636 3504 aculeis
657 3465 840 3514 horrida,
872 3464 1036 3504 floribus
1060 3464 1200 3510 parvis
1219 3464 1405 3508 cynarae
1427 3465 1650 3511 capitulum
1673 3462 1942 3508 aequantibus
1969 3463 2030 3498 inu
