2147 3756
952 129 1024 179 7⁷

817 210 952 217 ..ῳ-ε

76 302 415 360 subcellulosa,
462 299 651 349 basibus
692 300 1108 364 semivaginantia,
1156 296 1386 346 radicalia
1425 300 1720 357 ensiformia,
1770 302 1903 364 equi-

74 376 242 430 tantia‚
278 375 462 421 caulina
495 375 696 430 minora,
731 373 930 420 alterna.
996 373 1168 419 Flores
1198 371 1244 416 in
1277 371 1407 433 spica
1438 371 1671 417 terminali
1704 372 1902 434 simplici

73 462 114 492 v.
154 462 313 508 parum
356 461 539 491 ramosa
578 444 623 490 in
657 444 808 490 axillis
840 443 1136 489 bractearum
1169 441 1525 504 spathacearum
1560 441 1770 487 solitarie
1804 458 1904 487 ses-

74 517 208 572 sileS,
244 516 487 578 completi,
523 516 646 562 flavi.
725 515 1036 577 Perigom'zcm
1069 513 1371 569 cerellium),
1407 510 1684 575 diphyllum,
1719 528 1903 558 marco-

72 603 232 642 sccns,
274 587 448 633 foliolis
481 586 705 632 bracteae
738 585 996 648 parallelis,
1037 583 1333 646 aequalibus,
1373 583 1557 645 postico
1590 582 1902 629 aestivationc

72 659 276 704 anticum
316 657 601 719 marginibus
641 657 951 718 amplexante.
1026 656 1290 700 Stamz'num
1315 653 1580 716 filamenla
1613 658 1667 710 3,
1715 652 1904 699 basibus

73 731 197 775 inter
228 744 278 774 se
313 737 511 774 connata
547 737 594 772 et
622 727 862 788 perigonii
895 725 1060 771 foliolo
1093 726 1250 770 antico
1278 725 1476 781 inserta,
1511 724 1723 770 lateralia
1747 724 1901 786 plana,

71 798 363 863 petaloidea,
411 800 598 859 integra
635 813 675 842 v.
718 794 1130 851 inciso-dentata,
1178 795 1462 852 ananthera,
1509 793 1838 841 intermedium
1878 810 1904 840 e

73 871 173 916 basi
212 870 347 932 plana
386 869 557 913 sensim
598 874 752 922 teres,
794 865 1167 912 monantherum.
1240 867 1470 912 Amloera
1511 866 1740 923 introrsa,
1783 865 1906 911 bilo-

75 941 270 995 culariS,
326 938 492 984 loculis
548 937 798 999 oppositis,
855 936 1098 992 discretis,
1152 935 1487 982 reniformibus
1537 952 1581 982 v.
1631 936 1903 992 linearibus,

71 1010 173 1056 basi
214 1008 513 1064 divaricatis,
553 1008 689 1071 apice
731 1008 988 1070 contiguis,
1038 1015 1302 1053 extrorsum
1342 1007 1583 1068 spiraliter
1623 1007 1904 1063 convolutis,

65 1081 201 1144 juxta
227 1078 568 1142 longitudinem
595 1077 968 1125 dehiscentibus.
1037 1079 1238 1124 Germen
1266 1077 1458 1123 liberum
1487 1076 1674 1134 sessile,
1708 1077 1908 1141 triphyl-

73 1152 181 1208 lum,
217 1150 625 1213 carpophyllorum
654 1149 944 1211 marginibus
972 1149 1235 1194 introssexis
1262 1147 1594 1210 dissepimenta
1615 1150 1910 1195 constituen-

77 1222 218 1269 tibus.
298 1222 568 1268 Gemmulae
594 1220 842 1282 plurimae,
877 1220 1266 1283 tropliospermiis
1296 1218 1612 1277 filiformibus,
1647 1220 1906 1266 loculorum

71 1292 242 1355 angulo
276 1292 497 1338 interiori
531 1289 737 1348 adnatis,
787 1308 830 1337 v.
875 1291 1288 1354 carpophyllorum
1330 1290 1528 1352 margini
1569 1290 1614 1335 in
1656 1292 1906 1337 cavitatem

72 1372 319 1428 porrecto,
353 1362 729 1425 trophospermia
763 1362 973 1425 gerenti,
1016 1363 1061 1407 in
1093 1362 1258 1425 quovis
1292 1360 1401 1407 ideo
1435 1361 1591 1407 loculo
1627 1360 1802 1424 duplici
1834 1362 1906 1407 af-

73 1436 220 1492 fixae,
268 1433 609 1490 horizontales,
658 1442 921 1496 anatropae
965 1435 1063 1491 (?).
1155 1434 1321 1494 Stylus
1366 1432 1646 1489 terminalis,
1694 1432 1906 1495 simplex,

59 1521 398 1562 marcescens,
433 1505 601 1566 stigma
628 1505 896 1568 capitatum.
965 1505 1173 1565 Capsula
1199 1504 1509 1559 trilocularis,
1544 1502 1798 1550 loculicide
1822 1505 1909 1550 tri-

73 1577 241 1633 valvis‚
274 1576 420 1622 valvis
454 1574 608 1621 medio
642 1585 776 1638 septa
807 1575 1198 1637 trophospermiis
1230 1574 1460 1620 instructa
1491 1574 1790 1636 gerentibus,
1830 1575 1905 1622 vel

72 1665 99 1694 a
132 1647 381 1693 columella
411 1646 787 1710 trophospermia
819 1654 1036 1708 gestante
1063 1645 1245 1691 solutis.
1305 1645 1501 1692 Semina
1525 1645 1746 1708 plurima,
1778 1646 1908 1692 hori-

73 1718 301 1775 zontalia‚
336 1718 538 1763 minima.
615 1719 1000 1779 Iletegzcmentztm
1034 1717 1243 1762 exterius
1276 1716 1587 1761 crassiuscule
1621 1717 1907 1775 coriaceum,

76 1805 197 1836 nunc
231 1789 390 1845 laeve,
441 1786 564 1834 baud
597 1788 919 1851 effiguratum,
968 1802 1090 1833 nunc
1124 1785 1363 1849 spiraliter
1394 1786 1628 1843 striatum,
1677 1786 1736 1832 ad
1768 1787 1909 1834 hilum

74 1859 280 1907 basilare
313 1867 604 1916 excavatum,
639 1867 686 1905 et
717 1860 762 1905 in
796 1859 947 1905 altera
979 1857 1170 1904 seminis
1204 1857 1503 1904 extremitate
1539 1857 1803 1920 (chalaza‘l)
1824 1858 1909 1904 >in-

75 1939 355 1988 crassatum,
397 1930 733 1993 pileoliforme.
799 1926 1011 1991 Embryo
1044 1929 1090 1974 in
1124 1929 1199 1975 axi
1230 1927 1476 1975 albuminis
1508 1929 1699 1976 carnosi
1729 1937 1907 1988 rectu8‚

76 2001 387 2067 cylindricus‚
422 2001 723 2049 extremitate
756 1999 1012 2048 radiculari
1044 1999 1187 2047 hilum
1217 2008 1483 2064 spectante.

838 2135 870 2170 G
887 2141 912 2169 E
930 2141 961 2170 N
982 2140 1008 2169 E
1027 2139 1056 2169 R
1077 2139 1125 2169 A.

160 2219 282 2256 1060.
314 2218 508 2256 Hetaeria
527 2215 650 2256 Endl.
1109 2218 1231 2255 1061.
1262 2215 1503 2261 Philydrum
1522 2215 1682 2254 Bana-s.

1348 2267 1540 2301 Garciana
1554 2267 1673 2302 Lour.

214 2353 540 2401 Affinitas.
598 2361 702 2399 Ordo
718 2360 823 2398 nulli
841 2360 1092 2406 cognitorum
1108 2360 1264 2397 arctius
1281 2360 1438 2406 affinis,
1467 2361 1606 2404 judice
1623 2361 1673 2398 cl.
1690 2362 1739 2397 R.
1757 2361 1911 2397 Brown

76 2417 255 2462 aliquam
272 2428 363 2455 cum
378 2419 534 2462 xyride
551 2422 587 2455 et
604 2419 861 2455 Burmannia
877 2417 1035 2462 [nonne
1061 2428 1134 2461 per
1150 2418 1384 2454 Hetaeriam
1395 2418 1439 2462 ἓ]
1465 2418 1705 2453 affinitatem
1723 2418 1910 2463 prodens,

76 2476 119 2511 in
143 2476 355 2511 nonnullis
379 2485 484 2518 quae
507 2476 559 2511 ad
583 2476 774 2511 staminis
798 2479 837 2511 et
859 2475 1030 2512 seminis
1053 2478 1300 2511 structuram
1325 2479 1536 2522 spectant,
1568 2484 1660 2510 cum
1683 2474 1911 2522 orchideis,

80 2531 263 2575 alioquin
279 2532 576 2568 diversissimis
594 2533 856 2570 conveniens.

219 2596 651 2652 Geographia.
708 2605 827 2639 Duae
850 2601 1017 2639 nonnisi
1041 2601 1203 2646 species
1220 2601 1375 2638 ordinis
1393 2600 1696 2638 distinctissimi
1711 2603 1913 2639 hactenus

75 2659 356 2705 innotuerunt,
389 2669 536 2704 genere
565 2662 845 2705 separandae,
877 2662 1019 2695 harum
1050 2669 1134 2695 una
1165 2657 1403 2701 (Hetaem'a
1429 2668 1641 2705 pygmaea
1668 2658 1744 2702 E.)
1774 2661 1914 2696 Novae

77 2717 324 2753 Hollandiae
347 2716 545 2752 australis
569 2717 708 2751 littora
724 2716 950 2763 inhabitat,
982 2718 1114 2752 altera
1128 2713 1378 2761 Philydrum
1401 2714 1696 2761 lanuginosum
1713 2718 1760 2752 R.
1778 2717 1845 2752 Br.
1868 2715 1915 2752 in

77 2774 194 2808 Nova
210 2773 430 2809 Hollaudia
453 2772 643 2808 orientali
659 2772 935 2816 extratropica
951 2776 989 2808 et
1005 2773 1179 2819 tropica,
1205 2782 1280 2808 nec
1295 2772 1436 2808 nonin
1453 2772 1732 2809 Cochinchina
1748 2775 1787 2808 et
1803 2773 1916 2809 circa

79 2828 303 2866 cantonem
319 2830 510 2865 Sinarum
527 2832 746 2866 observata
761 2829 852 2866 fuit.

221 2893 589 2948 &ualitates
612 2903 653 2938 et
674 2904 845 2939 usus.
901 2901 963 2937 De
978 2899 1138 2937 viribus
1153 2899 1468 2944 Philydrearum
1482 2897 1589 2936 nihil
1604 2901 1778 2936 constat.

517 3036 690 3082 ordo
718 3035 900 3082 LIII.
964 3035 1474 3083 Melanthaceae.

225 3137 443 3195 Herba-¹3,
492 3136 731 3186 radicibus
769 3138 1005 3196 bulbosis,
1052 3138 1290 3186 tuberosis
1328 3155 1375 3185 v.
1418 3137 1571 3185 rarius
1609 3137 1914 3186 fasciculato-

84 3209 292 3267 fibrosis,
346 3208 582 3257 interdum
622 3209 880 3258 rhizomate
921 3210 1204 3256 horizontali
1244 3218 1583 3274 perennanteS,
1630 3209 1765 3256 caule
1804 3210 1915 3256 sim-

84 3280 197 3343 plici
227 3296 273 3327 v.
309 3280 547 3327 rarissime
577 3297 790 3338 ramoso,
831 3296 973 3344 saepe
1005 3279 1305 3337 abbreviato,
1346 3280 1616 3344 scapiformi
1646 3296 1692 3326 v.
1728 3279 1913 3328 subter—

83 3366 247 3397 rane0.
342 3351 486 3398 Folia
538 3367 660 3398 nunc
715 3352 870 3398 omnia
922 3350 1174 3409 radicalia,
1237 3359 1488 3413 congesta,
1550 3366 1672 3398 nunc
1727 3351 1914 3398 caulina

84 3421 294 3477 alterna,
335 3437 458 3468 nunc
497 3422 739 3485 graminea
776 3438 821 3469 v.
861 3430 1076 3479 setacea,
1118 3438 1239 3469 nunc
1280 3422 1396 3479 lata,
1436 3436 1662 3479 nervosa,
1702 3422 1914 3485 integer-

83 3492 223 3551 rima,
277 3492 379 3540 basi
430 3492 535 3557 plus
587 3494 737 3540 minus
789 3493 1076 3556 vaginantia.
1167 3494 1340 3541 Flores
1384 3491 1605 3556 completi
1650 3493 1695 3540 v.
1745 3492 1912 3541 abortu
