2147 3756
1093 131 1210 178 470

242 299 481 364 dispositi,
513 298 760 363 pedicellis
793 297 1169 355 bibracteolatis‚
1201 312 1344 360 saepe
1376 297 1653 345 articulatis.
1730 300 1888 362 θαῖμα)
1918 299 2053 360 liber,

243 372 497 433 persistens
536 386 579 416 v·
613 369 852 416 rarissime
891 367 1140 424 deciduuS,
1188 368 1536 431 pentaphyllus,
1584 369 1759 415 foliolis
1799 372 2057 433 inaequali-

240 442 325 486 bus
364 449 442 486 aut
479 441 628 486 rarius
668 437 962 500 aequalibus,
1012 437 1241 484 distinctis
1280 447 1360 484 aut
1396 439 1496 485 hasi
1529 438 1733 495 coalitis,
1781 456 1921 503 saepe
1954 440 2056 487 basi

239 510 466 574 producta
499 511 683 565 solutis,
716 523 803 571 per
833 508 1188 554 aestivationem
1222 508 1498 556 imbricatiS.
1566 511 1792 556 Corollae
1822 510 1977 573 petala
2003 515 2052 569 5,

237 581 543 644 receptaculo
588 596 630 626 v.
672 580 766 624 imo
805 578 956 642 calyci
996 579 1193 635 inserta,
1242 579 1421 642 calycis
1461 579 1635 626 foliolis
1675 579 1881 637 alterna,
1932 596 2054 626 mar-

237 652 477 698 cescentia
524 657 602 696 aut
649 649 800 694 rarius
849 647 1069 706 decidua,
1124 665 1246 696 nunc
1293 650 1416 696 inter
1461 666 1511 697 se
1558 650 1796 712 aequalia,
1844 649 2053 698 breviter

235 721 559 784 unguiculata,
599 720 748 765 rarius
779 719 1152 783 subinaequalia,
1194 721 1334 782 longe
1369 721 1690 782 unguiculata,
1729 719 1830 766 basi
1864 719 2050 783 oblique

233 793 279 837 in
317 792 475 838 tubum
515 790 837 846 conniventia,
885 806 1005 836 nunc
1046 790 1180 837 valde
1220 791 1506 854 inaequalia,
1553 791 1709 837 antica
1748 789 1838 836 duo
1871 791 2052 837 minora

233 863 494 918 exteriora,
542 860 756 906 lateralia
786 861 922 907 altius
955 862 1155 918 inserta,
1203 862 1433 908 interiora
1469 860 1855 923 exunguiculata,
1902 862 2051 924 posti-

234 949 336 978 cum
372 932 519 990 (floris
552 931 903 992 resupinatione
937 933 1208 995 saepissime
1240 933 1461 990 anticum)
1502 932 1743 989 intimum,
1787 933 2048 988 maximum,

229 1002 602 1065 unguiculatum,
651 1001 819 1048 lamina
858 1001 1157 1049 labelliformi
1196 1020 1236 1049 v.
1271 1003 1526 1060 cucullata,
1573 1018 1660 1066 per
1693 1003 2047 1048 aestivationem

232 1072 513 1129 convoluta,
541 1072 696 1134 ung-ue
728 1070 918 1118 sace'ato
951 1081 1031 1118 aut
1060 1073 1332 1136 saepissime
1358 1074 1402 1119 in
1429 1073 1588 1120 calcar
1612 1089 1771 1119 cavum
1799 1071 2046 1134 producto.

226 1144 447 1190 Stamina
472 1143 697 1205 quinque,
730 1143 1036 1206 receptaculo
1062 1160 1103 1189 v.
1123 1144 1215 1189 imo
1242 1143 1394 1206 calyci
1421 1145 1621 1202 inserta,
1654 1143 1821 1207 petalis
1848 1141 2048 1188 alterna.

225 1215 499 1260 Fz'lamenta
538 1213 836 1270 brevissima,
884 1229 1028 1276 saepe
1063 1213 1280 1271 dilatata,
1318 1214 1633 1275 complanata,
1679 1213 1779 1259 basi
1812 1211 2045 1259 interdum

226 1284 269 1329 in
303 1283 461 1330 tubum
495 1292 713 1330 connata.
773 1285 1032 1330 Atztherae
1063 1285 1321 1342 introrsae,
1355 1283 1662 1340 biloculares,
1697 1284 1828 1329 circa
1853 1298 2046 1345 germen

226 1355 534 1401 conniventes
580 1363 659 1400 aut
702 1352 934 1400 interdum
979 1355 1103 1401 inter
1139 1371 1190 1402 se
1231 1355 1608 1416 conglutinatae,
1667 1353 1810 1400 loculi
1856 1353 2044 1416 oblique
2098 1404 2105 1407 Δ

223 1425 451 1487 appositi,
490 1424 723 1487 paralleli,
772 1425 984 1486 contigui
1015 1441 1057 1473 v.
1089 1425 1299 1471 nonni-hil
1332 1421 1550 1481 discreti,
1600 1424 1867 1479 connectivi
1899 1424 2045 1469 faciei

223 1496 442 1542 interiori
473 1503 574 1541 toto
610 1493 754 1541 ‹lorso
784 1493 964 1552 adnati,
997 1496 1113 1542 rima
1144 1495 1472 1558 longitudinali
1505 1495 1659 1541 antica
1689 1511 1736 1540 v.
1771 1493 2044 1541 sublatcrali

224 1566 549 1623 dehiscentes,
599 1566 928 1612 connectivum
960 1566 1194 1613 filamento
1229 1567 1522 1622 continuum,
1569 1565 1691 1611 ultra
1723 1564 1903 1611 loculos
1935 1581 2046 1627 pro-

223 1635 434 1693 ductum,
485 1637 620 1699 apice
669 1653 772 1683 cum
819 1629 1075 1684 eorundem
1123 1636 1391 1684 membrana
1437 1635 1610 1682 (lorsali
1649 1635 1696 1680 in
1735 1633 2043 1698 appendicem

220 1706 398 1753 aridam
445 1708 707 1764 confluens,
754 1707 998 1753 staminum
1043 1708 1332 1770 posticorum
1378 1707 1426 1753 in
1471 1705 1664 1753 floribus
1702 1705 2043 1768 irregularibus

222 1777 322 1824 basi
359 1794 403 1825 v.
443 1776 597 1832 medio
638 1777 821 1840 postice
861 1778 906 1823 in
949 1777 1214 1840 glandulam
1258 1787 1465 1837 tumens,
1517 1785 1599 1823 aut
1640 1777 1693 1823 in
1730 1774 2043 1840 appendicem

220 1847 511 1905 filiformem,
562 1848 706 1912 petali
744 1848 918 1911 postici
966 1848 1126 1895 calcar
1169 1849 1419 1895 intrantem
1465 1845 1761 1912 productum.
1840 1847 2042 1894 Germen

219 1918 440 1977 liberum,
487 1918 678 1977 sessile,
724 1918 826 1965 basi
857 1919 1051 1977 annulo,
1099 1920 1372 1983 saepissime
1406 1918 1657 1983 obsoleto,
1687 1918 1913 1973 cinctum,
1955 1916 2041 1962 tri'-

219 1990 447 2053 phyllum,
494 1989 807 2038 uniloculare.
891 1991 1163 2052 Gemmulac
1208 1991 1254 2036 in
1300 1987 1693 2052 trophospermiis
1737 1986 2043 2051 parietalibus

216 2059 577 2107 nerviformibus
608 2059 780 2118 tribus,
814 2076 925 2108 cum,
945 2061 1354 2124 carpophyllorum
1380 2061 1552 2106 suturis
1578 2058 1920 2105 alternantibus
1939 2058 2042 2120 plu-

216 2131 385 2188 rimae,
447 2131 598 2177 rarius
642 2146 848 2193 paucae,
908 2140 1185 2193 anatropae.
1246 2132 1443 2192 >Stylus
1487 2129 1707 2191 simplex,
1761 2129 2037 2192 persistens,

215 2201 401 2264 saepius
433 2201 566 2263 apice
601 2202 910 2257 incrassatus,
953 2199 1215 2246 declinatus
1249 2209 1296 2248 ct
1325 2201 1620 2265 perforatus,
1667 2200 1899 2261 ,Stzgmate
1930 2198 2038 2245 sub-

214 2271 397 2318 laterali
428 2287 470 2318 v.
503 2271 760 2329 terminali,
798 2271 943 2318 variis
975 2272 1137 2317 formis
1170 2269 1386 2329 ludente,
1419 2271 1570 2317 rarius
1601 2269 1812 2316 breviter
1843 2269 2035 2327 trilobo,

215 2342 334 2389 lohis
379 2343 684 2404 stigmatosis.
778 2342 987 2403 Capsula
1033 2341 1312 2399 chartacea,
1377 2342 1599 2394 coriacea
1642 2356 1689 2388 v.
1742 2339 2032 2402 suhlignosa,

212 2411 443 2459 interdum
477 2412 833 2458 membranacea
865 2420 913 2458 et
949 2412 1443 2470 vesiculoso-inllata,
1490 2411 1827 2467 unilocularis,
1874 2410 2036 2456 trival-

211 2484 304 2540 vis,
352 2483 494 2530 valvis
534 2481 902 2540 navicularibus,
951 2481 1091 2529 dorso
1133 2499 1275 2546 saepe
1314 2483 1608 2539 incrassatis,
1656 2479 1811 2528 medio
1846 2481 2037 2527 semini-

212 2554 342 2600 scris.
418 2555 613 2600 Semina
650 2551 914 2610 indefinita,
963 2555 1113 2600 rarius
1153 2554 1321 2600 abortu
1358 2570 1509 2617 pauca
1538 2570 1582 2599 v.
1616 2552 1848 2615 solitaria,
1898 2559 2036 2598 ovata

209 2633 288 2670 aut
310 2623 617 2686 subglobosa,
651 2622 883 2670 interdum
908 2623 1375 2687 plano-compressa,
1412 2626 1739 2685 integumento
1768 2630 2033 2679 crustaceo,

208 2695 388 2756 fragili,
430 2711 472 2741 v.
507 2693 890 2751 membranaceo,
931 2694 977 2739 in
1016 2695 1135 2741 alam
1175 2695 1455 2741 ambientem
1496 2709 1728 2756 expanso,
1758 2692 1854 2738 hilo
1883 2707 2033 2754 prope

205 2765 352 2812 hasim
388 2765 571 2812 laterali
601 2763 724 2811 nudo
764 2782 807 2812 v.
843 2765 1099 2811 caruncula
1137 2782 1279 2829 parva
1319 2781 1518 2812 carnosa
1555 2764 1747 2810 munito.
1820 2761 2036 2823 Embryo.

207 2837 251 2881 in
294 2836 371 2882 axi
412 2835 657 2883 albuminis
697 2836 886 2882 carnosi
925 2836 1253 2898 orthotropus‚
1295 2834 1515 2898 ‘ejusdem
1553 2833 1656 2880 fere
1705 2830 2027 2893 longitudine,

207 2906 573 2968 cotyledone'bus
616 2906 900 2968 saepissime,
938 2906 1264 2968 planiuscu-lis,
1311 2902 1535 2967 ellipticis
1579 2921 1625 2951 v.
1668 2901 2030 2961 orbicularibus,

206 2977 551 3039 germinatione
584 2976 825 3032 foliaceis,
858 2977 1084 3023 radicula
1113 2976 1280 3038 tereti,
1313 2974 1415 3022 hilo·
1443 2975 1675 3038 proxima.

352 3115 575 3153 TRIBUS
604 3117 642 3154 Ι.
680 3097 990 3155 =VJOLEA2E2
1041 3127 1053 3131 ·’
1077 3115 1227 3154 Floras
1273 3113 1586 3167 irregulares,
1645 3113 1798 3168 petalo
1843 3112 2028 3166 postico

207 3179 426 3229 maximo,
458 3177 700 3229 dissimili,
729 3179 878 3220 rarius
906 3177 1069 3232 petalis
1097 3177 1237 3232 longe
1270 3177 1587 3233 unguiculatis
1611 3176 1960 3232 subregulares.

973 3297 1260 3332 (ἶΕΝΕΒΑ.

319 3388 442 3423 5040.
474 3388 597 3424 Viola
616 3383 739 3422 Limz.
1255 3389 1378 3424 5041.
1410 3385 1618 3424 Jonidium
1644 3383 1766 3422 Venc.

533 3442 720 3485 Erpetiou
736 3442 813 3476 DC.
1459 3441 1658 3477 Pombalia
1679 3441 1804 3477 chd.

524 3491 715 3527 Mncmion
737 3491 880 3535 Spmh.
1459 3490 1668 3525 Calc-enlm·
1686 3490 1796 3534 Liiffl„
