2147 3756
932 77 1165 162 *³592

200 256 301 302 Ait.,
325 253 366 290 in
383 251 570 291 canariis
585 251 817 294 habitante,
849 254 899 288 ab
918 251 1013 288 aliis
1029 250 1274 286 substantiis
1292 249 1350 284 ita
1365 257 1555 292 repressa
1570 253 1652 298 est,
1684 254 1729 287 ut
1744 252 1856 286 cocta
1873 260 1893 286 e
1909 251 2016 287 lacte

198 312 381 359 gelatina
396 313 628 346 vescamur.
674 305 944 353 Enplmrbz‘ae
961 305 1277 339 maure‘eam‘eae
1292 305 1414 340 Linn.
1434 314 1583 341 succus
1601 316 1678 341 non
1696 308 1794 342 adeo
1813 307 1922 343 iners
1940 311 2015 355 est,

197 379 294 405 nam
317 369 496 404 siccatus
519 365 761 401 condimenti
785 365 891 399 acris
914 367 1001 398 loco
1018 365 1068 397 ab
1087 362 1233 396 incolis
1251 361 1353 396 cibis
1371 363 1657 406 adspergitur.·
1698 364 1878 398 Eundem
1897 365 2016 398 adul-

198 415 365 462 terando
390 423 643 459 Scammonio
678 421 879 463 adhiberi,
912 421 1083 453 relatum
1107 418 1189 453 1est.
1249 417 1375 452 Virus
1399 426 1492 453 acre
1518 428 1577 453 ex
1593 416 1839 463 Euphorln'a
1861 417 2015 453 cotim·-

189 481 310 532 folia
329 481 445 517 Linn.
459 508 468 524 ,
500 480 540 514 in
560 479 750 513 America
771 476 943 511 australi
960 474 1173 519 indigena,
1204 476 1360 520 manat,
1391 476 1467 509 hoc
1484 474 1747 516 inquinandis
1765 479 1876 511 certa
1891 478 2017 512 morte

199 539 360 582 sagittis
383 536 565 571 homines
589 537 815 576 sylvestres
841 532 1031 574 seligunt.
1097 526 1368 574 Euphorbeae
1386 528 1681 575 phosphoreae
1696 535 1823 570 Mart.
1842 531 2016 567 ‘stillans

196 605 268 639 per
291 594 496 630 caudicem
512 593 687 633 'lympha
710 589 750 623 in
774 587 950 623 aeternis
975 586 1180 622 Brasiliae
1205 586 1338 628 sylvis
1362 590 1478 621 nocte
1504 587 1639 622 calida
1657 590 1907 630 phosphorea
1924 589 2017 624 luce

194 652 330 688 micat.
389 652 448 684 De
471 645 794 689 Euphor-hiatum
823 644 957 679 fructu
989 647 1027 678 et
1057 643 1211 679 semine
1241 652 1335 677 mox
1365 643 1516 688 dicam,
1548 652 1640 678 narn
1668 644 1805 678 laticis
1831 643 1951 679 etiam
1973 643 2017 680 in

198 708 296 745 aliis
319 710 466 742 natura
490 712 597 737 nunc
620 701 718 736 mihi
744 700 1040 736 consideranda
1064 702 1137 735 est.
1195 696 1445 735 ,Pedilanllaez'
1464 700 1731 742 propinquum
1755 699 2016 742 Euphorbiae

198 773 326 809 genus
349 764 389 797 in
408 759 598 796 America
621 758 758 793 calida
780 757 985 803 nascitur,
1017 765 1090 792 nec
1116 756 1274 791 viribus
1301 755 1444 798 impar.
1497 752 1783 790 Ρκιίἰῐαηῐήιιε
1803 752 2014 802 tithyma-

196 818 327 855 lm‘des
345 819 445 853 Poit.
462 820 566 851 lacte
583 814 668 849 acri
685 817 723 849 et
740 823 877 849 amaro
895 817 1037 849 scatet.
1083 812 1235 847 Siccati
1257 811 1417 847 fruticis
1433 813 1640 848 decoctum
1656 814 1855 849 adversus
1872 811 2016 855 syphi-

193 877 350 914 liticam
380 877 533 918 labem,
573 875 612 906 et
642 871 685 906 in
716 872 1003 907 amenorrhoe‘a
1033 869 1262 914 adhibetur,
1301 869 1420 904 radix
1450 869 1634 905 emetica.
1697 870 2018 905 Arborescentes

195 937 302 970 lacte
333 931 496 973 copioso
527 930 714 975 manant,
747 931 785 962 et
814 930 862 962 ob
893 929 1085 969 lymphae
1115 925 1388 969 perniciosam
1418 925 1649 965 acredinem
1679 925 2014 961 venenatissimis

196 989 303 1026 orbis
327 986 471 1029 tropici
494 984 649 1028 plantis
671 985 999 1019 adnumerantur.
1058 979 1334 1017 Ennea-aria
1356 977 1602 1028 Agalloelm
1624 982 1744 1017 Linn.
1770 991 1821 1017 ex
1843 982 2016 1017 istarum

194 1054 361 1082 numero
380 1046 464 1088 est,
496 1042 539 1076 in
557 1040 755 1077 Moluccis
771 1040 922 1075 insulis
938 1039 1072 1075 obvia.
1131 1040 1216 1074 Lac
1233 1038 1433 1083 spissum,
1466 1047 1735 1085 nauseosum,
1758 1041 2017 1074 vehementer

195 1105 354 1146 purgat.
406 1101 531 1134 Nocet
549 1101 682 1133 autem
700 1097 940 1140 praesertim
957 1096 1109 1141 oculis,
1143 1104 1264 1140 quos,
1297 1105 1318 1130 e
1334 1095 1456 1137 petito
1474 1095 1609 1130 securi
1626 1098 1763 1129 trunco
1780 1094 2016 1140 prosiliens,

195 1159 233 1196 si
255 1160 385 1203 petat,
418 1155 545 1190 diram
570 1153 925 1189 inflammationem
950 1156 988 1188 et
1010 1152 1247 1188 caecitatem
1264 1151 1456 1186 inducere
1472 1154 1622 1196 potest,
1655 1144 1758 1193 quod
1776 1160 1849 1186 suo
1867 1152 2012 1186 damno

194 1224 318 1257 saepe
348 1215 500 1249 nautae
529 1211 572 1246 in
600 1211 664 1245 his
688 1209 923 1253 regionibus
947 1208 1104 1251 experti
1129 1210 1242 1252 sunt,
1276 1208 1326 1242 ad
1351 1208 1598 1242 caedendum
1622 1206 1779 1250 lignum
1801 1207 1844 1241 in
1868 1210 2016 1242 terram

191 1270 325 1308 missi.
385 1268 557 1304 Arboris
588 1266 848 1303 excoecantis
877 1265 1035 1309 lignum
1067 1266 1160 1299 dum
1191 1263 1322 1299 uritur
1351 1263 1472 1298 etiam
1502 1262 1611 1298 fumo
1643 1272 1789 1298 nocere
1811 1266 2014 1299 asserunt.

193 1330 401 1363 secretum
432 1331 720 1366 nonnunquam
749 1323 791 1357 in
822 1321 1004 1357 interiori
1036 1324 1175 1356 trunco
1206 1320 1403 1362 reperitur
1432 1319 1682 1365 resinosum,
1715 1323 1825 1355 tactu
1848 1319 2014 1366 pingue,

192 1383 393 1420 facillime
416 1381 615 1417 flammam
640 1378 894 1424 concipiens,
927 1379 1111 1413 Benzoe's
1135 1378 1255 1412 odore
1277 1380 1449 1420 gratum.
1506 1376 1719 1418 Ejusmodi
1747 1375 1850 1419 ligni
1881 1375 2016 1412 frusta

192 1440 297 1484 ligni
314 1440 439 1474 Aloe's
454 1448 494 1473 v.
513 1436 731 1481 Agallochi
747 1435 906 1470 nomine
922 1434 1276 1469 circumferuntur.
1334 1435 1446 1468 Inter
1459 1432 1732 1468 Americanas
1751 1429 2015 1478 Hippomene

191 1493 452 1532 Mane-mella
474 1494 608 1539 Linn.,
641 1493 786 1527 decora
816 1494 956 1538 arbor,
986 1492 1094 1526 lacte
1123 1490 1263 1526 virosa
1293 1494 1366 1525 est.
1425 1489 1621 1525 Omnibus
1644 1489 1826 1532 partibus
1848 1491 2016 1532 lympha

193 1551 507 1597 candidissima,
540 1549 753 1586 admodum
771 1548 955 1583 caustica
970 1550 1110 1583 scatet.
1171 1548 1337 1582 Guttula
1353 1546 1436 1581 cuti
1452 1545 1642 1588 imposita
1658 1545 1766 1590 ignis
1780 1545 1911 1581 instar
1925 1545 2015 1581 vivi

191 1611 293 1656 urit,
325 1607 496 1649 eamque*
523 1606 566 1641 in
595 1605 824 1640 vesiculam
855 1614 945 1640 sero
969 1607 1132 1647 plenam
1157 1603 1327 1650 attollit,
1359 1611 1480 1645 quam
1505 1602 1548 1637 in
1570 1602 1731 1637 homine
1750 1602 1886 1637 minus
1911 1610 2013 1638 sano

191 1670 311 1703 ulcus
342 1665 523 1706 sequitur
544 1661 755 1708 pertinax,
788 1664 827 1696 et
849 1660 1065 1695 difficulter
1088 1661 1329 1696 sanandum.
1388 1660 1540 1694 Eodem
1564 1668 1687 1694 succo
1710 1658 1888 1706 fructus,
1920 1660 2014 1702 pul-

192 1721 380 1759 cherrimi
404 1719 510 1764 pomi
532 1719 661 1763 figura
681 1718 864 1754 nescium
887 1716 1123 1761 invitantis,
1156 1716 1475 1759 integumentum
1499 1717 1883 1762 carnosumturget,
1912 1714 2013 1750 licet

191 1780 327 1816 minus
353 1781 402 1813 ab
427 1777 490 1812 his
512 1775 735 1819 periculum
760 1774 965 1817 timeatur,
997 1773 1198 1808 labiorum
1224 1773 1364 1808 ardore
1386 1773 1434 1806 de
1456 1772 1548 1806 viru
1565 1776 1770 1818 monente,
1802 1774 1839 1806 et
1856 1780 2012 1806 veneno

192 1837 236 1872 in
251 1835 316 1871 his
334 1835 454 1869 etiam
470 1833 604 1868 minus
621 1835 664 1867 ut
679 1831 839 1866 videtur
857 1830 1128 1865 formidoloso.
1187 1828 1398 1863 Tribunum
1421 1830 1588 1863 umbrae
1604 1827 1873 1871 Hippomanis
1890 1837 2015 1863 vene-

190 1892 324 1930 ficium
350 1890 501 1927 sabulis
527 1889 647 1924 divus
670 1887 913 1930 Jacquinius
940 1886 1170 1931 deputavit,
1202 1885 1270 1927 qui
1294 1886 1587 1928 nudovcorpore
1609 1894 1680 1927 per
1698 1884 1902 1920 trihorium
1920 1886 2013 1926 plu-

190 1949 302 1985 viam
326 1951 440 1983 trans
463 1945 669 1983 infelicem
693 1947 877 1980 arborem
894 1944 1104 1980 cadentem
1122 1942 1354 1988 excipiens,
1386 1940 1604 1976 innocuam
1621 1950 1713 1976 esse
1729 1944 1921 1984 expertus
1937 1943 2011 1977 est.

193 2005 282 2043 Alii
306 2016 327 2041 e
351 2007 492 2039 contra
514 2002 589 2038 tali
612 2001 885 2045 experimento
907 2010 986 2036 non
1007 1998 1174 2034 nimium
1198 1998 1453 2033 tribuendum
1478 2000 1676 2044 arguunt,
1707 2006 1803 2033 nam
1819 1997 1921 2033 istos
1937 2005 2014 2032 va-

192 2071 314 2106 pores
344 2060 545 2103 malignos
575 2067 600 2094 a
629 2054 830 2100 principio
854 2056 1015 2093 volatili
1038 2065 1131 2092 esse
1152 2055 1416 2102 derivandos,
1447 2054 1584 2096 itaque
1607 2055 1831 2090 secundum
1852 2053 2012 2090 variam

194 2118 299 2154 coeli
327 2115 559 2159 temperiem
581 2121 749 2150 manare
773 2117 843 2150 aut
867 2115 1027 2158 deesse,
1061 2115 1099 2147 et
1122 2109 1507 2148 secundumvarios
1530 2110 1642 2145 venti
1663 2110 1805 2157 flatus,
1836 2112 1915 2145 huc
1937 2113 2009 2146 aut

191 2175 293 2211 illuc
316 2173 433 2219 ferri,
465 2171 523 2207 ita
544 2174 587 2206 ut
611 2173 686 2207 sub
711 2171 851 2206 eadem
875 2172 1017 2205 arbore
1039 2177 1147 2203 nunc
1169 2167 1334 2210 impune
1356 2167 1448 2209 quis
1471 2168 1654 2213 recubet,
1684 2176 1794 2202 nunc
1816 2175 1895 2202 non
1919 2166 2011 2202 sine

191 2239 321 2277 noxa3
353 2233 422 2265 aut
450 2228 546 2264 hinc
576 2229 723 2264 sedens
753 2226 855 2262 nihil
879 2225 977 2262 mali
1001 2223 1255 2267 experiatur,
1286 2223 1403 2258 illinc
1427 2222 1548 2265 etiam
1571 2225 1679 2257 ultra
1701 2225 1881 2259 umbram
1904 2223 2009 2258 situs

190 2288 284 2324 viru
306 2287 505 2323 laedatur.
564 2285 726 2327 Aquam
749 2283 900 2326 pariter
925 2285 1039 2317 trans
1062 2283 1243 2316 arborem
1260 2279 1504 2326 stillantem,
1537 2280 1759 2315 secundum
1774 2279 2009 2316 calidiorem

189 2353 230 2381 v.
253 2343 502 2388 frigidiorem
525 2340 658 2384 ipsius
682 2339 913 2381 temperiem
937 2340 1178 2373 venenatam
1195 2340 1264 2371 aut
1279 2335 1491 2371 innoxiam
1508 2345 1599 2371 esse
1613 2345 1748 2379 posse.
1808 2335 2010 2379 Quidquid

191 2400 265 2447 sit,
297 2401 386 2443 ipse
409 2397 650 2440 Jacquinius
674 2396 879 2440 concedit,
910 2394 1113 2440 pluviam,
1147 2394 1277 2436 ruptis
1300 2402 1340 2428 v,
1364 2392 1492 2428 imbre
1516 2401 1554 2427 v.
1581 2393 1699 2428 vento
1724 2391 1870 2440 ramis,
1901 2395 2010 2428 lacte

191 2457 314 2494 simul
337 2455 570 2491 destillante
592 2453 757 2489 noxiam
782 2461 874 2487 esse
895 2458 1035 2496 posse3
1066 2454 1186 2491 atque
1214 2452 1396 2484 arborem
1419 2449 1462 2484 in
1485 2449 1660 2484 Antillis
1682 2449 1835 2485 insulis
1856 2449 1900 2485 in
1922 2457 2010 2485 am·-

191 2513 376 2549 bulacris
407 2511 503 2546 olim
533 2514 667 2547 satam
697 2506 1133 2551 auctoritatepubtica
1162 2505 1428 2549 exstirpatam
1459 2505 1608 2552 fuisse,
1642 2509 1815 2542 constat.
1871 2505 2009 2542 Etiam

189 2567 344 2604 Harae
368 2567 619 2612 crepitantis
641 2566 776 2611 Linn.‚
807 2564 987 2609 ingentis
1017 2563 1174 2600 arboris
1205 2563 1247 2598 in
1270 2562 1462 2599 America
1492 2562 1645 2607 tropica
1669 2561 1909 2608 crescentis,
1940 2564 2009 2598 lac

191 2626 265 2671 [de
297 2622 429 2661 fructu
465 2627 556 2667 post
593 2624 709 2659 modo
739 2621 896 2666 dicam]
933 2621 1182 2668 causticum,
1221 2620 1260 2655 si
1288 2620 1419 2656 oculis
1448 2620 1685 2655 admovetur
1720 2618 2010 2662 ophthalmiam

192 2684 387 2728 concitat,
435 2689 552 2723 quam
592 2679 758 2721 aliquod
799 2679 955 2714 dierum
991 2677 1171 2713 caecitas
1209 2676 1405 2719 sequitur.
1465 2673 1595 2720 Sami*
1622 2674 1851 2720 aucupare·
1878 2676 2008 2722 Jacq.,

189 2740 348 2776 arboris
372 2738 618 2784 antillanae,
643 2745 793 2772 succus
817 2735 1067 2781 glutinosus,
1093 2733 1162 2776 qui
1185 2743 1207 2769 e
1229 2735 1348 2768 laesa
1370 2732 1517 2776 quavis
1533 2735 1647 2775 parte
1661 2730 1846 2775 guttatim
1862 2731 2006 2779 stillat,

189 2799 416 2832 venenatus
440 2794 637 2838 creditur,
667 2792 854 2835 viscique
877 2794 964 2826 loco
981 2794 1055 2827 est.
1113 2789 1262 2826 Acrior
1278 2786 1400 2834 Sapie·
1412 2786 1698 2834 Hippomanes
1713 2790 1821 2830 Mey.
1838 2789 2008 2831 lympha

189 2853 378 2889 creditur.
411 2846 531 2896 Sapie·
544 2847 674 2883 incle'ci
687 2849 806 2884 Linn.
824 2857 989 2883 succum
1006 2847 1112 2882 inter
1126 2845 1304 2882 remedia
1318 2844 1626 2889 phagedaenica
1641 2843 1843 2879 adhibent.
1881 2844 2008 2879 Gum-

186 2909 343 2946 mosum
370 2905 579 2941 Committe
604 2901 964 2939 cochinchv'nensz‘s
985 2904 1106 2938 Lour.
1136 2911 1303 2938 succum
1331 2902 1438 2936 inter
1465 2900 1692 2936 medicinas
1721 2903 1942 2944 purgantes
1966 2903 2006 2936 et

189 2965 406 3011 emeticas,
443 2972 518 2998 nec
549 2970 628 2996 non
658 2964 837 3004 potenter
865 2960 1125 3002 hydragogas
1157 2962 1384 2993 numerant.
1447 2956 1637 2993 Aliarum
1665 2958 1851 3002 lympha,
1879 2965 2006 3000 ¹prae·

188 3024 353 3058 valente
383 3021 424 3055 in
454 3019 570 3054 illius
600 3018 771 3053 miscela
800 3015 939 3051 resina
961 3015 1154 3059 elastica‚
1186 3013 1303 3048 utilis
1327 3015 1400 3048 est.
1459 3008 1867 3058 Sfflmm‘apelastica
1887 3013 2003 3049 Pers.

189 3076 354 3120 [Hevea
377 3075 616 3120 guianensis
632 3072 781 3117 Aubl.)
797 3072 840 3107 in
858 3071 1020 3107 Guiana
1035 3074 1072 3106 et
1087 3068 1269 3105 Brasilia
1283 3068 1460 3115 habitat,
1484 3077 1633 3112 magna
1649 3071 1796 3105 arbor.⁴
1827 3068 2004 3105 Effluum

189 3144 211 3170 e
234 3135 447 3169 vulnerato
472 3134 611 3166 trunco
635 3139 801 3166 succum
827 3127 1088 3172 acerrimum,
1121 3126 1171 3161 ad
1190 3124 1297 3161 aeris
1314 3128 1542 3160 contactum
1559 3124 1730 3168 glutinis
1745 3118 2004 3168 instarspis-

190 3199 299 3236 sum,
331 3188 470 3225 formis
493 3196 546 3223 ex
569 3186 719 3230 argilla
740 3185 784 3221 in
806 3187 980 3228 lagenae
1001 3182 1181 3226 speciem
1201 3180 1383 3225 figuratis
1406 3181 1587 3224 repetitis
1602 3180 1760 3217 vicibus
1776 3181 2002 3228 inductum,

188 3245 296 3281 fumo
328 3246 504 3291 siccant,
544 3246 584 3280 et
614 3243 794 3278 diffracto
826 3241 970 3276 deinde
999 3238 1114 3275 fictili
1142 3239 1309 3284 nucleo,
1341 3236 1511 3272 resinae
1543 3235 1750 3271 elastz'eae
1777 3246 1818 3272 v.
1845 3236 2005 3283 gummi

191 3299 460 3336 Caontclmuc
483 3299 644 3336 nomine
664 3298 708 3334 in
724 3300 928 3340 Europam
943 3295 1126 3341 mittunt,
1157 3293 1428 3330 substantiam
1445 3293 1624 3339 ingentis
1638 3292 1850 3341 utilitatis,
1881 3301 2002 3336 quam

189 3358 310 3393 etiam
339 3366 391 3392 ex
419 3357 516 3392 aliis
545 3354 740 3398 stirpibus
770 3351 971 3389 lactefluis
1000 3349 1171 3386 obtineri
1203 3358 1328 3393 saepe
1345 3351 1431 3392 jam
1454 3350 1653 3395 diximus,
1684 3359 1706 3385 e
1729 3351 1846 3386 nulla
1867 3351 2002 3387 tamen

189 3413 392 3456 copiosius
407 3421 525 3456 quam
542 3421 593 3448 ex
606 3411 688 3448 ista
702 3413 881 3454 paratur.
917 3402 1136 3443 Aleumes
1155 3403 1311 3441 triloba
1326 3407 1479 3455 Forst.⁷
1502 3407 1550 3442 de
1566 3407 1683 3449 cujus
1698 3408 1842 3442 nucleo
1858 3405 2004 3441 deinde
