2147 3756
336 258 460 293 5460.
490 258 695 293 Noranlea
708 251 836 292 Aubl.
1368 265 1556 307 Genus
1587 266 1828 308 dubium.

546 306 701 338 Ascium
721 304 875 340 Schreb.

548 347 766 382 Schwarzia
782 347 840 381 Fl-
859 346 989 381 Flum-
1267 355 1391 390 5462.
1421 355 1670 392 Antholoma
1686 353 1837 394 Labill.

334 399 357 433 5
366 399 386 433 4
394 399 416 433 6
424 399 441 433 1
449 423 459 433 .
491 399 753 443 Marcgravia
768 396 902 432 Plum.

361 490 685 535 Affinitas.
744 496 848 531 Ordo
865 493 1096 532 Clusiaceis
1113 493 1344 532 arctissime
1360 494 1516 543 affinis,
1539 495 1614 532 vix
1629 495 1712 533 nisi
1728 496 1838 534 soliis
1856 497 2041 545 alternis,

223 553 484 596 antherisque
516 555 631 588 dorso
661 552 849 599 insertis,
887 551 963 588 nec
994 552 1177 598 adnatis,
1217 554 1267 588 ab
1298 552 1446 588 iisdem
1477 552 1685 599 diversus,
1718 556 1766 590 ob
1799 554 1973 590 fructum
2004 559 2044 590 et

222 610 401 655 semina,
433 609 778 652 paucissimarum
794 608 1023 651 specierum
1047 609 1276 644 adhucdum
1300 609 1484 655 cognita,
1516 610 1756 653 subdubius.
1812 610 2045 654 Singularis

222 669 286 701 est
302 668 555 701 bractearum
571 665 874 701 sacciformium
893 665 1226 713 anamorphosis,
1250 668 1496 710 gemmulam
1512 666 1727 715 germinis,
1742 669 1883 711 ampla
1897 667 2044 703 micro-

220 723 316 767 pyle
331 721 530 769 hiantem,
561 730 613 756 ex
629 721 786 758 amussi
802 721 997 758 referens.

364 784 794 841 Geographia.
859 792 1006 828 Omnes
1036 790 1079 828 in
1105 791 1300 828 America
1330 792 1483 834 tropica
1511 792 1720 839 habitant,
1758 801 1854 828 nam
1876 787 2043 827 Ancho-

222 845 355 894 loma,
381 858 510 892 genus
526 848 568 883 in
585 850 700 884 Nova
715 848 939 886 Caledonia
954 849 1213 897 indigenum,
1238 848 1312 885 vix
1326 850 1450 892 hujus
1466 849 1546 885 loci
1562 852 1644 898 est,
1663 849 1811 886 dubiae
1827 849 2042 885 admodum

221 905 447 942 affinitatis.

363 968 727 1020 Qualfliates
751 977 791 1012 et
812 980 981 1014 usus.
1034 972 1338 1022 [isare-gravz'ae
1354 973 1608 1010 umbellatae
1624 976 1743 1012 Linn.
1761 975 1910 1026 radici,
1935 976 2045 1013 cauli

222 1036 258 1069 et
277 1031 391 1069 foliis
407 1032 598 1070 virtutem
614 1033 986 1077 antisyphiliticam
1002 1037 1039 1070 et
1056 1033 1295 1070 diureticam
1310 1032 1517 1070 Antillani
1535 1033 1729 1070 tribuunt.

643 1211 815 1257 ordo
846 1209 1070 1258 CCXX.
1134 1209 1273 1266 ΗΠ)
1280 1208 1625 1261 θῐὶοςίιιεειθ.

362 1311 611 1370 Arbores,
638 1310 881 1374 frutices,
928 1309 1210 1375 szffrutz’ces
1238 1329 1282 1359 ν.
1315 1311 1497 1360 herbae
1527 1327 1764 1375 perennes
1796 1319 1875 1359 aut
1903 1310 2048 1360 raris-

224 1384 339 1431 sime
363 1399 567 1440 annuae,
601 1384 758 1430 succis
786 1383 1014 1430 resinosis
1038 1399 1083 1430 v.
1108 1381 1308 1446 limpidis
1334 1383 1517 1440 foetae,
1551 1384 1689 1430 ramis
1717 1384 1944 1446 oppositis
1967 1391 2048 1430 aut

222 1455 375 1502 rarius
405 1454 723 1511 verticillatis,
757 1454 1031 1518 plerumque
1059 1454 1346 1516 tetragonis,
1379 1453 1609 1500 interdum
1636 1455 1943 1516 compressis,
1975 1453 2048 1500 bi-

222 1524 470 1572 facialibus
495 1541 550 1572 v.
573 1524 816 1572 teretibus.
870 1525 1012 1572 Folia
1040 1526 1252 1588 opposita
1277 1541 1318 1572 v.
1342 1524 1573 1572 interdum
1597 1525 1906 1582 verticillata,
1937 1525 2048 1571 sim-

223 1596 389 1659 plicia,
435 1595 619 1642 sessilia
656 1612 699 1643 v.
731 1595 980 1659 petiolata‚
1026 1596 1236 1658 integra,
1282 1596 1614 1659 penninervia,
1661 1596 1969 1658 integerrima
2000 1611 2046 1642 v.

224 1665 834 1729 glanduloso-denticulata
857 1674 937 1713 aut
961 1667 1226 1724 crenulata‚
1260 1665 1791 1730 saepissimeglandulis
1822 1666 2047 1713 resinosis

222 1737 453 1784 immersis
484 1737 719 1801 pellucide
753 1745 972 1801 punctata
1005 1746 1053 1784 et
1083 1736 1314 1800 glandulis
1346 1737 1622 1785 vesiculosis
1654 1738 1802 1800 nigris
1834 1738 2058 1799 margine*

226 1824 503 1871 conspersa,
544 1809 843 1871 exstipulata.
916 1810 1087 1856 Flores
1124 1809 1349 1871 perfecti,
1388 1809 1655 1871 regulares,
1693 1808 1964 1855 terminales
2003 1824 2046 1855 v.

224 1879 471 1936 axillares,
506 1880 760 1942 paniculati
790 1887 869 1926 aut
898 1879 945 1925 in
978 1896 1136 1942 cymas
1169 1878 1491 1936 dichotomas,
1527 1878 1672 1925 nudas
1704 1895 1747 1926 v.
1779 1878 2047 1925 bracteatas

227 1948 468 2013 dispositi,
525 1951 662 2008 lutei,
708 1950 862 1996 rarius
907 1950 1038 1997 rubri
1082 1967 1124 1996 v.
1172 1949 1282 1996 albi.
1374 1951 1532 2011 θαῖμα·
1578 1949 1722 2007 liber,
1771 1949 2048 2013 persistens,

225 2029 525 2084 pentamerus
571 2038 612 2068 v.
659 2022 812 2068 rarius
858 2029 1166 2079 tetramerus,
1227 2020 1406 2067 foliolis
1453 2021 1556 2083 plus
1607 2021 1756 2067 minus
1814 2019 2049 2078 connatis,

224 2090 487 2149 biseriatis,
537 2090 715 2138 duobus
755 2091 1073 2139 exterioribus
1113 2106 1255 2154 saepe
1289 2091 1567 2147 minoribus,
1616 2089 2049 2154 quadri—quinque-

227 2160 346 2209 fidus
385 2178 428 2208 v.
466 2164 688 2224 partitus,
737 2163 889 2209 rarius
926 2161 1265 2225 tetraphyllus,
1313 2161 1489 2208 foliolis
1535 2159 1818 2219 decussatis,
1866 2159 2047 2207 duobus

227 2233 546 2280 exterioribus
586 2232 864 2295 majoribUS,
910 2233 1222 2279 aestivatione
1262 2232 1481 2288 valvatis,
1530 2232 1758 2278 interiora
1789 2232 1932 2278 multo
1963 2232 2048 2278 mi-

225 2320 343 2350 nora
395 2303 684 2366 tegentibus.
783 2304 1009 2350 Corollae
1062 2303 1367 2366 receptaculo
1413 2303 1618 2349 insertae
1664 2301 1823 2366 petala
1869 2302 2048 2366 calycis

224 2374 404 2421 foliolis
436 2391 631 2422 numero
663 2374 878 2438 aequalia
912 2383 959 2421 et
990 2374 1196 2431 alterna,
1237 2373 1419 2419 sessilia
1449 2390 1494 2421 v.
1527 2373 1854 2436 unguiculata,
1892 2388 2049 2435 ungue

226 2444 351 2491 nudo
382 2454 461 2491 aut
492 2461 632 2509 supra
662 2445 809 2492 hasim
841 2448 963 2491 intus
994 2444 1184 2491 foveola
1214 2461 1256 2490 v,
1289 2444 1530 2507 squamula
1561 2460 1759 2490 carnosa
1799 2452 1879 2490 aut
1915 2453 2048 2507 peta-

226 2514 383 2563 loidea
413 2525 575 2574 aucta,
608 2515 844 2578 aequalia,
877 2515 981 2578 plus
1013 2516 1163 2561 minus
1190 2515 1553 2578 inaequilatera,
1586 2515 2044 2572 flabellato-venosa,

225 2587 536 2635 aestivatione
569 2587 808 2650 spiraliter
839 2594 1079 2646 contorta,
1113 2584 1315 2633 decidua
1344 2602 1387 2632 v.
1420 2586 1661 2633 involuto·
1692 2594 1770 2632 aut
1802 2593 2048 2632 contorto-

225 2658 546 2720 persistentia.
650 2658 871 2704 Stamina
922 2657 1228 2721 receptaculo
1281 2657 1484 2713 inserta,
1548 2657 1785 2703 rarissime
1840 2655 2046 2712 definita,

226 2728 499 2792 plerumque
531 2726 776 2775 indefinite
812 2728 1024 2792 plurima.
1096 2729 1370 2774 Fz‘lamenta
1409 2727 1669 2788 filiformia,
1717 2724 1948 2772 interdum
1989 2725 2046 2771 li-

225 2798 343 2850 bera
372 2814 419 2846 v.
455 2798 789 2862 monadelpha,
835 2798 1110 2861 saepissime
1141 2798 1187 2843 in
1219 2798 1476 2860 phalanges
1508 2806 1606 2844 tres
1638 2814 1677 2843 v.
1712 2797 1913 2859 quinque
1945 2795 2047 2860 plus

228 2869 376 2917 minus
416 2878 639 2927 connata,
689 2869 997 2932 phalangibus
1036 2867 1268 2915 interdum
1307 2884 1410 2914 cuin
1442 2866 1672 2930 glandulis
1703 2883 1746 2915 v.
1779 2867 2046 2930 squamulis,

226 2942 405 3002 pariter
448 2941 752 3003 receptaculo
799 2940 989 2986 insertis
1042 2938 1396 2984 alternantibus.
1484 2939 1742 2985 Ancherae
1793 2939 2045 2995 introrsae,

226 3009 537 3068 biloculares,
576 3008 906 3073 subdidymae,
953 3024 1096 3071 saepe
1130 3007 1349 3071 glandula
1380 3008 1681 3066 terminatae,
1730 3007 2046 3070 longitudinu-

226 3080 337 3142 liter
368 3079 687 3128 dehiscentes.
769 3081 968 3129 Germen
999 3079 1469 3143 tri-pentaphylluin,
1511 3081 1659 3125 rarius
1691 3079 2045 3142 pleiophyllum,

229 3151 644 3215 carpophyllorum
683 3150 972 3213 marginibus
1011 3150 1297 3208 introssexis,
1343 3167 1465 3196 nunc
1506 3150 1791 3196 abbreviatis
1831 3149 2044 3196 unilocu-

228 3221 351 3279 lare,
397 3238 444 3270 v.
485 3221 651 3269 iisdem
689 3221 810 3268 axim
847 3219 971 3268 haud
1009 3221 1374 3283 attingentibus,
1426 3229 1505 3267 aut
1541 3236 1742 3283 superne
1783 3220 1933 3266 saltim
1975 3218 2046 3265 ‹li-

229 3292 411 3356 stinctis
444 3293 727 3354 incomplete
758 3291 1303 3355 tri-quinqueloeulare,
1353 3307 1473 3338 nunc
1506 3290 1791 3353 marginibus
1828 3291 1954 3336 inter
1991 3305 2042 3336 se

228 3361 289 3407 ad
337 3364 458 3409 axim
506 3363 692 3410 coalitis
738 3361 1277 3426 tri-quinqueloeulare,
1336 3362 1720 3424 trophospermiis
1766 3376 1826 3407 ex
1871 3359 2043 3422 angulo

229 3433 426 3480 centrali
471 3434 574 3498 plus
617 3434 767 3480 minus
810 3433 1058 3498 porrectis.
1136 3433 1407 3480 Gemmulae
1444 3433 1490 3480 in
1530 3431 1697 3478 loculis
1735 3429 1960 3495 plurimae
2001 3446 2042 3477 v.
