2147 3756
944 92 1055 140 157

88 272 124 305 et
148 269 288 304 vinum
313 267 445 303 ferunt
465 269 502 302 et
519 266 651 301 oleum
667 267 882 311 praebent,
915 270 953 301 et
969 264 1196 309 omnigenis
1215 263 1330 299 donis
1348 266 1584 306 populorum
1602 266 1676 300 sub
1694 263 1780 299 miti
1799 265 1910 299 coelo

88 326 316 369 degentium
332 327 448 359 beato
466 323 680 366 provident
693 322 791 369 otio,
816 321 1017 365 plurimae
1032 322 1190 357 salubri
1207 324 1243 358 et
1261 325 1376 364 grato
1394 320 1503 361 cibo,
1523 321 1736 363 pauciores
1751 321 1910 355 viribus

87 381 417 417 medicatricibus
434 381 749 415 commendatae.
785 380 832 414 In
849 379 1195 415 arborescentium
1211 378 1378 413 caudice
1394 378 1575 412 medulla
1591 379 1748 421 ampla,
1775 376 1912 411 fecula

86 439 290 473 nutriente
306 441 490 483 scatens,
517 436 782 478 plurimarum
800 435 963 471 frondes
982 438 1156 471 tenellae
1173 435 1280 470 intra
1296 442 1493 478 gemmam
1511 434 1762 468 terminalem
1777 435 1912 467 laten-

88 498 147 530 tes
169 493 407 537 gratissima
430 494 570 535 dapes.
628 493 693 527 Ex
716 493 890 528 aliarum
909 496 1049 528 trunco
1067 502 1218 527 succus
1237 491 1400 527 elicitur
1416 490 1682 535 refrigerans,
1715 492 1912 525 saccharo

87 551 249 593 copioso
274 549 425 594 foetus,
461 549 766 584 fermentatione
790 549 831 583 in
850 552 983 591 potum
1001 549 1213 595 vinosum,
1244 558 1323 584 non
1339 547 1500 582 infimae
1517 546 1655 581 laudis
1673 548 1915 582 converten··

86 609 176 643 dus.
229 606 612 642 Flabellifrondium
631 607 880 647 quarundam
899 615 1048 640 succus
1066 605 1280 650 emeticus,
1305 604 1411 639 inter
1426 604 1605 648 gentium
1623 604 1914 638 nonnullarum

86 664 424 706 alexipharmaca
455 663 643 698 celebris.
715 662 991 697 Plurimarum
1022 658 1175 705 drupae
1206 671 1329 696 carne
1358 661 1525 696 indutae
1555 663 1651 695 sunt
1682 658 1914 694 maturitate

85 721 229 763 sapide
248 721 399 766 dulces,
418 719 604 761 juniores
622 721 825 762 austerae,
845 718 1161 763 adstringentes,
1181 718 1422 760 quibusdam
1441 717 1596 752 fructus
1613 719 1728 760 grate
1744 714 1910 759 aciduli,

84 786 310 822 paucarum
335 775 566 818 pericarpia
581 775 708 810 acria.
764 774 1014 816 Notissimus
1033 775 1360 810 estsuccilactei
1377 779 1416 810 et.
1431 773 1736 817 refrigerantis,
1770 781 1822 806 ex
1837 772 1913 806 im-

85 833 256 870 maturis
287 834 521 868 Palmarum
561 830 829 873 complurium
865 831 1092 866 seminibus
1123 831 1327 866 effluentis
1359 834 1434 866 sub
1467 833 1579 866 coelo
1610 829 1765 866 fervido
1796 837 1911 863 usu-5.

84 892 224 927 Oleum
255 889 407 932 pingue
438 899 459 923 e
487 888 712 923 seminibus
742 889 977 923 Palmarum
1009 897 1195 930 pressum
1218 887 1396 932 ingentis
1418 887 1622 923 utilitatis,
1682 887 1914 921 Paucarum

84 947 314 993 putamina,
346 956 397 981 ne
413 946 581 980 Palmae
595 954 690 980 rara
707 944 905 986 quailtate
922 944 1033 979 Oleis
1049 946 1215 990 cedant,
1246 947 1333 980 oleo
1350 945 1514 987 copioso
1534 943 1640 979 foeta
1654 946 1762 979 sunt.
1808 944 1913 977 Sub-

82 1004 261 1040 stantiae
290 1003 590 1045 adstringentes
617 1002 661 1037 in
691 1001 841 1036 cortice
871 1004 908 1036 et
939 1000 1141 1036 fructibus
1170 1003 1461 1038 nonnullarum
1480 1001 1684 1049 resident,
1716 1000 1915 1044 quaedam

83 1060 296 1097 materiam
314 1060 542 1095 resinosam
561 1058 789 1106 continent,
821 1057 932 1093 aliae
948 1066 1081 1093 ceram
1099 1059 1262 1094 sudant.

192 1147 492 1190 InterPalmas,
512 1153 683 1188 quarum
699 1145 879 1180 medulla
894 1143 934 1179 in
954 1152 1159 1179 annonam
1176 1144 1439 1191 convertitur,
1461 1140 1597 1190 Sagras
1608 1136 1811 1187 Rumplzz‘z'
1824 1141 1909 1189 W.,

83 1204 191 1247 apud
212 1204 332 1238 Indos
356 1211 557 1249 nascens,
588 1202 757 1250 eminet,
789 1201 883 1237 huic
907 1199 1146 1235 Mammiae
1170 1205 1328 1247 plures,
1361 1202 1402 1236 in
1428 1201 1622 1236 America
1646 1199 1808 1242 tropica.
1825 1208 1913 1233 cre-

82 1263 244 1297 scentes
269 1259 467 1302 dignitate
490 1259 712 1302 proximae.
773 1260 939 1294 Gemma
963 1259 1193 1294 terminalis
1215 1258 1447 1302 (cerebrum
1464 1259 1700 1293 Palmarum
1716 1258 1823 1291 hanc
1839 1264 1913 1289 vo-

84 1316 223 1363 cant),
254 1316 328 1352 vix
350 1316 490 1351 non‘in
506 1316 692 1351 omnibus
708 1316 815 1351 inter
829 1317 939 1350 olera
954 1316 1087 1351 edulis
1099 1342 1108 1360 ,
1143 1316 1395 1358 quarundam
1413 1315 1622 1351 deliciosa.
1680 1315 1789 1348 Inter
1805 1312 1912 1348 vini-

81 1375 189 1411 feras
208 1369 378 1418 Arenga
393 1370 700 1420 saccharq'fera
716 1375 831 1417 Lab.,
858 1369 994 1418 Sagns
1011 1370 1214 1418 Rumpltae‘z‘
1228 1374 1298 1409 W.
1312 1399 1322 1419 ,
1345 1370 1563 1406 Borassus
1568 1367 1911 1417 flctbelqur1rm1’.;‚

84 1430 214 1466 Coc-os
231 1429 432 1477 7mcqfercc
453 1431 522 1476 L.,
561 1427 761 1475 Rlaectpltz'a
778 1427 968 1478 vinifera
982 1431 1106 1476 Lab.,
1139 1439 1192 1466 ex
1214 1429 1463 1466 americanis
1481 1426 1696 1463 [wamma
1722 1425 1911 1474 vimfera

80 1484 201 1526 Mart.
220 1487 419 1530 imprimis
435 1487 720 1523 nominandae.
781 1484 979 1521 Phoemtz·
999 1486 1043 1522 in
1060 1487 1205 1523 Africa
1219 1487 1377 1523 boreali
1392 1486 1591 1533 gignitur,
1623 1484 1813 1527 nuspiam
1831 1483 1913 1518 nisi

79 1547 123 1582 in
141 1545 299 1581 fervida
315 1544 532 1589 frugifera,
557 1544 600 1579 in
618 1546 694 1579 hac
713 1541 1134 1589 Dactyl2·11ascuntur
1149 1544 1240 1579 sive
1261 1541 1543 1590 Tragemala,
1572 1543 1720 1585 quibus
1737 1541 1912 1584 plurima

79 1603 323 1647 nigritarum
347 1606 383 1636 et
401 1602 585 1636 Arabum
609 1601 737 1637 tribus
760 1601 925 1648 vivunt,
959 1601 1198 1636 commercio
1217 1601 1345 1637 adlati
1362 1602 1469 1643 apud
1488 1610 1561 1635 nos
1576 1600 1683 1634 inter
1699 1597 1913 1633 blandiora

78 1661 238 1696 fercula
254 1658 460 1693 notissimi
477 1657 596 1704 usus,
629 1657 798 1701 saepius
815 1658 910 1692 olim
927 1666 952 1693 a
967 1657 1137 1692 medicis
1154 1657 1412 1700 praescripti.
1454 1655 1606 1690 Cocoes
1623 1654 1848 1703 nuc-iserae
1865 1655 1911 1689 L-

77 1716 282 1755 latissime
307 1716 414 1750 inter
435 1715 609 1756 tropicos
634 1713 857 1749 crescentis
879 1714 1040 1750 semina
1055 1714 1274 1750 immatura
1289 1715 1501 1759 bibuntur,
1536 1713 1604 1749 ubi
1621 1712 1800 1756 perfecte
1815 1712 1912 1746 ado-

77 1773 254 1811 leverint
284 1772 596 1808 manducantur.
658 1769 876 1815 amyntae
907 1768 1074 1804 urentis
1103 1772 1150 1806 L.
1184 1770 1227 1805 in
1255 1771 1363 1807 Asia
1394 1771 1549 1814 tropica
1579 1770 1726 1805 obviae
1754 1768 1910 1804 fructus

81 1840 220 1875 acres,
260 1825 456 1874 Arengtce
478 1825 809 1876 sacchar-iserae
832 1828 932 1863 Lab.
966 1828 1121 1871 drupae
1155 1827 1398 1864 immaturae
1428 1830 1627 1864 saccharo
1660 1829 1911 1870 temperatae

80 1889 367 1931 comeduntur,
408 1885 530 1921 etiam
556 1885 649 1920 dum
673 1893 818 1927 sapore
841 1883 1040 1920 fervidae.
1103 1885 1244 1920 Oleum
1267 1896 1288 1921 e
1312 1885 1536 1921 seminibus
1554 1884 1822 1928 plurimarum
1838 1891 1910 1918 ex-

79 1945 280 1989 primitur.
339 1943 478 1978 Differt
503 1945 551 1978 ab
576 1945 653 1978 hoc
677 1944 828 1988 oleum,
863 1943 966 1984 quod
985 1952 1006 1976 e
1022 1942 1302 1984 putaminibus
1323 1940 1511 1976 Elaez'de‘s
1525 1941 1763 1988 gm'neensz's
1781 1940 1909 1987 Jacq.,

78 2002 197 2038 hodie
215 2001 336 2036 etiam
353 2000 394 2034 in
412 1999 646 2035 Americam
663 2001 983 2045 transplatatae,
1010 1999 1232 2046 obtinetur,
1250 2000 1366 2035 acido
1383 1999 1559 2043 palmico
1576 1998 1739 2034 foetum.
1775 1994 1910 2041 Com]-

39 2060 42 2062 '
70 2056 187 2106 pleae
210 2055 572 2105 umbraculifercce
588 2058 634 2093 L.
660 2059 698 2091 et.
720 2053 919 2090 Talierae
941 2054 1165 2102 sylvestris
1182 2059 1337 2103 Blum„
1366 2058 1603 2093 Palmarum
1628 2055 1910 2100 asiaticarum,

79 2126 231 2154 succus
262 2115 477 2161 emeticus,
516 2114 893 2157 alexipharmacus.
932 2107 936 2112 ’
970 2111 1204 2148 Lodm‘ceae
1236 2112 1526 2149 Seclaellaram
1556 2112 1707 2149 Labill.
1741 2105 1911 2155 (Cocois

78 2171 352 2215 Maldivicae]
377 2181 504 2207 nuces
527 2170 656 2207 forma
678 2175 937 2214 portentosae
954 2174 1004 2206 ab
1023 2171 1143 2207 undis
1161 2171 1204 2207 in
1218 2172 1338 2208 India
1354 2171 1627 2207 continentem
1643 2171 1798 2212 ejectae
1815 2168 1910 2203 olim

77 2230 193 2268 miris
218 2229 478 2272 praedicatae
500 2228 696 2264 encomiis
719 2233 758 2264 et
779 2228 938 2272 ingenti
961 2228 1152 2264 venditae
1169 2229 1319 2274 pretio,
1351 2232 1692 2271 praesentaneum
1711 2228 1910 2262 adversus

76 2295 238 2324 venena
260 2287 389 2322 omnis
405 2286 566 2330 generis
583 2285 802 2321 remedium
820 2287 1100 2322 credebantur.
1158 2287 1191 2320 E
1209 2289 1358 2330 spatha
1379 2283 1524 2320 Cocoz's
1541 2283 1764 2332 mcce'ferae
1782 2285 1912 2318 cultro

75 2345 211 2381 incisa
239 2353 390 2380 succus
423 2342 552 2378 effluit
577 2343 716 2386 gustui
740 2346 882 2387 gratus
908 2340 1056 2386 [vulgo
1080 2344 1223 2386 'l'oddy
1244 2341 1425 2390 dictus),
1459 2343 1567 2386 apud
1589 2341 1767 2377 medicos
1792 2349 1910 2375 euro-

76 2411 202 2446 paeos
232 2401 276 2436 in
297 2401 415 2436 India
437 2402 663 2436 salutarem
687 2403 813 2435 artem
838 2400 1144 2445 exercentibus,
1166 2400 1220 2436 >in
1244 2400 1500 2437 removendis
1525 2397 1907 2443 constipationibus,

79 2458 228 2502 quibus
249 2458 293 2493 in
316 2458 415 2493 illas
440 2462 570 2493 terras
595 2458 800 2503 advenae,
833 2457 1034 2499 imprimis
1058 2457 1330 2494 mulierculae
1348 2457 1627 2502 delicatiores,
1659 2455 1906 2500 cruciantur,

70 2516 282 2552 ‘maximae
297 2515 447 2550 laudis.
498 2516 563 2549 Ex
579 2511 815 2560 ,Hyphaene
832 2513 1028 2563 cacefera
1044 2515 1157 2549 Pers.
1176 2512 1306 2557 [Dum
1322 2513 1491 2562 Arab.),
1526 2517 1667 2549 trunco
1685 2513 1907 2548 dichotomo

76 2574 181 2609 inter
205 2574 371 2607 Palmas
401 2571 625 2617 singulari,
659 2568 866 2605 Bdelle‘mn
898 2570 1195 2617 aegyptiacam
1225 2572 1446 2618 obtinetur,
1480 2570 1712 2607 substantia
1734 2567 1909 2613 gummi-

77 2629 285 2672 resinosa,
325 2628 420 2662 olim
449 2628 556 2662 inter
586 2628 764 2663 remedia
796 2629 1075 2671 diaphoretica
1106 2632 1143 2663 et
1174 2629 1375 2670 diuretica
1404 2632 1581 2670 recepta.
1640 2629 1674 2662 E
1706 2625 1907 2661 fructibus

77 2683 243 2720 Areeae
264 2681 452 2718 Catechu
470 2686 514 2720 L.
539 2684 654 2720 succi
678 2685 990 2731 adstringentis,
1024 2688 1099 2721 sub
1123 2686 1286 2722 nomine
1303 2684 1683 2727 Terraejaponicae
1700 2693 1738 2720 v.
1757 2684 1908 2718 Terrae

77 2744 256 2780 Catechu
282 2741 366 2777 noti
388 2742 549 2784 speeies
575 2741 797 2786 obtinetur,
824 2742 1011 2784 juniores
1036 2751 1126 2777 cum
1145 2740 1266 2776 Beele
1282 2746 1332 2778 ab
1353 2741 1461 2777 Indis
1478 2741 1759 2776 masticantur.
1824 2737 1907 2772 Ca-

77 2799 214 2835 lamus
247 2796 395 2832 Dran-0
418 2799 567 2834 7Willd.
597 2801 736 2842 plures
761 2795 987 2844 Sanguinis
1010 2796 1252 2842 Dracom’s,
1299 2788 1476 2842 quae'in
1507 2795 1782 2833 mercimoniis
1813 2805 1907 2839 pro-

77 2859 202 2903 stan't,
228 2856 410 2903 species,
442 2855 644 2898 principio
667 2858 874 2891 colorante
892 2855 1095 2899 peculiari
1111 2853 1390 2898 (Draconino)
1407 2855 1588 2891 munitas
1604 2853 1907 2896 adstringentes

76 2918 115 2951 et
130 2914 287 2950 tonicas
303 2913 489 2957 largitur.
535 2912 639 2948 Cera
656 2912 785 2956 (Cera
802 2915 849 2948 de
864 2912 1034 2956 Palma]
1053 2923 1074 2948 e
1093 2910 1300 2959 Cerva-yla·
1313 2910 1535 2948 andiu-oleae
1550 2913 1695 2948 Humb.
1713 2913 1751 2948 et
1771 2908 1906 2956 Cory-

69 2968 185 3018 plane
202 2969 415 3020 cert-'ferae
429 2971 475 3006 L.
495 2969 740 3014 [Car-nauba
756 2968 932 3015 lli-asu.)
951 2973 1092 3006 trunco
1109 2969 1250 3008 effluit.

189 3057 299 3093 Usus
315 3055 582 3092 mechanicus
599 3054 829 3099 multiplex.

238 3208 550 3261 Appendix.
609 3206 984 3263 Amphibryae
1017 3207 1279 3260 fossiles,
1320 3208 1478 3250 dubii
1509 3207 1742 3249 ordinis.

167 3313 298 3348 1784.
317 3312 578 3349 Bucklandia
597 3310 784 3361 Rrongu.
1100 3315 1222 3351 1786.
1252 3313 1487 3349 smitacites
1506 3309 1692 3357 Brongn.

163 3378 180 3412 1
190 3377 208 3412 7
219 3378 283 3412 85.
317 3375 550 3413 clathraria
565 3374 700 3411 Mart.
931 3364 938 3370 “
1099 3372 1116 3406 1
1127 3372 1148 3407 7
1156 3371 1222 3407 87.
1254 3369 1556 3406 Com-auarites
1575 3365 1760 3415 Brongu.

400 3431 643 3467 Bucklandia
662 3430 813 3469 Scernb.
887 3438 891 3441 '
997 3447 1004 3453 ·
1100 3429 1221 3464 1788.
1253 3427 1443 3463 Poacttes
1463 3423 1648 3472 Brongn.
