2147 3756
918 140 1044 191 489

70 320 343 368 Fe'lamcnta
375 313 559 373 brevia,
608 329 785 362 crassa.
861 311 1123 362 Antkerae
1155 316 1426 367 extrorsac,
1470 306 1891 368 uni-biloculares,

72 390 238 437 loculis
270 386 476 444 adnatis,
510 384 766 443 distinctis,
798 381 1207 446 longitudinaliter
1238 379 1608 427 dehiscentibus.
1667 379 1894 427 Floribus

64 460 406 524 pzls‘tz'llz'gerzs:
443 458 598 519 Calyce
628 455 739 502 tubo
772 454 1148 517 hcmisphaerico
1179 468 1223 499 v.
1248 450 1511 507 turbinato,
1546 466 1649 497 cum
1681 450 1893 512 germine

72 531 345 594 plerumque
378 544 523 591 usqne
557 525 615 573 ad
647 525 846 573 mediam
878 525 1000 571 illius
1032 521 1396 586 longitudinem,
1428 521 1581 567 rarius
1612 520 1715 567 fere
1748 534 1895 582 usque

71 601 131 649 ad
169 602 349 663 apicem
391 607 617 655 connato,
666 597 805 644 limbo
853 596 1146 658 semisupero
1193 611 1236 640 v.
1277 593 1379 640 fere
1427 606 1623 654 supero,
1672 591 1899 653 quinque-

72 672 263 735 partito.
351 671 578 717 Corollac
624 668 778 732 petala
824 667 1050 730 quinque,
1113 680 1288 710 summo
1344 661 1555 724 ejusdem
1607 660 1721 707 tubo
1774 661 1899 707 inter

73 744 269 790 lacinias
309 742 508 797 inserta,
556 739 706 785 libera
743 755 787 785 v.
819 738 944 784 inter
981 751 1033 783 se
1074 734 1264 781 coalita.
1343 736 1544 781 Germen
1583 732 1806 786 inferum,
1853 746 1898 777 v.

73 814 417 869 semiinserum,
466 809 762 857 triloculare.
850 806 1121 854 Gemmulac
1166 805 1214 851 in
1261 804 1429 851 loculis
1473 819 1678 867 paucae,
1725 799 1902 849 subde-

72 885 257 941 finitae,
304 883 454 929 rarius
500 880 750 944 plurimae,
799 893 825 925 e
863 876 963 923 basi
1001 873 1375 932 adscendentes,
1426 884 1698 939 anatropae.
1772 872 1907 934 Stylz'

72 964 195 1010 tres,
243 951 477 1008 distincti,
525 957 768 1012 patentes,
823 947 1059 1011 simplices
1103 963 1147 994 v.
1194 946 1330 1009 apice
1376 944 1532 1004 bifidi,
1593 943 1904 1008 stigmatibus

72 1023 362 1086 simplicibus
407 1037 450 1068 v.
498 1018 975 1067 reniformi-bilobiS.
1058 1020 1222 1065 Bacca
1271 1032 1495 1074 carnosa,
1541 1032 1664 1063 nunc
1710 1014 1904 1077 subglo-

70 1094 211 1151 bosa,
252 1091 408 1141 medio
442 1091 646 1155 calycini
679 1090 806 1137 limbi
839 1089 1052 1153 reliqniis
1083 1096 1278 1146 zonata,
1319 1087 1699 1151 hemisphaerica
1728 1101 1772 1135 v.
1804 1094 1904 1131 tnr-

70 1165 250 1222 binata,
300 1179 448 1228 prope
495 1163 678 1226 apicem
722 1169 915 1218 zonata,
961 1160 1274 1217 trilocularis,
1321 1158 1489 1204 loculis
1535 1166 1734 1221 propter
1780 1156 1902 1203 axim

73 1236 329 1284 centralem
363 1234 725 1290 crassissimum,
772 1233 1032 1293 trigonum,
1073 1230 1258 1293 angulis
1290 1238 1426 1292 septa
1456 1228 1764 1292 praebentem
1794 1242 1905 1290 par·
1950 1259 1961 1261 -ι

70 1307 165 1365 vis,
204 1306 375 1370 parieti
407 1304 624 1351 admotis.
697 1304 894 1351 Semina
924 1303 971 1349 in
1003 1302 1171 1349 loculis
1202 1316 1379 1365 pauca,
1423 1299 1720 1363 subgemina,
1752 1299 1905 1344 rarius

72 1379 228 1442 plura,
276 1393 302 1424 e
348 1376 449 1423 basi
497 1383 682 1432 erecta,
731 1373 1000 1430 imbricata,
1049 1372 1202 1421 ovalia
1241 1388 1286 1421 v.
1319 1371 1552 1434 oblonga,
1606 1370 1709 1433 plus
1756 1369 1905 1415 minus

74 1463 366 1512 compressa,
414 1446 764 1508 submarginata
804 1461 848 1491 v.
882 1460 1085 1508 superne
1125 1444 1172 1489 in
1206 1443 1324 1490 alam
1357 1441 1763 1489 membranaceam
1795 1456 1907 1503 pro-

73 1518 230 1567 ducta.
303 1518 596 1580 Embryom's
634 1515 1002 1574 exalbuminosi‚
1051 1514 1319 1576 orthotropi
1352 1513 1664 1576 cotyledoncs
1696 1526 1903 1567 crassae,

75 1605 328 1649 carnosae,
363 1589 582 1647 oleosae,
614 1588 842 1635 radicula
871 1586 1174 1644 brevissima,
1210 1585 1379 1632 infera.

854 1705 886 1741 G
905 1713 930 1740 E
950 1712 981 1740 Ν
1000 1712 1024 1740 13
1043 1713 1071 1740 n
1089 1712 1137 1741 A.

187 1794 312 1831 5121.
342 1792 530 1831 Fevinea
545 1788 669 1828 Lem.
1127 1791 1252 1827 5122.
1285 1776 1475 1824 z'anonia
1492 1784 1618 1823 Lina.

398 1840 578 1876 Feuillea
595 1840 702 1874 Pers.
1186 1850 1223 1874 (ι.
1249 1838 1421 1871 Zanonia
1436 1837 1568 1870 Blam-

399 1884 649 1918 Nhandiroba
664 1883 795 1918 Pium.
1187 1882 1221 1917 b.
1248 1880 1460 1915 Alsomitra
1475 1880 1607 1914 Blam.

211 1970 537 2018 AffinissaS·
597 1977 910 2014 Nhandirobeae
940 1974 1133 2022 exiguam
1162 1977 1398 2020 plantarum
1421 1973 1622 2010 familiam
1645 1969 1909 2018 constituunt,

72 2034 382 2074 Cucurbitaceis
412 2035 644 2071 arctissime
674 2035 985 2082 conterminam,
1017 2033 1214 2079 germinis
1245 2036 1475 2078 structura,
1508 2032 1802 2075 gemmularum
1832 2037 1911 2063 nu·-

72 2103 181 2130 mero
205 2097 249 2129 et
271 2092 376 2139 situ,
409 2092 531 2134 stylis
557 2091 762 2127 distinctis
780 2095 819 2127 et
836 2092 981 2127 cirrhis
999 2091 1249 2126 axillaribus
1268 2089 1514 2125 distinctam.
1574 2087 1704 2130 Stylis
1722 2084 1909 2121 discretis

73 2150 300 2193 cirrhisque
330 2149 374 2184 in
405 2149 597 2184 foliorum
627 2148 759 2184 axilla
783 2148 876 2185 sitis
899 2149 951 2184 ad
975 2147 1248 2184 Passifioreas
1273 2148 1494 2192 accedunt,
1526 2152 1631 2186 quae
1655 2149 1789 2178 tamen
1812 2141 1910 2178 aliis

73 2208 202 2255 notis,
234 2205 434 2249 imprimis
451 2206 631 2250 germine
647 2205 797 2252 libero,
830 2205 1135 2247 seminibusque
1151 2204 1420 2248 parietalibus
1439 2202 1598 2238 abunde
1617 2201 1817 2236 differunt.

216 2270 647 2327 Geographia.
707 2277 854 2312 Omnes
877 2276 984 2311 inter
1006 2276 1203 2322 tropicos,
1235 2273 1437 2318 imprimis
1461 2272 1566 2308 inter
1590 2273 1849 2314 aequatorem
1873 2271 1913 2305 et

73 2343 289 2381 cancrum,
320 2334 531 2370 Fevineae
547 2334 591 2370 in
605 2333 821 2381 America,
852 2333 1068 2369 Zanoniae
1083 2333 1127 2367 in
1143 2332 1249 2369 Asia
1264 2331 1463 2367 habitant.

216 2398 579 2451 Qualitates
611 2407 652 2440 et
679 2408 850 2442 usus.
910 2403 1098 2446 Qualitas
1129 2402 1367 2439 affinitatem
1399 2409 1490 2436 cum
1514 2397 1823 2437 Cucurbitaceis
1847 2396 1913 2433 in-

77 2461 207 2508 dicat,
233 2466 272 2496 et
288 2462 592 2497 distinctionem
607 2461 827 2496 confirmat.
873 2460 1139 2495 substantiae
1156 2460 1264 2495 enim
1281 2466 1467 2504 amarae,
1486 2466 1590 2500 quae
1608 2456 1649 2492 in
1668 2454 1913 2492 cucurbita-

76 2520 162 2556 ceis
193 2520 246 2554 ad
276 2518 380 2554 imas
411 2518 573 2554 radices
597 2519 787 2553 detrusae
811 2526 902 2553 esse
925 2519 1083 2563 solent,
1115 2516 1314 2553 seminum
1337 2517 1425 2550 oleo
1451 2514 1494 2549 in
1516 2511 1813 2548 Nliandirobeis
1838 2511 1914 2546 ad-

75 2576 230 2612 mixtae
254 2578 368 2621 sunt,
402 2574 559 2611 fructus
583 2577 718 2610 autem
739 2574 782 2609 in
799 2573 1066 2618 paucissimis
1084 2572 1390 2618 cucumerinus,
1423 2570 1466 2605 in
1483 2570 1687 2614 plerisque
1703 2568 1912 2612 insipidus

80 2636 144 2669 est
161 2636 198 2668 et
215 2641 461 2668 nauseosus.
1106 2667 1110 2670 μ

184 2697 195 2701 ‘
220 2685 433 2722 Fem'lleae
465 2684 720 2736 cordz'folae'ae
741 2685 884 2733 Lina,
918 2685 1077 2722 fruticis
1108 2685 1321 2732 antillani,
1353 2683 1512 2721 semina
1545 2680 1736 2725 (Semina
1760 2678 1911 2715 Man-

71 2743 269 2788 'dirobaffl
297 2747 422 2780 multo
447 2747 555 2791 oleo,
588 2743 806 2787 insigniter
828 2753 967 2779 amaro
991 2746 1171 2788 scatent,
1205 2746 1244 2778 et
1267 2742 1433 2778 emesim
1456 2743 1715 2776 veliementer
1735 2740 1911 2784 movent,

77 2803 254 2839 refracta
279 2801 366 2837 dosi
391 2801 553 2845 egregie
578 2803 767 2844 purgant.
828 2800 1055 2836 Tutissima
1078 2809 1130 2836 ex
1153 2799 1240 2845 liis,
1271 2798 1309 2835 si
1332 2798 1537 2841 indigenis
1560 2797 1678 2842 fides,
1711 2796 1912 2831 adversus

76 2861 332 2906 plantarum,
364 2858 563 2900 imprimis
594 2857 722 2893 Rhois
747 2856 1063 2903 Toxicodendri,
1097 2856 1376 2892 Mancinellae
1409 2859 1448 2890 et
1472 2853 1679 2898 Spigeliae
1709 2860 1912 2888 venenum

76 2915 293 2970 medicina.
352 2916 387 2950 E
404 2911 617 2948 Iss'em‘lleae
635 2912 868 2948 tre'lobatae
891 2914 1014 2949 Linn.
1041 2913 1269 2949 seminibus
1293 2914 1425 2947 oleum
1449 2913 1668 2947 sebaceum
1685 2909 1912 2944 Brasilien-

78 2981 146 3009 ses
177 2972 376 3017 obtinent,
410 2981 486 3014 quo
519 2971 562 3007 in
593 2974 754 3007 artuum
779 2972 915 3006 dolore
938 2971 1137 3015 unguenti
1160 2972 1249 3006 loco
1273 2972 1453 3005 utuntur.
1510 2967 1731 3009 Utriusque
1754 2963 1911 3010 speciei

78 3029 330 3073 pinguedine
344 3030 558 3071 lampades
577 3028 815 3063 Americani
833 3030 964 3063 alunt.

221 3081 442 3119 Zmaom’ae
458 3083 624 3119 indicae
648 3085 767 3120 Linn.
793 3082 1125 3132 (Penar-Valli,
1149 3082 1294 3119 Fruita
1317 3079 1588 3125 Bandoliera]
1614 3083 1767 3117 baccae
1790 3088 1890 3122 sapo

80 3151 165 3177 rem
188 3145 226 3177 et
250 3143 409 3177 odorem
433 3142 737 3177 cucumerinum
759 3144 922 3177 habent.
983 3141 1102 3177 Folia
1118 3139 1469 3176 conti-itabalneis
1486 3139 1730 3185 miscentur,
1762 3140 1910 3173 etcum
1933 3176 1939 3180 ⁶

80 3201 226 3243 butyro
242 3200 525 3243 praeparando
539 3199 751 3235 linimento
769 3197 1040 3243 antispastico
1057 3197 1302 3235 inserviunt.

500 3332 671 3379 ordo
702 3332 910 3380 CCIV.
969 3331 1492 3382 cucurbitaeeae.

223 3435 419 3484 Herbac
464 3452 646 3485 annuae
692 3454 739 3484 v.
779 3434 1150 3501 szffrute'cosae,
1198 3436 1350 3484 rarius
1381 3432 1619 3497 smlz'ces,
1669 3429 1909 3480 radicibus

91 3506 279 3556 fibrosis
333 3516 413 3555 aut
465 3523 608 3573 saepe
663 3507 920 3556 tuberosiS.
1017 3509 1192 3556 Caules
1247 3504 1544 3554 teretiusculi
1588 3521 1633 3552 v.
1683 3503 1908 3568 angulati,
