2147 3756
1051 108 1168 157 630

205 279 466 327 imbricata.
513 280 733 327 Stamina
763 294 900 325 unum
932 293 977 324 v.
1006 278 1229 340 quinque,
1263 274 1441 339 calycis
1466 273 1567 321 basi
1591 272 1781 333 adnata,
1813 273 2015 339 plerum-

206 366 294 416 que
333 352 539 408 unicum,
588 351 737 397 rarius
777 348 867 395 duo
906 365 947 395 v.
984 349 1072 393 tria
1111 347 1308 404 fertilia,
1356 346 1535 409 reliqua
1567 345 1778 393 abortiva
1815 362 1856 393 v.
1890 345 2021 393 rudi-

203 422 455 478 mentaria,
489 421 655 484 petalis
687 421 867 466 alterna
897 427 977 465 aut
1009 418 1247 480 opposita,
1280 417 1438 463 fertile
1469 417 1654 464 unicum
1686 416 1844 480 petalo
1876 417 2016 467 unico

204 493 476 554 saepissime
508 492 614 538 hinc
648 491 866 551 contigue
899 488 1146 535 alternum.
1221 489 1538 535 Filanzentztm
1571 492 1803 544 erectum,
1835 485 2017 534 demum

205 578 517 619 excrescens,
573 562 708 623 apice
752 561 796 605 in
845 559 1169 605 connectivum
1219 574 1451 615 crassum,
1507 557 1820 619 cordiforme,
1875 573 2018 620 saepe

202 635 385 681 vertice
419 632 695 679 cucullatum
730 638 777 676 et
808 629 1095 692 marginibus
1134 629 1397 674 introllexis
1435 637 1542 674 ante
1582 628 1811 674 anthesim
1850 627 2018 692 stylum

203 704 517 766 amplectens,
553 700 806 746 dilatatum.
880 701 1109 746 Anthcra
1141 700 1367 754 inti-orsa,
1399 698 1696 755 bilocularis,
1739 699 1905 744 loculis
1937 714 2019 761 ap-

203 775 392 838 positis,
440 774 484 818 in
524 771 757 822 alabastro
799 770 1103 826 bilocellatis,
1151 770 1420 817 connectivi
1466 769 1752 830 marginibus
1797 770 2016 832 utrinque

203 843 607 907 longitudinaliter
638 841 842 899 adflatis,
888 841 988 905 plus
1022 842 1169 887 minus
1201 841 1450 903 sejunctis,
1500 839 1905 901 longitudinaliter
1936 837 2020 885 de-

204 913 509 962 hiscentibus.
610 914 810 959 Germen
861 913 1136 975 plerumque
1189 912 1407 968 liberum,
1470 912 1663 967 sessile,
1726 909 2018 957 triloculare.

206 986 477 1034 Gemmulae
509 992 620 1030 tunc
649 984 694 1029 in
729 983 896 1030 loculis
929 984 1193 1043 solitariae,
1233 983 1448 1045 geminae
1480 998 1522 1028 v.
1556 981 1808 1044 plurimae,
1848 980 2021 1043 angulo

207 1056 406 1104 centrali
444 1070 591 1118 prope
631 1055 778 1109 basim
815 1070 857 1102 v.
891 1053 1028 1116 juxta
1073 1062 1215 1100 totam
1263 1051 1602 1115 longitudinem
1649 1053 1876 1109 insertae,
1924 1067 2022 1098 am-

201 1127 475 1190 phstropae,
523 1125 783 1189 micropyle
830 1139 1014 1187 supera.
1104 1124 1356 1170 Rarissime
1400 1140 1601 1185 germen
1647 1123 1869 1178 inferum,
1916 1123 2020 1168 uni-

202 1198 440 1254 loculare,
497 1197 739 1259 gemmulis
786 1194 988 1252 duabus,
1044 1209 1069 1241 e
1115 1194 1214 1241 basi
1262 1194 1460 1249 erectis,
1514 1194 1769 1256 anatropis.
1818 1192 2023 1255 ‘Stylus

202 1268 486 1325 terminalis,
520 1267 741 1331 simplex,
777 1266 1099 1328 subtrigonus,
1139 1268 1317 1328 stigma
1350 1264 1827 1327 capitato-trigonum
1858 1280 1902 1310 v.
1937 1261 2021 1310 ob-

201 1340 353 1387 solete
385 1338 623 1385 trilobum.
685 1339 891 1385 Fructus
921 1336 1201 1399 capsulariS,
1236 1337 1483 1383 coriaceus
1513 1352 1558 1382 v.
1591 1335 1821 1397 lignosus,
1857 1342 2022 1380 ovato*

204 1413 445 1473 trigonus,
491 1409 800 1465 trilocularis,
842 1406 1095 1454 loculicide
1127 1407 1358 1463 trivalvis,
1397 1406 1544 1453 valvis
1576 1403 1731 1452 medio
1764 1405 2021 1468 semiferis,

202 1482 354 1528 rarius
386 1480 627 1544 epicarpio
665 1479 881 1526 valvatim
923 1477 1180 1526 secedente
1219 1476 1450 1541 septicide
1491 1475 1761 1535 dehiscenS,
1809 1476 2025 1522 columna

204 1552 402 1599 centrali
443 1552 671 1614 triquetra
711 1559 791 1597 aut
835 1549 1164 1606 teretiuscula,
1212 1557 1290 1595 aut
1336 1548 1522 1611 saepius
1568 1546 1866 1606 abbreviata,
1914 1545 2023 1596 sub-

202 1623 352 1680 nulla,
392 1623 629 1668 rarissime
660 1621 840 1667 fructus
872 1621 1071 1677 inferus,
1111 1619 1436 1676 indehiseens,
1484 1618 1810 1674 unilocularis,
1858 1633 2023 1663 mono-

204 1709 436 1757 spermus,
485 1693 662 1756 calycis
708 1692 892 1738 laciniis
940 1691 1353 1751 excrescentibus,
1407 1689 1712 1736 aleformibus
1757 1696 2020 1751 superatus.

204 1767 400 1812 Semina
432 1765 477 1810 in
511 1764 676 1810 loculis
709 1763 943 1819 solitaria,
992 1762 1099 1808 bina
1132 1779 1173 1809 v.
1206 1763 1362 1824 plura,
1411 1761 1655 1824 columnae
1689 1759 1912 1806 centralis
1950 1759 2022 1805 fa-

204 1835 364 1883 ciebus
394 1852 438 1882 v.
472 1835 592 1880 imae
626 1834 725 1880 basi
764 1834 966 1891 inserta,
1015 1832 1376 1889 adscendentia,
1424 1829 1936 1894 depresso-bracteam
1975 1845 2019 1879 v.

204 1922 499 1970 compressa,
562 1905 789 1951 rliombea
843 1913 923 1951 aut
976 1903 1202 1966 oblonga,
1266 1904 1360 1950 hilo
1412 1902 1635 1960 ventrali,
1695 1902 2020 1965 integumento

203 1978 483 2034 chartaceo,
532 1974 824 2032 duriusculo,
871 1983 972 2021 toto
1013 1975 1187 2022 ambitu
1227 1975 1270 2020 in
1299 1975 1594 2036 marginem,
1641 1989 1687 2020 v.
1731 1987 1934 2035 superne
1973 1971 2020 2017 in

201 2048 345 2105 alam,
397 2048 583 2110 saepius
624 2047 810 2110 oblique
852 2055 1110 2092 truncatam
1151 2062 1381 2108 expansa,
1428 2047 1475 2090 in
1508 2044 1662 2090 fructu
1694 2041 2020 2089 indehiscente

202 2134 362 2166 semen
400 2119 610 2174 unicum‘,
660 2133 685 2163 e
723 2117 826 2163 basi
860 2126 1092 2173 erectum,
1142 2115 1474 2179 cylindricum,
1521 2115 1844 2176 integumento
1877 2128 2020 2158 mem-

201 2189 465 2246 branaceo,
513 2187 714 2234 solubili.
788 2187 998 2248 Embryo
1038 2186 1436 2244 exalbuminosus,
1483 2185 1529 2230 in
1570 2183 1823 2247 generibus
1856 2198 2023 2245 capsus

200 2260 378 2307 laribus
417 2260 748 2321 homotropuS,
799 2258 1166 2319 cotyledom'bus
1202 2257 1405 2320 magnis,
1454 2255 1693 2312 foliaceiS,
1743 2262 2024 2315 corrugatu-

202 2331 486 2387 convolutis,
533 2331 759 2377 radicula
795 2328 950 2385 brevi,
1000 2344 1192 2392 supera,
1239 2329 1286 2374 in
1324 2329 1480 2374 fructu
1519 2341 1848 2388 monospermo
1882 2322 2018 2371 inde-

201 2402 415 2449 hiscente
457 2401 782 2462 orthotropus,
830 2397 1141 2462 cylindricus,
1189 2398 1556 2462 cotyledonibus
1602 2394 2017 2461 semicylindricis,

201 2474 370 2531 rectis,
402 2473 626 2520 radicula
659 2471 962 2528 brevissima,
997 2471 1166 2517 infera.
1378 2487 1385 2489 *

968 2589 1251 2625 GENERA.

312 2660 436 2696 6067.
470 2658 721 2695 Callisthene
739 2655 871 2694 Μηνί.
890 2662 927 2694 et
947 2655 1073 2697 Zucc.
1461 2646 1683 2682 Cucullaria
1702 2644 1859 2681 Schreb.

525 2707 781 2742 Callistlienia
801 2706 967 2752 Spreng.
1459 2698 1689 2748 Sti-uckeria
1705 2695 1765 2730 FI.
1784 2695 1844 2730 Fe.

311 2761 437 2796 6068.
467 2759 759 2802 Amphilochia
776 2757 910 2795 Mare.
1201 2762 1203 2764 ·
1246 2751 1369 2787 6072.
1401 2750 1608 2786 salvet-tia
1626 2747 1687 2783 st.
1705 2744 1796 2784 Hz‘l.

524 2806 716 2849 Agardhia
735 2805 902 2851 Spreng.
1269 2823 1279 2829 ι
1564 2814 1587 2838 >k
1608 2815 1612 2819 «

317 2860 439 2928 6099'
471 2854 771 2921 Qua.lea.A²⁴bl'*
1245 2878 1369 2914 6073.
1400 2875 1562 2912 Erisma
1581 2870 1715 2918 chdg.

311 2916 435 2950 6010.
466 2917 669 2949 Schuchia
687 2911 810 2949 Emil.
1457 2924 1631 2957 Delu-aea
1647 2922 1759 2956 [ἰὴ-,η-
1779 2925 1819 2954 et
1837 2918 1988 2957 schum

313 2973 437 3009 6071·
468 2971 677 3013 Vochysia
691 2969 811 3008 JHSS·
1454 2972 1662 3008 Dittmaria
1681 2970 1849 3016 Spreng.

520 3018 655 3060 Vocby
673 3019 787 3052 Aubl.
931 3052 944 3060 =
1562 3031 1586 3056 >k

521 3061 680 3103 Vochya
701 3060 877 3098 Vtcndell.
1541 3094 1548 3101 ,

525 3103 719 3139 Salmonia
733 3103 850 3138 Neclc.
1239 3095 1364 3132 6074.
1393 3095 1580 3131 Lozama
1598 3090 1687 3130 Seb.
1709 3090 1817 3128 Mat.

339 3190 660 3237 Affinitas.
692 3198 751 3233 De
767 3196 1161 3243 Vochysiacearum,
1179 3193 1284 3230 nulli
1302 3196 1531 3237 plantarum
1548 3192 1680 3228 ordini
1696 3196 1805 3229 arcte
1821 3190 2016 3239 affinium,

200 3256 242 3292 in
264 3259 486 3298 systemate
509 3257 597 3290 loeo
623 3254 802 3290 difficilis
826 3254 1012 3297 quaestio
1037 3256 1110 3290 est.
1168 3252 1322 3287 Habitu
1346 3251 1600 3293 aliquomodo
1624 3250 1677 3284 ad
1701 3249 1923 3285 Guttiferas
1948 3257 2019 3284 ae-

201 3313 343 3347 cellere
364 3312 406 3346 in
429 3311 564 3354 ap1·ico
590 3316 669 3360 est,
701 3312 773 3348 sed
797 3315 847 3348 ab
872 3312 967 3347 istis
988 3310 1162 3347 stamine
1186 3308 1320 3350 catyci
1347 3308 1499 3343 inserto
1515 3311 1552 3343 et
1569 3306 1663 3342 flore
1680 3305 1859 3349 regulari
1876 3304 2020 3341 distin·
2061 3348 2065 3354 ι

197 3368 426 3403 ctissimum
456 3372 645 3414 apparet,
677 3379 702 3404 a
726 3368 963 3411 Polygaleis
992 3370 1126 3403 autem
1157 3369 1195 3400 et
1216 3365 1456 3411 Violarieis,
1490 3372 1657 3408 quarum
1681 3361 2021 3406 irregularitatem

196 3423 453 3466 aliquomodo
486 3427 729 3470 aemulatur,
762 3427 986 3468 petalorum
1013 3431 1196 3468 numero,
1230 3422 1417 3458 staminis
1450 3421 1553 3468 situ,
1585 3419 1741 3455 fructus
1772 3417 2020 3460 seminisque

198 3480 357 3517 fabrica
379 3484 417 3516 et
441 3480 549 3517 facie
569 3481 808 3525 longissime
830 3481 992 3518 recedit.
1052 3478 1350 3517 Combretaceis
1372 3479 1526 3516 corolla
1551 3480 1590 3514 et
1613 3475 1859 3515 staminibus
1883 3472 2017 3519 calyci
