2147 3756
1032 101 1150 151 424

329 270 367 308 U
370 271 517 308 variae
536 271 765 319 tripetalae
779 274 892 310 Lam.
910 271 1132 317 (cananga
1149 271 1302 317 oetan]
1319 273 1477 311 semina
1494 273 1718 312 aromatica
1733 278 1841 313 sunt.
1885 277 1997 314 Haec
2038 281 2048 284 ⁷

183 339 207 365 a
230 330 469 366 mulieribus
493 331 822 367 amboinensibus
846 330 1018 365 contrita
1044 332 1245 373 unguento
1268 331 1506 367 medicando
1524 332 1769 380 inserviunt,
1801 343 1877 376 quo
1894 333 1992 370 inter

178 388 397 422 lavandum
427 396 573 430 corpus
604 386 831 429 perficiant,
865 388 907 420 ut
928 388 1076 420 bonum
1101 385 1181 421 sibi
1206 386 1423 422 concilient
1446 388 1615 424 odorem.
1668 389 1817 424 'l‘runci
1841 394 1986 432 cortex,

182 443 250 478 ubi
275 443 487 490 inciditur,
520 444 727 479 viscosum
751 441 931 478 destillat
954 438 1141 489 succum,
1175 442 1243 485 qui
1266 442 1308 478 in
1325 444 1475 488 gummi
1491 446 1628 480 album
1645 448 1681 480 et
1700 446 1906 482 odoratum
1924 453 1991 482 ex·

179 499 372 535 siccatur.

319 566 593 615 Polyahlu‘ae
623 563 940 614 macrophyllae
969 569 1099 605 Blum.
1134 565 1410 614 (Kitjantung
1438 579 1471 606 s.
1495 570 1713 615 Kikapas)
1744 571 1902 608 radices
1926 569 1992 606 in-

176 625 349 671 signiter
377 626 633 662 aromaticae.
693 625 903 660 Monticoli
926 627 1056 660 Javae
1084 625 1246 661 incolae
1269 625 1475 662 infusione
1500 627 1671 663 istarum
1696 632 1835 663 contra
1859 628 1991 663 febres

177 685 372 725 typhosas
396 686 433 717 et
456 681 638 717 variolas
663 681 868 725 malignas
895 685 1074 717 utuntur.
1133 679 1404 727 Polyalmiae
1420 682 1701 718 subeor-datae
1723 685 1855 721 Blum.
1879 684 1990 728 [Kit-

169 740 347 782 jantung
375 748 408 773 s.
434 737 772 781 Balun-Anjuk)
796 737 952 774 fructus
976 743 1115 774 contra
1137 738 1291 774 colicas
1315 740 1521 781 spasticas
1544 740 1747 776 adhibent.
1806 737 1990 774 Anabo-

178 798 296 840 ¹²Z²l0⁸
311 791 594 829 suaveolentis
610 795 741 829 Blum.
758 792 908 837 (Durie
925 796 1085 830 Carban
1102 795 1127 831 i.
1145 805 1179 830 e.
1198 795 1318 838 spina
1334 795 1618 842 Bubalorum),
1644 796 1686 831 in
1703 797 1886 833 omnibus
1904 796 1988 833 fere

177 850 428 894 archipelagi
453 849 666 893 Malayani
696 850 845 886 insulis
869 852 1110 896 crescentis,
1143 851 1244 887 folia
1266 851 1407 887 inl³usa
1431 856 1566 894 potum
1590 853 1853 889 aromaticum
1870 861 1990 896 prae-

172 909 286 954 bent,
319 907 385 950 qui
404 906 602 950 imprimis
618 906 663 942 in
679 909 859 953 cholera,
893 908 1024 951 tepide
1047 908 1293 951 largiterque
1315 911 1508 955 haustus,
1540 911 1707 944 Blumeo
1729 919 1872 955 magno
1896 908 1991 945 usui

175 963 265 999 fuit.
324 965 490 998 Incolae
513 963 676 998 insulae
693 964 787 999 Bali
807 967 928 999 hocce
945 963 1107 1011 frutice,
1138 964 1272 1008 ipsius
1289 973 1422 1002 ramos
1439 969 1710 1003 sarmentosos
1728 966 1989 1011 contexendo,

170 1029 243 1063 pro
260 1019 426 1062 sepibus
445 1020 495 1055 ad
513 1021 684 1055 bubalos
703 1023 920 1063 taurosque
941 1022 1138 1056 arcendos
1154 1024 1333 1057 utuntur.

312 1087 596 1135 Xylopiarum
627 1090 949 1126 americanarum
986 1093 1126 1126 cortex
1156 1094 1195 1126 et
1229 1092 1416 1135 carpidia
1445 1102 1590 1136 sapore
1626 1090 1986 1139 aromatico-acri,

170 1146 256 1183 fere
278 1146 449 1190 piperito
473 1149 700 1193 excellunt3
730 1147 886 1191 lignum
910 1147 1092 1183 amarum
1115 1150 1187 1182 est.
1245 1149 1311 1183 Ex
1332 1149 1397 1184 his
1425 1146 1613 1194 Xyslopia
1636 1148 1801 1184 sericea
1824 1151 1879 1184 St.
1905 1148 1989 1186 Hil.

170 1201 379 1248 [Embira,
398 1203 624 1246 Pindaiba]
650 1203 896 1240 nominanda
912 1208 994 1251 est,
1026 1203 1190 1246 plurimi
1207 1206 1255 1239 ob
1274 1204 1434 1240 corticis
1452 1206 1708 1241 tenacitatem
1725 1205 1768 1241 in
1785 1204 1990 1241 fabrican-

170 1260 234 1295 dis
261 1260 427 1295 funibus
444 1261 551 1302 apud
568 1260 842 1296 Brasilienses
861 1270 980 1307 usus,
1013 1260 1135 1295 etiam
1152 1263 1198 1296 ob
1217 1262 1409 1297 aromatis
1426 1262 1535 1297 acris
1551 1262 1847 1305 praestantiam
1864 1269 1990 1304 quae-

170 1317 265 1352 sita.
315 1313 525 1362 Xylopiae
538 1312 833 1362 grandtflorae
850 1318 906 1353 St.
918 1317 997 1353 ΗΠ.
1016 1316 1214 1353 fructibus
1233 1316 1444 1362 (Pacova]
1462 1318 1566 1354 inter
1581 1319 1805 1354 medicinas
1823 1321 1861 1353 et
1877 1317 1990 1353 cibo-

166 1382 256 1409 rum
282 1373 538 1409 condimenta
560 1376 738 1408 utuntur.
801 1370 1348 1420 Xylope'amfrulescentem
1365 1375 1417 1410 A.
1435 1374 1539 1420 DC.‚
1571 1377 1654 1410 late
1672 1384 1740 1417 per
1756 1374 1989 1410 Americam

169 1429 364 1471 tropicam
388 1430 596 1476 diffusam,
628 1429 786 1471 Piperis
811 1432 899 1464 loco
915 1429 1101 1473 Nigritae
1124 1432 1285 1466 habent.
1348 1428 1560 1476 Xylopiae
1577 1429 1824 1479 (angisole'ae
1840 1431 1890 1466 A.
1906 1430 1990 1466 DC.

168 1484 362 1529 [Unonae
377 1485 627 1528 xylopioidis
643 1484 792 1532 Dum),
818 1487 870 1521 ad
886 1486 1101 1521 Orinocum
1118 1485 1355 1534 crescentis,
1380 1487 1535 1523 fructus
1557 1483 1738 1530 (Frutta
1758 1484 1805 1520 dc
1824 1485 1986 1530 Burro)

166 1542 334 1577 remedii
373 1541 565 1586 febrifugi
594 1543 718 1578 laude
746 1543 936 1586 gaudent.
993 1541 1130 1578 Etiam
1156 1542 1340 1578 fruticem
1371 1543 1640 1587 peruvianum
1677 1540 1803 1577 Ument
1832 1552 1989 1588 nicena,

165 1600 282 1641 cujus
305 1599 424 1634 radix
447 1596 675 1643 (Chininga
697 1608 731 1635 s.
755 1598 1026 1643 Chininlnga]
1053 1599 1158 1634 inter
1172 1600 1527 1642 praestantissima
1544 1600 1774 1636 Cinchonae
1789 1601 1988 1637 succeda-

165 1664 242 1691 nea
259 1658 512 1701 numeratur,
544 1656 595 1691 ad
612 1656 928 1692 Anonacearum
946 1655 1146 1691 familiam
1162 1659 1347 1699 spectare
1364 1657 1587 1700 perhibent.

306 1709 542 1746 Habzeliae
572 1709 838 1757 aethiopicae
867 1714 918 1749 A.
943 1712 1025 1749 DC.
1058 1710 1250 1754 [Unonae
1281 1713 1535 1756 aethiopicae
1565 1712 1716 1759 Dum),
1749 1712 1910 1749 fruticis
1941 1712 1986 1751 in

162 1766 308 1804 Africa
333 1768 488 1812 tropica
511 1768 641 1816 obvii,
674 1768 851 1816 fructus,
882 1766 1052 1814 Piperz‘s
1077 1766 1308 1814 aethiopica·
1328 1769 1490 1813 [Grana
1506 1770 1660 1816 ZeHm,
1693 1769 1890 1813 Habzeli]
1915 1779 1989 1805 no-

160 1824 269 1860 mine
298 1825 394 1861 olim
423 1825 467 1861 in
498 1827 704 1869 Europam
736 1827 945 1872 advectos,
974 1825 1192 1862 Veteribus
1222 1826 1292 1862 diu
1324 1829 1418 1862 ante
1449 1827 1631 1862 adlatum
1653 1829 1704 1863 ab
1727 1826 1841 1862 Indis
1865 1826 1988 1870 Piper

160 1881 322 1925 nigrum
348 1885 385 1917 et
408 1885 591 1929 longum,
624 1882 818 1917 aromatis
836 1879 1036 1931 (πέπερι)
1054 1884 1142 1917 loco
1161 1881 1290 1918 fuisse
1307 1886 1478 1920 constat.
1536 1880 1791 1917 Habzelz'am
1809 1892 1986 1916 aroma·

163 1936 291 1972 ticam
308 1939 358 1974 A.
376 1938 458 1974 Dc.
483 1936 784 1982 (Maniguette)
797 1965 806 1981 ,
831 1939 874 1974 in
891 1931 1077 1975 Guianae
1092 1938 1227 1982 sylvis
1243 1942 1514 1989 crescentem,
1546 1947 1572 1975 a
1586 1939 1757 1983 Nigritis
1772 1939 1815 1975 in
1829 1942 1984 1976 Novum

162 1997 298 2031 orbem
317 1999 593 2031 transvectam
611 1995 862 2031 crediderim.
2023 2037 2027 2040 ,

308 2048 498 2085 &variae
515 2049 778 2095 (Asinlinae)
805 2051 990 2088 boreali-
1001 2051 1259 2089 americanae
1275 2054 1322 2089 ob
1340 2053 1499 2089 odorem
1515 2061 1764 2088 nauseosum
1781 2054 1985 2089 notantur.

165 2103 207 2141 U
209 2106 356 2142 variae
375 2106 554 2142 trilobae
576 2109 687 2144 Torr.
707 2112 745 2143 et
760 2108 813 2144 A.
832 2110 898 2144 Gr.
923 2108 1120 2152 [Anonae
1141 2109 1311 2145 trilobae
1332 2108 1472 2155 Linn.,
1504 2111 1626 2153 vulgo
1644 2111 1826 2156 PapaW,
1857 2108 1983 2144 Assi-

160 2163 329 2208 minier]
349 2164 449 2200 folia
465 2165 517 2200 ad
532 2165 794 2200 maturandos
810 2167 1032 2201 abscessus
1048 2165 1267 2209 languidos
1284 2165 1537 2202 adhibentur.
1595 2167 1757 2201 Baccae
1772 2165 1878 2200 inter
1893 2167 1983 2210 syl-

117 2253 120 2256 ,
158 2223 316 2258 vestres
334 2220 491 2257 fructus
510 2222 790 2267 comeduntur3
821 2221 979 2257 semina
996 2221 1168 2258 emetica
1183 2222 1407 2264 perhibent.

299 2278 391 2313 Jam
415 2278 468 2313 ad
482 2278 653 2314 Anonas
675 2277 792 2320 ipsas
816 2278 1070 2324 accedimus,
1101 2280 1149 2314 ob
1175 2278 1330 2315 fructus
1348 2277 1634 2321 sapidissimos
1650 2277 1757 2314 inter
1773 2277 1883 2314 orbis
1900 2280 1983 2314 tro-

155 2332 239 2377 pici
261 2334 433 2370 delicias
455 2334 646 2370 maximis
673 2336 900 2370 celebratas
916 2334 1121 2370 laudibus.
1179 2337 1282 2381 Nos,
1316 2334 1384 2378 qui
1402 2335 1515 2378 pyris
1533 2334 1743 2378 pomisque
1759 2334 1978 2383 vescimur,

155 2392 303 2426 breves
335 2391 383 2426 de
411 2390 478 2426 his
501 2390 672 2436 erimus,
705 2391 1152 2433 praestantissimarum
1174 2393 1407 2434 plantarum
1430 2391 1644 2427 historiam
1668 2391 1798 2428 amico
1823 2391 1983 2427 charis-

156 2447 282 2494 simo,
320 2447 388 2490 qui
417 2449 492 2483 sub
524 2448 681 2483 Palmis
711 2447 959 2496 ambulavit,
998 2449 1279 2491 exponendam
1309 2448 1596 2491 relinquentes.
1655 2450 1763 2492 Ergo
1793 2448 1980 2494 Anonae‚

156 2511 261 2546 quae
283 2513 354 2546 per
367 2503 600 2539 Americam
621 2503 815 2547 tropicam
840 2503 1052 2547 dispersae
1076 2506 1302 2547 sylvestres
1326 2508 1571 2550 nascuntur,
1603 2507 1651 2540 ob
1676 2504 1780 2549 ligni
1804 2503 1981 2546 qualita-

156 2565 237 2606 tes,
268 2561 319 2596 ad
344 2560 508 2596 diversa
529 2569 651 2603 opera
674 2563 951 2609 praestantes,
982 2560 1185 2604 indigenis
1210 2562 1552 2596 commendantur.
1609 2562 1785 2596 Fructus
1802 2560 1981 2596 ferarum

156 2626 247 2651 cum
277 2617 417 2659 aliqua
446 2616 710 2662 adstrictione
739 2626 951 2661 mucosus,
984 2617 1124 2661 exigui
1153 2617 1195 2652 in
1227 2628 1270 2653 re
1293 2617 1515 2653 domestica
1538 2620 1577 2652 et
1597 2617 1757 2652 medica
1779 2626 1882 2653 usus
1904 2620 1980 2663 est.

155 2669 330 2706 Anonae
351 2671 610 2707 reticulatae
631 2673 773 2720 Linn.,
805 2673 848 2708 in
872 2673 1043 2709 Antillis
1066 2673 1307 2722 indigenae,
1338 2673 1495 2717 passim
1519 2683 1627 2709 nunc
1652 2683 1724 2716 per
1748 2660 2002 2709 Americam·

154 2729 350 2772 tropicam
374 2730 604 2776 dispersae,
639 2729 795 2765 fructus
818 2729 979 2765 vilioris
1004 2732 1124 2766 notae
1147 2734 1265 2778 sunt,
1298 2734 1392 2765 ante
1414 2730 1687 2766 maturitatem
1710 2729 1856 2765 siccati
1872 2728 1979 2764 inter

154 2786 331 2821 remedia
353 2787 397 2822 in
415 2785 639 2822 diarrhoeis
657 2789 696 2821 et
712 2786 957 2829 dysenteriis
972 2786 1148 2829 proficua
1164 2790 1440 2822 numerantur.
1497 2785 1614 2822 Folia
1630 2785 1908 2828 graveolentia
1925 2784 1978 2820 ad

152 2843 418 2878 maturandos
442 2845 662 2879 abscessus
679 2841 921 2879 adhibentur
944 2846 983 2878 et
999 2843 1188 2878 remediis
1205 2842 1447 2886 vermifugis
1463 2845 1744 2879 accensentur.
1801 2843 1836 2877 Ε
1853 2840 1980 2878 semi-

153 2899 276 2935 nibus
294 2902 519 2935 extractum
533 2897 814 2935 vehementius
831 2898 1093 2943 adstringens
1111 2907 1255 2942 parare
1273 2901 1417 2935 solent.

296 2951 469 2989 Anonae
491 2952 770 2989 Claerz'molz'ae
798 2955 927 3001 Mill.,
959 2956 1068 2997 apud
1091 2956 1301 2990 Peruanos
1326 2953 1569 3001 crescentis,
1601 2956 1649 2991 ob
1676 2953 1832 2991 fructus
1857 2953 1974 2998 sapi-

155 3010 346 3048 ‹lissimos
377 3012 507 3054 major
535 3010 646 3049 fama
667 3014 742 3048 est.
800 3011 935 3054 Hujus
957 3013 1159 3048 culturam
1181 3010 1305 3047 etiam
1326 3010 1371 3048 in
1393 3010 1596 3055 Hispania
1620 3014 1815 3049 tentatam
1840 3011 1975 3048 fuisse

158 3070 332 3104 constat.
1347 3111 1353 3116 ,

294 3119 454 3159 Anona
482 3131 712 3170 squamosa
740 3121 859 3160 Linn.
894 3125 934 3159 et
965 3118 1116 3158 Anona
1139 3121 1356 3158 maricam
1383 3124 1525 3172 Linn.,
1556 3123 1725 3160 incertis
1748 3123 1974 3172 natalibus,

156 3180 262 3216 inter
291 3181 466 3226 tropicos
496 3181 621 3217 totius
644 3180 753 3217 orbis
777 3182 977 3216 coluntur.
1034 3182 1210 3216 Istarum
1234 3180 1390 3216 fructus
1414 3180 1688 3224 (syncarpia)
1713 3185 1794 3216 tam
1822 3180 1975 3217 formae

155 3238 382 3286 elegantia,
409 3246 529 3280 quam
547 3246 690 3280 sapore
701 3237 881 3280 jucundo
899 3241 936 3272 et
953 3237 1070 3272 odore
1087 3237 1208 3273 suavi
1225 3240 1451 3286 excellunt,
1477 3239 1584 3274 unde
1598 3238 1798 3281 imprimis
1818 3237 1975 3273 colonis

152 3293 379 3337 Europaeis
399 3294 443 3331 in
467 3293 629 3330 deliciis
650 3296 868 3341 habentur,
900 3293 1047 3337 quippe
1074 3293 1142 3336 qui
1165 3295 1233 3329 vel
1257 3294 1416 3338 largius
1433 3295 1558 3332 sumti
1573 3294 1742 3331 sanitati
1759 3294 1866 3330 haud
1884 3292 1975 3329 offi-

154 3348 285 3398 ciunt,
315 3353 360 3393 ut
390 3350 463 3387 alii
495 3349 652 3387 fructus
687 3349 849 3397 tropici,
881 3349 960 3386 imo
990 3350 1032 3386 in
1062 3351 1211 3387 morbis
1244 3351 1506 3398 digestionis,
1538 3350 1598 3387 uti
1620 3349 1664 3386 in
1687 3349 1911 3387 diarrlioeis
1934 3353 1974 3385 et

155 3406 420 3455 dysenteriis,
452 3416 553 3450 (litas
584 3409 701 3444 nulla
728 3406 1059 3444 inflammationis
1091 3410 1361 3450 symptomata
1385 3407 1651 3454 comitantur,
1683 3407 1821 3450 potius
1844 3405 1971 3442 saluti

155 3465 262 3497 sunt.
320 3465 426 3499 Istas
443 3463 482 3500 in
502 3465 691 3501 Anien-ica
709 3463 942 3513 indigenas,
975 3473 1045 3510 per
1062 3464 1258 3508 reliquam
1275 3464 1382 3502 orbis
1400 3468 1594 3502 terrarum
1611 3465 1775 3508 plagam
1796 3462 1971 3499 calidam
