2147 3756
106 327 268 364 urente’s
285 329 330 364 L.
365 325 554 370 (Ui-ticae
578 325 746 363 mtnoris
763 326 899 372 effic.)
925 330 961 363 et
995 323 1173 362 Urtieae
1190 324 1442 372 pilzcle‘ferae
1457 328 1502 363 L.
1528 325 1715 370 (Usticae
1741 337 1931 366 romanae

106 384 241 427 Ostia]
267 384 415 420 similis
440 385 483 420 in
506 384 681 420 aliarum
699 384 907 429 regionum
924 385 1267 428 pharmacopoliis
1288 394 1401 420 usus.
1466 382 1646 418 vrticae
1662 385 1931 420 membrana-

106 450 205 476 ceae
221 441 327 476 Poir.
353 441 395 476 in
418 441 605 485 Aegypto
629 442 853 477 crescentis
878 443 1003 477 herba
1027 444 1065 476 et.
1087 441 1248 477 semina
1271 449 1560 486 emmenagoga
1583 444 1621 476 et
1644 442 1933 483 aphrodisiaca

106 498 338 533 creduntur.
372 494 646 531 panetariae
663 498 822 540 species
840 498 1027 533 diversae
1043 498 1085 533 in
1100 500 1289 541 Europae
1304 498 1462 534 mediae
1482 497 1682 533 ruderatis
1701 502 1931 535 crescentes

105 551 176 597 [P.
202 557 338 589 erecta
354 557 470 589 Mert.
496 558 533 589 et
556 555 682 590 Koch.
709 558 743 589 et
764 556 807 590 P.
826 555 975 590 diss'usa
991 557 1107 590 Mert.
1126 558 1163 590 et
1182 555 1328 602 Koch„
1351 557 1475 598 vulgo
1493 556 1776 600 Peterskraut,
1809 556 1931 589 Glas-

104 609 250 653 kraut)
269 612 508 656 subsalsae,
540 613 586 646 ob
605 612 714 647 vires
732 611 1041 657 refrigerantes,
1068 613 1274 647 solventes
1292 616 1330 647 et.
1347 611 1568 647 diureticas
1585 611 1680 647 olim
1696 611 1741 647 in
1755 609 1932 648 officinis

104 670 309 703 servatae.
367 667 496 702 Foliis
513 667 699 703 siccitate
718 668 874 710 asperis
891 668 1045 702 vitreae
1063 671 1228 703 tabulae
1246 668 1408 713 egregie
1423 671 1664 713 purgantur.

246 723 502 759 Urticearuni
515 724 639 760 fibrae
656 728 842 772 tenaces,
875 724 1143 766 complurium
1161 725 1340 762 textiles.

246 830 266 851 *l
286 829 811 885 cynoerambeae.
899 829 1165 885 Thelygoni
1196 845 1343 886 genus
1376 831 1433 873 ad
1461 833 1808 874 Urticacearum
1842 831 1931 871 cal-

52 902 62 912 *
106 900 205 929 cem
225 888 528 938 collocamus,
561 890 769 942 pluribus
788 888 908 928 notis
928 888 1167 928 Oleraceis
1192 890 1438 929 accedens.
1472 890 1543 929 sui
1563 890 1704 943 juris,
1737 893 1788 929 et:
1808 890 1933 928 inter

106 958 286 994 omneS,
319 945 488 999 quibus
507 946 838 995 subscribitur,
864 944 1051 985 ordines
1070 946 1353 986 anomalum.
1395 946 1553 986 llerba
1571 945 1934 987 subsucculenta

108 1010 153 1043 et
184 1002 290 1055 glai
298 1015 349 1042 1a
375 1002 423 1041 in
454 1004 650 1056 regione
680 1002 1029 1042 mediterranea
1059 1003 1281 1053 nascitur,
1327 1002 1482 1043 radice
1513 1015 1686 1052 annua,
1736 1001 1853 1042 folia
1889 1005 1931 1042 in

103 1059 329 1099 inferiore
371 1033 537 1099 caulise>
556 1065 690 1113 parte
733 1059 973 1112 opposita,
1018 1059 1207 1111 stipulis
1248 1059 1407 1099 incisis
1439 1060 1484 1099 in
1520 1060 1802 1112 petiolorum
1832 1051 1931 1099 basi

105 1121 380 1164 nectuntur,
417 1117 661 1181 superiora
691 1116 875 1156 alterna
900 1120 1031 1165 sunt,
1062 1116 1362 1169 penninervia
1387 1121 1432 1156 et
1454 1116 1775 1169 integerrima.
1839 1116 1934 1154 Flo-

102 1185 171 1211 res
197 1170 381 1225 profert
398 1173 664 1223 monoicos,
694 1176 965 1223 stennimgrerz·
979 1172 1078 1213 bini
1105 1187 1143 1213 v.
1163 1173 1284 1213 terni
1311 1173 1447 1212 simul
1471 1174 1633 1213 sedent:
1659 1173 1929 1223 ebracteati,

104 1229 337 1283 perigenii
357 1227 553 1281 diphylli
574 1228 742 1269 foliola
759 1230 960 1270 anticum
987 1236 1033 1270 et
1055 1229 1285 1283 posticum
1314 1229 1369 1269 ab
1396 1230 1470 1269 axi
1498 1229 1627 1269 floris
1654 1229 1774 1269 latus
1799 1242 1931 1269 occu-

103 1289 283 1340 pantia,
328 1286 634 1326 aestivatione
667 1286 755 1326 sibi
786 1286 987 1326 invicem
1025 1286 1248 1340 applicita
1280 1290 1404 1334 sunt,
1452 1286 1535 1326 sub
1570 1284 1751 1325 anthesi
1783 1286 1934 1326 revol-

102 1349 285 1382 vuntur.
344 1342 550 1383 Stamina
572 1343 752 1383 incerto
777 1355 993 1394 numere,
1026 1356 1052 1382 a
1078 1343 1255 1383 duobus
1281 1342 1337 1382 ad
1365 1342 1549 1393 vicena,
1579 1343 1684 1382 imis
1704 1343 1931 1396 perigenii

103 1398 280 1439 foliolis
298 1398 474 1438 inserta
491 1404 621 1449 sunt,
654 1411 677 1439 e
698 1399 947 1439 filamentis
966 1400 1234 1440 tenuissime
1254 1399 1555 1453 capillaribus
1575 1406 1621 1440 et
1646 1412 1701 1440 ex
1727 1399 1930 1440 antheri<

102 1455 465 1507 bilocularibus‚
514 1456 793 1506 linearibus,
840 1457 1163 1506 versatilibus,
1211 1456 1627 1510 longitudinaliter
1657 1453 1935 1497 dehiscenti-

101 1511 186 1553 bus
215 1513 493 1565 composita.
569 1514 717 1552 Flores
743 1516 996 1564 pistilligerz·
1021 1514 1064 1553 in
1100 1513 1287 1554 diversa
1318 1513 1464 1553 axilla
1493 1521 1769 1564 naseuntur,
1814 1515 1931 1553 terni

102 1583 142 1609 v.
163 1570 344 1622 plures,
374 1570 653 1610 intermedio
671 1572 851 1624 saepius
870 1571 1068 1623 majore,
1098 1570 1372 1611 lateralibus
1391 1572 1669 1624 quandoque
1694 1570 1935 1622 abortivis,

102 1626 309 1675 sessiles,
339 1625 530 1666 bractea
546 1627 751 1681 postica,
781 1627 1129 1681 bracteolisque
1156 1627 1331 1667 duabus
1359 1627 1525 1667 anticis
1551 1627 1837 1681 totidemque
1861 1627 1932 1667 la-

102 1683 327 1723 teralibus
359 1683 537 1735 stipati.
605 1686 827 1735 Pet-igonis
855 1697 956 1724 cum
987 1685 1195 1738 germine
1228 1683 1437 1724 concreti
1470 1684 1635 1724 limbus
1667 1686 1931 1724 excentrice

101 1752 319 1792 superus,
352 1740 574 1780 tubuloso
602 1740 919 1790 subclavatus,
951 1743 1081 1794 apice
1106 1739 1334 1781 foramine
1361 1746 1562 1793 angusto
1583 1753 1666 1793 pro
1686 1742 1811 1794 stylo
1830 1753 1932 1795 per-

102 1798 218 1846 vius,
247 1797 624 1850 grossificatione
641 1797 866 1851 germinis
888 1797 1100 1837 lateralis
1127 1797 1297 1837 evadit.
1360 1796 1564 1837 Germen
1587 1796 1803 1847 inferum,
1833 1798 1933 1838 uni-

100 1853 332 1903 loculare‚
379 1853 658 1906 gemmulam
694 1856 874 1895 unicam
904 1853 1155 1894 basilarem
1185 1853 1407 1904 recludit,
1455 1854 1549 1894 situ
1579 1852 1931 1909 amphitropam,

102 1910 365 1950 directione
400 1911 823 1965 campylotropam,
856 1915 903 1951 et
932 1910 1060 1964 stylo
1093 1911 1301 1962 laterali,
1331 1911 1377 1950 in
1412 1913 1580 1965 stigma
1612 1911 1843 1952 clavatum
1867 1912 1933 1952 in-

101 1967 296 2007 divisum
329 1967 590 2019 desinente,
634 1968 939 2017 instructum,
981 1968 1028 2008 in
1061 1967 1255 2022 drupam
1286 1979 1659 2021 monospermam
1690 1968 1936 2009 adolescit.

102 2024 265 2066 Semen
298 2022 698 2078 hippocrepicum‚
742 2026 1066 2079 integumento
1097 2025 1453 2066 membranaceo
1486 2026 1730 2076 vestitum,
1773 2026 1819 2065 in
1858 2026 1936 2066 axi

102 2080 351 2121 albuminis
377 2083 559 2122 carnosi
583 2083 745 2135 embiy
749 2095 881 2123 onem
906 2082 1039 2122 fovet
1066 2080 1254 2123 homoti
1259 2095 1345 2136 ope
1371 2082 1664 2133 uncinatum,
1697 2095 1720 2123 e
1754 2087 1863 2136 cot)
1852 2081 1928 2123 le

103 2137 298 2178 donibus
334 2137 512 2178 duabus
547 2139 801 2182 linearibus
832 2139 1232 2192 incumbentibus,
1279 2143 1327 2182 et
1356 2151 1381 2182 e
1411 2139 1627 2183 radicula
1658 2139 1935 2195 cylindriea,

100 2193 252 2236 infera
268 2198 585 2250 compositum.

752 2303 967 2338 Genus
1007 2310 1278 2340 υΝῐουΜ.

667 2387 790 2423 1888.
821 2388 952 2431 Thely
954 2397 1105 2432 genum
1122 2384 1249 2425 Lz'me.

198 2509 201 2513 «
246 2481 482 2532 Thelygom
497 2482 806 2531 Cynocrambes
822 2489 853 2522 L
859 2486 942 2522 inn.
962 2481 1082 2532 [Κυν
1087 2479 1283 2536 οκράιιβή
1300 2485 1445 2531 Dion.)
1463 2489 1589 2524 herba
1604 2486 1933 2538 aoridu1a‚cry-=

100 2541 238 2602 stallis
255 2542 644 2588 rhaphidiformibus
660 2546 804 2593 plena,
835 2544 983 2581 leniter
998 2548 1167 2593 puigat,
1198 2545 1305 2581 inter
1317 2535 1470 2582 ‘uiliora
1486 2547 1599 2582 olera
1615 2545 1761 2583 edulis.

553 2706 724 2752 ordo
754 2707 932 2754 XCV.
998 2707 1471 2756 Cannabineae.

243 2809 437 2857 Herbae
470 2826 651 2857 annuae
686 2818 902 2870 erectae,
944 2828 986 2859 v.
1021 2828 1258 2875 perennes
1289 2811 1548 2870 volubiles,
1582 2827 1725 2859 succo
1759 2828 1925 2875 aqueo.

101 2880 243 2926 Folia
283 2881 499 2944 opposita
536 2898 579 2928 v.
621 2880 871 2944 'superiora
913 2883 1121 2940 alterna,
1172 2883 1422 2946 petiolata,
1474 2884 1624 2929 incisa
1663 2900 1708 2931 v.
1752 2883 1925 2941 lebeta,

101 2959 328 3009 serratas
367 2951 614 3015 hispidula.
702 2954 926 3016 Scapulae
971 2955 1283 3018 persistentes
1329 2971 1374 3001 v.
1422 2952 1672 3001 deciduae.
1755 2955 1929 3003 Floras

103 3020 264 3068 dioici.
339 3023 668 3086 Stamz'mgcrz'
699 3025 934 3071 racemosi
975 3042 1015 3072 v.
1057 3025 1329 3089 paniculati.
1403 3027 1717 3088 Penz'gotze'um
1756 3025 1929 3072 herba-

103 3108 261 3149 ceum,
309 3095 683 3158 pentaphyllum,
731 3096 1049 3143 aestivatio'ne
1082 3096 1399 3144 imbricatum.
1476 3097 1698 3144 Stamina
1731 3101 1785 3153 5,
1833 3097 1926 3142 imo

100 3164 352 3226 perigonio
385 3166 564 3220 inserta
595 3174 643 3212 et
673 3164 884 3228 ejusdem
915 3167 1094 3215 foliolis
1128 3168 1368 3231 opposita3
1396 3166 1665 3224 filamente's
1697 3167 1927 3213 fitiformi-

97 3234 213 3290 bus,
255 3233 476 3282 brevibus
509 3252 552 3283 v.
587 3236 896 3295 brevissimis,
938 3240 1157 3286 antleem's
1188 3238 1531 3296 terminalibus,
1570 3237 1926 3296 bilocularibus‚

104 3303 345 3373 oblongis,
393 3305 561 3353 loculis
608 3308 836 3371 oppositis
884 3308 1273 3372 quadrisulcatiS,
1327 3309 1511 3356 mulleis
1557 3324 1600 3355 v.
1643 3310 1925 3356 connectivo

103 3380 387 3423 'excurrente
425 3378 698 3441 apiculatis‚
749 3378 1155 3442 longitudinaliter
1195 3379 1563 3427 dehiscentibus.
1637 3380 1810 3434 Floras
1847 3381 1928 3444 pe·-

101 3447 342 3508 ste'lle‘gcrz'
375 3447 870 3511 spicato-glomerati,
920 3450 1255 3510 unibraeteatl,
1303 3467 1344 3497 v.
1385 3450 1671 3507 amentacei,
1719 3449 1927 3498 bracteis

107 3516 351 3575 foliaceis,
398 3517 686 3581 plurifariam
728 3519 1008 3580 imbricatis,
1053 3522 1256 3579 hilleris,
1304 3520 1474 3584 singuli
1504 3520 1749 3569 bracteola
1783 3522 1929 3585 (peri-
