2147 3756
972 143 1090 192 419

121 335 321 384 sperma.
398 319 568 365 Semen
603 325 839 375 erectum,
886 322 1325 370 nucamentacenm,
1357 311 1493 358 ariilo
1527 326 1759 369 carnoso,
1792 312 1947 359 uiuiti-

120 391 212 438 fide
261 391 446 446 lacero,
495 404 636 451 saepe
683 388 966 445 aromatico,
1013 401 1038 433 e
1070 384 1267 432 funiculi
1314 382 1601 440 brevissimi,
1648 383 1796 429 crassi
1834 399 1945 445 pro-

118 461 392 524 longatione
439 468 569 516 olto,
616 460 876 522 partimque
922 458 1030 504 hinc
1077 472 1178 503 cum
1225 454 1402 518 ihaphe
1451 451 1636 500 laterali
1675 453 1940 510 Iatiuscuia,

117 534 255 596 plana
296 531 609 589 cohaeiente‚
656 539 802 577 totum
842 546 885 576 v.
919 529 1117 576 maxima
1157 543 1182 574 e
1214 535 1349 590 parte
1381 524 1668 572 obvolutum.
1742 525 1943 585 Integet-

116 611 321 650 mentum
376 602 584 649 exterius
638 600 825 658 (lurum,
889 600 1086 647 interius
1138 597 1569 653 membranaceum,
1638 595 1942 640 transversim

119 674 452 735 irregulariter
505 689 747 735 rugosum,
809 671 940 732 rugis
996 670 1118 715 intra
1172 668 1385 715 albumen
1434 681 1542 714 sese
1587 663 1943 712 insinuantibus.

117 745 361 793 Albetmen
396 745 659 806 copiosum,
693 742 1217 794 schacco-carnosum,
1252 738 1570 801 endopleurae
1603 736 1759 800 rugis,
1795 743 1947 782 trans-

120 816 269 863 versis
300 816 599 861 ruminatum.
676 813 886 873 Embryo
920 812 965 857 in
1003 810 1103 857 basi
1141 809 1385 856 albuminis
1423 809 1658 866 minimus,
1706 806 1948 854 orthotro-

117 904 221 950 pus.
314 886 639 947 Colyleclones
684 883 1029 938 subfoliaceae,
1085 880 1395 936 divaricante,
1445 879 1611 942 planae
1655 895 1701 928 v.
1746 878 1947 943 plicato-

118 971 348 1020 rugosae,
381 955 607 1002 radicula
639 953 944 1014 brevissima,
978 950 1263 1016 cylindrica,
1297 951 1468 998 infera.

883 1071 1170 1106 GENERA.

227 1159 352 1195 4706.
383 1157 603 1201 Myristica
618 1154 740 1191 Lina.
1172 1153 1296 1190 4707.
1327 1152 1486 1188 Knema
1500 1147 1631 1187 Lour.

284 1220 322 1242 a·
346 1207 380 1241 V
383 1207 481 1242 nola
497 1206 609 1239 ΑΝῘΙῘ
1169 1212 1294 1247 4708.
1324 1211 1534 1253 Pyrrhosa
1550 1206 1691 1242 Blmn.

285 1293 320 1328 b
344 1245 915 1326 Ar0nffjss'1‘t‘i’shs32305b'bnorc
1383 1257 1618 1292 *¹⁰¹'Sfiel‘ua
1641 1254 1773 1290 'Vm'

197 1397 203 1399 ⁴
254 1392 579 1439 Affinitas·
638 1402 712 1443 My
716 1382 906 1435 risticeae
935 1400 984 1434 ob
1008 1396 1127 1434 flores
1149 1405 1323 1442 parvos,
1356 1392 1670 1441 inconspicuas,
1701 1393 1855 1427 corolla
1877 1392 1947 1427 de—

115 1459 302 1507 stitutos,
340 1461 389 1494 ob
429 1458 648 1494 staminum
685 1465 710 1493 a
747 1456 997 1500 germinibus
1027 1458 1280 1490 constantem
1310 1451 1657 1497 segregationem,
1695 1448 1867 1491 denique
1898 1451 1946 1484 ob

116 1516 264 1553 faciem
292 1486 332 1552 ’et
362 1515 602 1558 qualitatem
632 1513 888 1556 aliquomodo
915 1512 1136 1549 Laurineis
1166 1510 1363 1555 similem,
1394 1507 1464 1544 diu
1493 1507 1600 1543 inter
1627 1505 1789 1543 ordines
1813 1505 1947 1548 typice

115 1576 302 1617 apetalos
336 1572 547 1618 collocati,
587 1578 791 1614 perpensa
826 1570 1007 1614 penitius
1037 1568 1237 1605 affinitate
1266 1566 1385 1602 hodie
1413 1564 1622 1609 plerisque
1650 1563 1756 1598 inter
1784 1562 1947 1598 ordines

115 1632 222 1674 Poly
225 1629 433 1676 carpicos,
455 1638 561 1672 pone
577 1629 825 1664 Anonaceas
842 1627 1106 1663 collocandae
1123 1635 1216 1661 esse
1231 1624 1434 1659 videntur.
1464 1623 1567 1657 Nam
1584 1621 1650 1658 sis
1653 1630 1674 1655 e
1691 1619 1801 1655 floris
1817 1619 1946 1655 fabri-

115 1697 230 1733 cam,
262 1689 424 1729 qualem
439 1688 640 1721 nonnulla
655 1685 970 1720 Anonacearum
987 1691 1138 1727 genera
1152 1681 1364 1725 exhibent,
1388 1678 1479 1715 sive
1496 1677 1667 1714 seminis
1684 1679 1946 1719 structuram,

115 1744 324 1781 albumine
354 1743 555 1779 ruminato
586 1741 690 1778 satis
720 1738 985 1784 peculiarem,
1019 1739 1109 1776 sive
1131 1736 1364 1780 embryonis
1391 1734 1500 1770 intra
1522 1737 1715 1770 albumen
1738 1732 1946 1775 copiosum

114 1801 271 1838 minimi
302 1803 547 1837 structuram
579 1802 617 1834 et
639 1798 763 1834 situm
788 1797 1116 1844 consideramus,
1146 1798 1362 1836 utrumque
1384 1792 1563 1827 oldinem
1589 1792 1641 1826 ad
1664 1790 1837 1826 eundem
1863 1789 1948 1825 fere

115 1861 257 1902 typum
273 1866 298 1893 a
313 1860 463 1892 natura
479 1846 654 1891 efficium
669 1864 761 1891 esse
775 1854 984 1900 videmus,
1011 1852 1071 1889 ita
1087 1851 1249 1895 quidem
1267 1854 1307 1885 ut
1326 1849 1533 1885 distinctio
1549 1846 1714 1883 nonnisi
1731 1856 1753 1882 e
1769 1849 1948 1882 corollae

114 1914 350 1959 praesentia
373 1916 411 1948 et
435 1912 593 1948 defectu
606 1939 615 1957 ,
648 1922 670 1947 e
686 1911 934 1948 staminibus
952 1909 1173 1946 indefinitis
1189 1907 1332 1945 liberis
1350 1904 1581 1942 etvdefinitis
1601 1909 1723 1947 atque
1740 1903 1946 1949 connatis,

116 1975 154 2008 et
185 1981 237 2007 ex
268 1971 380 2007 arilli
411 1969 645 2014 praesentia,
676 1979 716 2005 v.
742 1968 930 2004 absentia
959 1967 1146 2010 pendeat.
1220 1964 1374 2000 Habitu
1396 1966 1532 1999 autem
1556 1961 1823 2005 Myristiceae
1854 1969 1947 1996 cum

113 2027 349 2065 Anonaceis
374 2027 536 2071 egregie
558 2025 826 2070 conveniunt,
859 2028 898 2061 et
920 2024 1092 2060 istarum
1115 2022 1238 2058 etiam
1262 2020 1411 2057 ramuli
1427 2021 1547 2055 odore
1567 2022 1604 2054 et
1621 2027 1769 2061 sapore
1785 2026 1947 2053 aroma-

114 2085 196 2121 tico
219 2085 416 2129 gaudent,
446 2088 567 2126 atque
590 2092 714 2119 succo
738 2085 920 2128 turgent,
952 2085 997 2116 ut.
1018 2084 1062 2116 ut
1084 2078 1279 2124 decolori,
1311 2082 1447 2114 tamen
1470 2076 1574 2112 satis
1597 2075 1761 2118 copioso
1783 2077 1823 2110 et.
1839 2074 1947 2119 acri3

114 2142 195 2178 imo
212 2142 255 2178 in
271 2141 480 2177 nonnullis
497 2140 830 2183 Myristicearum
848 2137 1066 2182 speciebus
1090 2136 1318 2181 germinum
1334 2133 1513 2178 plurium
1537 2132 1816 2169 distinctorum
1833 2131 1947 2167 rudi-

114 2203 252 2236 menta
266 2197 489 2235 manifesta
503 2201 617 2243 sunt,
644 2197 703 2232 ita
719 2201 784 2243 ut,
809 2196 893 2231 nisi
908 2194 1093 2231 ordinum
1109 2193 1349 2230 affinitatem
1365 2191 1595 2227 naturalem
1607 2216 1617 2236 ‚
1647 2187 1691 2224 in
1707 2188 1831 2225 seriei
1847 2187 1950 2224 arti-

114 2256 263 2293 ficialis
295 2256 468 2299 gratiam
498 2255 764 2290 dirimendam
797 2253 890 2296 quis
920 2253 1157 2297 contendat,
1190 2251 1239 2286 de
1262 2248 1416 2285 ordinis
1440 2248 1538 2283 sede
1559 2246 1668 2283 haud
1692 2245 1872 2288 amplius
1894 2244 1950 2281 sit

115 2313 413 2357 ambigendum.
470 2311 654 2359 Arillus,
686 2312 804 2354 cujus
826 2309 1008 2346 maxima
1036 2309 1079 2344 in
1103 2306 1357 2351 Myristiceis
1389 2305 1590 2350 dignitas,
1621 2313 1643 2340 e
1673 2303 1854 2339 funiculo
1878 2310 1946 2338 se-

116 2369 241 2407 minis
270 2371 440 2412 ejusque
469 2368 775 2413 prolongatione
803 2366 968 2403 laterali
993 2366 1159 2410 pendet,
1191 2368 1313 2407 atque
1336 2365 1504 2406 peracta
1527 2362 1757 2403 gemmulae
1779 2359 1948 2394 foecun-

117 2427 281 2462 datione
309 2425 465 2462 sensim
493 2425 626 2469 magis
657 2423 888 2460 extenditur
917 2427 1038 2465 atque
1060 2421 1286 2467 earnescit,
1317 2419 1377 2455 ita
1401 2423 1445 2455 ut
1467 2420 1543 2454 sub
1567 2420 1692 2461 plena
1713 2415 1948 2451 maturitate

115 2482 211 2519 hinc
241 2492 332 2518 cum
363 2485 516 2524 rhaphe
549 2484 792 2525 cohaerens,
825 2483 949 2516 totum
979 2488 1119 2515 semen
1147 2488 1187 2514 v.
1217 2478 1412 2519 majorem
1444 2476 1535 2518 ejus
1565 2478 1720 2518 partem
1749 2473 1948 2508 includat.

118 2539 331 2576 Caeterum
355 2538 534 2575 stamina
558 2542 736 2574 connata
758 2536 880 2573 etiam
895 2535 1134 2573 affinitatem
1150 2531 1622 2576 cum'Menispermaceis
1637 2530 1840 2574 indicant,
1872 2531 1947 2564 ha-

117 2596 205 2633 bitu
234 2596 400 2632 minime
430 2598 565 2630 tamen
587 2595 874 2630 confirmatam.
933 2594 1144 2629 Remotam
1173 2590 1538 2634 Polycarpicarum
1568 2596 1661 2623 cum
1690 2585 1947 2629 Thymelinis

115 2653 484 2697 necessitudinem,
528 2651 804 2688 mediantibus
834 2649 1109 2697 Myristiceis,
1148 2646 1427 2695 Berberideis,
1465 2643 1772 2691 Aquilarineis,
1810 2642 1942 2679 Moni-

116 2709 289 2748 miaceis
306 2714 345 2746 et
359 2708 601 2757 Laurineis,
633 2707 756 2744 facile
770 2707 1057 2744 concesserim.

261 2786 694 2844 Geographia.
751 2793 857 2830 Ordo
888 2801 997 2827 mere
1020 2789 1221 2836 tropicus,
1253 2796 1307 2824 ex
1328 2786 1496 2851 Africa,
1527 2784 1564 2823 si
1587 2783 1946 2829 Madagascariam

119 2852 352 2899 exceperis,
385 2854 493 2887 exul
551 2851 686 2894 Major
714 2852 777 2887 est
805 2849 1036 2894 specierum
1065 2848 1110 2884 in
1139 2846 1267 2895 Asia,
1298 2843 1498 2889 imprimis
1527 2838 1728 2890 insulari,
1759 2849 1880 2885 quam
1904 2840 1945 2876 in

118 2909 312 2946 Ameriea
327 2917 533 2945 numerus.

260 2987 626 3040 Qualitates
657 2993 696 3030 et
724 2997 895 3031 usus.
954 2988 1265 3035 M3risticarum
1294 2991 1433 3032 partes
1464 2994 1604 3022 omnes
1635 2985 1731 3028 plus
1759 2983 1949 3020 minusve

120 3051 388 3098 aromaticae,
420 3060 573 3088 succus
594 3053 662 3094 st3
665 3049 822 3096 pticus,
853 3051 906 3085 ad
929 3051 1082 3084 tactum
1108 3046 1217 3083 ae'ris
1238 3044 1438 3091 rubescit,
1470 3041 1704 3080 substantia
1727 3043 1949 3082 colorante,

121 3107 256 3142 tenaci
273 3106 425 3153 foetus,
451 3117 527 3143 nec
543 3107 748 3143 acredinis
766 3106 929 3150 penitus
945 3114 1106 3148 expers.
1166 3103 1364 3140 Colticem
1381 3104 1417 3137 et
1435 3099 1668 3144 pe1icarpia
1682 3098 1724 3133 in
1743 3096 1951 3141 plerisque

120 3163 305 3200 materiis
327 3163 494 3200 acribus
517 3167 556 3199 et
579 3164 929 3209 adstringentibus
952 3166 1113 3199 scatere
1130 3164 1301 3197 constat.
1359 3160 1406 3196 In
1423 3157 1648 3195 seminibus
1666 3158 1702 3192 et
1721 3154 1841 3190 atillo
1858 3156 1950 3188 olea

120 3219 293 3264 pinguia
316 3224 352 3256 et
377 3223 566 3256 aetherea
580 3221 710 3256 mixta
726 3224 842 3267 sunt,
875 3220 1036 3255 diverso
1052 3218 1217 3255 virtutis
1234 3218 1384 3265 gradu,
1415 3215 1475 3252 ita
1493 3217 1535 3250 ut.
1550 3213 1660 3250 aliae
1674 3209 1949 3256 praestantis-

123 3277 240 3313 simis
257 3277 508 3313 aromatibus
524 3281 838 3325 accenseantur,
869 3276 980 3313 aliae
996 3275 1081 3312 fere
1096 3275 1179 3313 sint
1193 3275 1360 3311 inertes.

262 3362 447 3398 Maxima
479 3359 732 3407 'llyristicae
751 3360 1010 3411 fragrantzs
1038 3360 1159 3397 Linn.
1191 3358 1220 3395 f.
1253 3357 1333 3401 (M.
1364 3357 1599 3393 moschatae
1629 3351 1814 3397 Thunb.)
1844 3350 1951 3387 inter

123 3419 408 3456 aromatifeias
425 3418 558 3463 gloria
573 3422 646 3455 est.
698 3420 832 3461 Hujus
849 3418 1008 3454 semina
1026 3415 1150 3461 (Nur
1166 3412 1412 3459 mos-chata,
1431 3409 1729 3453 llnskatreuss)
1750 3412 1788 3445 et
1804 3409 1952 3445 arillus

125 3473 303 3521 (Mac-223
328 3472 670 3519 vlrcslaeblv'ithe)
703 3475 744 3511 in
771 3474 1076 3519 aromatopoliis
1101 3477 1139 3510 et
1160 3472 1408 3510 medicorum
1432 3467 1606 3505 officinis
1631 3469 1838 3516 prostant,
1869 3475 1951 3502 non

124 3535 174 3568 ab
192 3533 300 3570 omni
317 3533 464 3569 veneni
484 3531 701 3579 nat-corici,
733 3534 809 3568 sub
827 3531 948 3568 suavi
966 3534 1146 3568 aromate
1160 3529 1348 3576 latentis,
1379 3525 1615 3571 suspicione
1628 3524 1774 3563 libera.

1490 3589 1597 3643 727*
