2147 3756
1078 127 1197 178 296

964 205 1194 213 b—..a-*Qr
1205 206 1307 211 -.--

374 297 671 337 Car2·ssearum
699 302 854 337 baccae
879 299 1063 343 juniores
1093 309 1215 336 succo
1244 300 1377 336 lacteo
1407 297 1565 337 viscido
1595 302 1633 337 et
1662 300 1846 339 acridulo
1869 303 2041 349 scatent,

230 358 414 394 maturae
451 357 593 400 sapide
631 357 791 393 acidulo
808 377 827 383 -
844 357 999 391 dulces.
1073 353 1275 390 Cara‘ssae
1308 353 1534 391 Carandas
1564 357 1684 393 Linn.
1714 358 1911 401 primaria
1939 358 2044 394 inter

230 416 395 449 arbores
414 413 633 458 frugiferas
646 415 835 449 Indorum
850 415 943 447 laus
961 414 1036 447 est.
1096 409 1297 446 Carissae
1313 409 1445 446 edatis
1460 413 1580 448 Vahl.
1605 413 1760 450 fructus
1775 414 1984 450 Arabibus
1999 414 2043 449 in
2102 415 2104 417 ’

230 469 393 505 deliciis
416 473 524 505 sunt.
582 466 814 504 Melodinus
839 475 1093 513 monogymcs
1113 460 1243 504 Roxb.
1267 472 1307 504 et
1329 465 1610 514 Wae·ll2cghbez·a
1627 467 1758 504 edulis
1775 471 1901 507 Roxb.
1924 479 2044 513 prae-

231 528 342 560 terea
371 526 477 562 inter
506 525 726 566 frugiferas
755 524 954 559 asiaticas
983 525 1369 561 commemorandae.
1435 522 1667 570 Carpodz’ni
1695 526 1851 561 fructus
1883 524 2044 568 [sweet

228 581 464 625 Pishamin]
482 581 524 617 in
540 581 708 617 Africae
725 580 902 622 tropicae
917 580 1049 616 littore
1065 581 1259 616 atlantico
1277 582 1364 616 cibo
1380 583 1488 616 sunt.
1535 583 1646 617 Inter
1662 582 1918 618 americanas
1933 577 2044 617 Am-

229 635 443 683 belam‘ae,
468 635 730 683 Paconrae’ae,
759 633 940 671 Coumae
955 640 995 673 et
1010 634 1289 672 Hancorm'ae
1305 636 1559 683 (mangana)
1575 638 1715 674 baccis
1730 638 1920 675 edulibus
1936 648 2045 676 com-

227 695 483 731 mentiantur.

374 749 574 783 Cara'ssae
586 745 846 794 Xylopicron
856 750 1050 785 Thouars.
1063 749 1221 786 arboris
1236 748 1480 786 borbonicae
1497 752 1535 786 et.
1546 747 1747 785 Carz'ssae
1762 747 2046 797 madagasca-

228 804 383 840 roe‘ensae’s
405 807 602 841 Thouars.
624 805 781 849 lignum
796 804 964 853 flavum,
998 814 1199 852 amarum,
1231 806 1337 841 inter
1351 806 1578 842 medicinas
1595 807 1865 843 stomachicas
1881 810 1919 842 et
1935 807 2045 843 anti-

227 861 395 898 febriles
423 863 606 897 habetur.
673 858 929 906 Collopleora
951 860 1070 897 utilis
1092 865 1210 898 Mart.
1243 862 1481 907 [Sorveira]
1514 867 1553 899 et
1574 860 1831 897 Hancornz‘a
1854 863 2045 908 speciosa

229 916 486 962 (Mangaba)
517 916 697 953 resinam
726 917 943 954 elasticam
971 919 1221 960 Brasilianis
1250 919 1494 962 largiuntur.
1558 913 1850 956 Allamandae
1883 920 2044 963 species

228 973 665 1010 austro—americanae
692 973 844 1011 virtute
873 974 1100 1011 cathartica
1129 978 1168 1012 et
1191 974 1361 1012 emetica
1382 977 1550 1019 pollent.
1607 976 1813 1013 Foliorum
1835 976 2044 1013 decoctum

227 1032 333 1067 solet
347 1028 641 1066 administrari.
893 1027 895 1029 ’

373 1083 664 1131 Ophioxyleae
679 1085 877 1129 plurimae
891 1086 999 1122 lacte
1014 1084 1119 1134 acri,
1151 1085 1335 1123 caustico
1350 1089 1524 1124 scatent.
1578 1087 1714 1131 Major
1729 1089 1790 1124 est
1805 1086 1849 1124 ni
1865 1087 1986 1124 fallor
2000 1085 2045 1126 in

227 1141 474 1179 americanis
491 1141 632 1178 laticis
655 1144 814 1180 acredo.
875 1140 1083 1177 Cerberae
1113 1139 1341 1177 Thevetme
1362 1143 1483 1180 Linn.
1515 1146 1555 1180 et
1579 1142 1785 1178 Cer-berae
1807 1139 1978 1178 Ahovaz·
1997 1142 2045 1181 L.

226 1198 453 1242 specierum
483 1199 805 1235 americanarum
836 1209 986 1236 succus
1010 1200 1223 1236 admodum
1245 1200 1428 1246 virosus,
1458 1202 1581 1242 hujus
1605 1200 1727 1236 etiam
1748 1200 1904 1249 lignum
1927 1201 2046 1236 odore

227 1255 346 1299 gravi
367 1257 598 1303 molestum,
630 1255 882 1292 inebriandis
906 1256 949 1291 in
970 1256 1135 1292 flumine
1159 1256 1342 1299 piscibus
1367 1256 1552 1293 inservit.
1621 1254 1827 1290 Cerberae
1854 1253 2045 1290 odollam

228 1312 410 1358 Hamilt.,
429 1310 637 1346 Cen-berae
653 1310 870 1347 lactaria&
885 1312 1051 1348 Hamilt.
1067 1317 1107 1349 et
1124 1311 1331 1346 Cer-berae
1347 1311 1558 1347 salutaris
1572 1314 1692 1349 Lour.
1709 1308 1877 1356 lympha
1893 1313 2044 1361 spissa,

225 1367 431 1405 acredinis
447 1378 593 1412 expers
608 1372 788 1405 ventrem
803 1369 949 1404 leniter
962 1373 1108 1405 movet.
1166 1365 1503 1413 Rauwolfiarum
1520 1369 1844 1405 americanarum
1866 1371 2046 1413 complu-

225 1423 332 1461 rium
347 1434 498 1461 succus
515 1425 619 1461 inter
642 1425 820 1460 remedia
835 1425 1189 1461 vehementissime
1206 1425 1386 1460 drastica
1402 1428 1452 1461 ab
1469 1425 1673 1468 indigenis
1691 1429 1891 1462 censetur.
1909 1440 1921 1453 ·-

371 1479 579 1515 Cerberae
601 1481 849 1526 specierum,
883 1484 965 1516 tum
988 1481 1314 1517 americanarum
1337 1484 1421 1516 tum
1449 1481 1734 1526 asiaticarum,
1767 1482 1926 1518 semina
1947 1490 2046 1517 nar-

226 1535 526 1584 cotico-acria,
560 1538 811 1580 quarundam
841 1546 996 1573 summe
1025 1541 1245 1586 venenata,
1275 1537 1439 1574 vulneri
1468 1546 1494 1574 a
1516 1541 1705 1587 serpente
1724 1538 1841 1574 illato
1864 1541 2046 1574 recenter

228 1595 389 1630 admota
403 1593 517 1630 virus
534 1595 740 1629 destruere
756 1594 985 1630 creduntur.

367 1650 553 1686 Cerberis
576 1649 774 1685 affinitate
788 1649 974 1692 proxima
996 1645 1256 1698 Tangkmia,
1287 1652 1408 1687 arbor
1421 1649 1843 1698 madagascariensis,
1876 1649 2046 1687 semini-

225 1706 674 1749 bus'perniciosissime
694 1706 908 1742 venenatis
931 1706 1103 1743 famosa.
1161 1706 1321 1744 Veneni
1342 1716 1443 1744 usus
1466 1709 1572 1750 apud
1595 1711 1754 1752 gentem
1769 1706 1884 1743 miris
1901 1717 2046 1750 super-

225 1762 459 1801 stitionibus
489 1762 706 1799 obnoxiam
735 1762 779 1798 in
808 1764 1060 1805 exploranda
1085 1763 1331 1806 Judiciorum
1359 1764 1533 1800 veritate
1558 1763 1760 1806 frequens.
1818 1765 2043 1810 Venenum,

225 1819 426 1856 seminum
447 1819 636 1855 frustulis
663 1822 712 1855 ab
737 1822 932 1854 accusato
958 1819 1219 1866 deglutititis,
1249 1828 1289 1856 v.
1310 1811 1402 1855 vcum
1422 1821 1708 1856 Pandanorum
1731 1830 1851 1857 succo
1867 1820 2044 1870 haustis,

226 1880 382 1914 sontem
397 1885 491 1911 mox
506 1877 700 1919 perimere
712 1902 722 1922 ,
753 1878 804 1912 ab
820 1876 1034 1911 innocente
1049 1875 1203 1911 vomitu
1220 1876 1314 1918 ejici
1331 1877 1519 1912 creditur.

368 1929 1006 1981 Ophioxyliserpentz'm'Linn.,
1037 1930 1198 1969 fruticis
1213 1930 1359 1980 indici,
1385 1933 1562 1969 radicem
1578 1932 1684 1969 inter
1697 1929 1826 1979 Ligm‘
1839 1930 2048 1968 colubrini

223 1988 386 2033 species
402 1989 607 2025 numerari
622 1991 793 2025 constat.
1986 2008 1990 2011 ν

363 2038 557 2091 Alyziae
579 2045 740 2081 indicae
755 2043 942 2081 corticem
958 2046 1157 2089 praebent
1166 2044 1604 2092 aromatico—amarum,
1621 2044 1796 2082 Meliloti
1812 2045 1931 2082 odore
1946 2053 2046 2089 gra-

223 2109 336 2149 vem,
366 2101 506 2137 resina
520 2102 632 2137 molli
649 2101 1010 2148 aromatico-acri,
1042 2104 1129 2138 oleo
1154 2103 1339 2138 aethereo
1357 2105 1393 2137 et
1409 2102 1641 2138 substantia
1657 2102 1887 2138 extractiva
1903 2110 2046 2139 amara

173 2188 177 2197 t
225 2157 387 2194 foetum.
417 2158 694 2194 Aromaticum
711 2158 1022 2194 Brasiliensium
1041 2158 1228 2194 corticem
1247 2156 1386 2192 Casca
1401 2156 1449 2192 de
1466 2155 1583 2192 Anca
1598 2169 1620 2194 e
1634 2159 1890 2195 Rauwolfiae
1902 2186 1913 2208 ,
1930 2167 2046 2195 ama·

226 2224 316 2251 rum
331 2212 425 2248 Pau
434 2233 454 2240 -
455 2213 632 2261 pereira
648 2224 670 2250 e
683 2214 897 2251 Vallesiae
914 2214 1051 2258 specie
1068 2213 1247 2250 derivari
1262 2217 1418 2257 putant.

364 2268 747 2318 Eecapocynearum
764 2273 829 2306 lac
847 2279 961 2316 acre,
992 2271 1263 2318 narcoticum,
1288 2273 1575 2307 nonnullarum
1590 2273 1848 2306 vehementer
1861 2280 2044 2308 venena-

224 2331 331 2375 tum,
361 2324 593 2374 Eehitmis,
625 2325 886 2372 Plumeriae,
925 2324 1377 2361 Tabernaenmncanae
1400 2327 1627 2370 specierum
1651 2329 1904 2371 quarundam
1920 2328 2043 2365 etiam

224 2385 330 2422 inter
351 2385 539 2420 Indorum
562 2388 601 2420 et
616 2384 948 2420 Americanorum
972 2383 1150 2419 remedia
1172 2383 1390 2427 popularia
1404 2383 1640 2419 admissum.
1704 2381 2045 2418 Tuber-memon-

227 2444 334 2476 tana
349 2439 467 2476 utilis
482 2441 584 2478 Arn.
601 2438 872 2484 (Hya-Hya]
884 2467 894 2487 ,
926 2441 977 2475 ad
995 2440 1106 2482 ripas
1122 2439 1300 2476 fluminis
1315 2441 1536 2476 Demerara
1551 2440 1736 2476 Guianae
1752 2441 1940 2485 anglicae
1957 2450 2045 2476 cre-

223 2507 369 2545 scens,
393 2496 548 2542 ingenti
562 2497 684 2533 lactis
700 2497 801 2543 albi,
827 2496 1110 2543 spissiusculi,
1134 2496 1244 2532 mitis
1262 2496 1379 2539 copia
1393 2499 1544 2544 scatet,
1564 2498 1667 2539 quod
1686 2506 1737 2532 ex
1752 2496 1883 2535 inciso
1901 2501 2042 2533 trunco

221 2558 414 2598 perpetuo
438 2554 526 2590 rivo
549 2562 743 2601 manans,
774 2553 857 2589 seri
878 2553 1041 2588 vaccini
1062 2553 1114 2588 ad
1129 2552 1261 2588 instar
1275 2552 1480 2596 indigenis
1496 2553 1739 2589 nutrimento
1755 2557 1831 2590 est.
1895 2551 1934 2588 V
1932 2550 2044 2588 alcea

219 2610 478 2659 guncmoferoe
502 2610 632 2657 Poir.,
662 2612 782 2645 arbor
802 2609 1227 2655 madagascariensis,
1258 2614 1304 2645 et.
1320 2606 1504 2642 Urceola
1526 2607 1708 2643 elastz'ca
1723 2611 1875 2657 Roxb.,
1909 2610 2045 2646 frutex

223 2668 427 2703 scandens
443 2667 485 2702 in
502 2668 603 2702 Pulo
614 2667 812 2709 -Penang
827 2669 867 2701 et
882 2667 1073 2701 Sumatra
1087 2675 1298 2713 crescens,
1324 2674 1496 2702 succum
1509 2669 1724 2714 praebent,
1749 2676 1771 2702 e
1787 2675 1863 2710 quo
1879 2666 2044 2704 resinae

223 2723 422 2761 elasticae
437 2722 599 2758 indicae
615 2730 711 2766 pars
726 2724 1008 2765 praeparatur.

362 2792 638 2836 complurium
653 2792 774 2828 radix
788 2792 894 2828 inter
908 2791 1131 2829 medicinas
1148 2790 1341 2829 emeticas
1354 2793 1538 2829 habetur.
1580 2785 1832 2838 Apocynum
1849 2793 2041 2826 venetum

220 2849 341 2887 Linn.
366 2848 646 2893 [Tithymalus
668 2849 898 2886 maritimus
915 2849 1051 2894 ome.)
1063 2876 1074 2897 ,
1094 2852 1220 2885 herba
1241 2848 1284 2884 in
1299 2849 1455 2884 Adriae
1470 2848 1672 2884 littoribus
1689 2852 1726 2884 et
1738 2850 1859 2891 juxta
1875 2852 2041 2892 pontum

220 2907 429 2942 Euxinum
444 2915 633 2942 crescens
645 2932 656 2953 ,
680 2916 732 2942 ex
752 2906 925 2941 istarum
939 2915 1117 2941 numero.
1160 2899 1359 2950 Apocym'
1371 2903 1743 2953 androsaemzfoliae’
1756 2905 1877 2940 Linn.
1896 2903 2043 2949 (Dog’s

223 2962 350 3006 bane]
369 2962 488 2997 radix
503 2961 674 2998 emetica
690 2962 733 2997 in
749 2961 924 2998 officinis
939 2961 1153 2997 Americae
1167 2961 1345 2996 borealis
1361 2964 1522 3003 praesto
1540 2963 1613 2996 est.
1664 2955 1866 3006 Apocym'
1879 2971 2041 2995 canna-

221 3017 309 3053 bine·
321 3021 367 3054 L.
384 3017 554 3061 [Indian
569 3016 711 3061 hemp]
729 3021 767 3053 et
781 3011 1252 3063 Apocym‘pubescenlae‘s
1268 3018 1315 3052 R.
1332 3019 1399 3052 ΒΥ.
1416 3018 1624 3052 decoctum
1641 3018 1882 3053 diureticum
1897 3021 1937 3053 et.
1952 3017 2043 3053 dia-

220 3075 483 3119 phoreticum.
547 3071 779 3108 Vinearum
801 3072 1042 3109 nostratium
1065 3071 1225 3116 (Herba
1246 3073 1402 3108 Vineae
1425 3082 1458 3110 s.
1480 3073 1730 3116 Pervincae)
1757 3073 1858 3109 folia
1881 3081 2042 3108 amaro-

220 3131 533 3176 adstringentia.
563 3127 737 3165 Nerium
756 3126 966 3164 Oleander
980 3129 1115 3177 Linn.,
1133 3129 1268 3166 frutex
1282 3137 1307 3164 a
1321 3130 1486 3174 regione
1501 3130 1797 3166 mediterranea
1811 3139 1883 3173 per
1898 3129 2041 3165 Orien-

221 3190 302 3225 tem
317 3187 504 3235 diffusus,
535 3190 583 3224 ob
602 3186 755 3232 egregii
769 3185 879 3222 floris
897 3187 1021 3222 decus
1038 3185 1193 3229 passim
1209 3189 1358 3234 cultus,
1389 3186 1545 3230 plantis
1560 3186 1789 3234 venenatis,
1812 3186 2041 3236 narcotico-

221 3245 384 3282 acribus
401 3247 653 3281 accensetur.
706 3243 826 3280 Folia
842 3239 988 3287 (Folia
1008 3239 1211 3279 meandri
1223 3252 1258 3280 s.
1276 3240 1524 3290 Rosagz'm‘s)
1542 3243 1640 3280 olim
1655 3242 1761 3279 inter
1775 3244 2041 3281 exanthema-

225 3305 307 3338 tum
324 3301 604 3338 chronicorum
621 3299 811 3337 remedia.
1408 3347 1411 3350 Δ
1820 3347 1822 3349 ¹

361 3367 593 3407 Alstom'ae
608 3367 818 3405 scholaris
833 3369 957 3406 R.Br.
969 3368 1135 3416 (Pala),
1153 3369 1310 3407 arboris
1326 3369 1502 3416 indicae,
1519 3373 1659 3406 cortex
1673 3377 1852 3417 amarus,
1871 3366 2039 3405 Gentia-

222 3435 302 3463 nae
316 3427 506 3465 virtutem
521 3430 771 3474 aemulatur,
794 3425 959 3470 plurimi
974 3426 1016 3462 in
1033 3426 1136 3462 Asia
1151 3436 1266 3462 usus.
1322 3426 1498 3470 Lignum
1516 3428 1674 3471 album,
1692 3428 1833 3471 molle,
1852 3425 2035 3468 elegans,
2048 3449 2063 3474 ς

221 3484 336 3522 vario
365 3484 538 3522 inservit
565 3484 690 3528 operi.
748 3481 984 3531 Aeser-culi,
1015 3483 1162 3527 quibus
1192 3482 1308 3528 pueri
1330 3482 1490 3528 Malayi
1511 3483 1556 3519 in
1578 3481 1731 3519 scholis
1751 3481 1952 3529 scribunt,
1984 3489 2036 3517 ex
2087 3481 2089 3483 ’
