2147 3756
989 109 1107 160 20⁷

874 188 932 196 .-
935 188 1223 196 *ῥ’-..-

220 285 346 321 2072.
378 283 572 320 Thesium
593 280 714 319 [sinn.
1160 283 1284 319 2078.
1316 283 1460 327 osyris
1478 280 1601 322 Linn.

456 332 678 366 Alchimilla
697 331 885 377 Tournes.
1401 333 1514 366 Casia
1535 334 1678 367 Toum.

302 374 618 409 a.Thes1umR
637 375 703 408 ΒΓ·
1158 384 1283 419 2079.
1314 383 1628 431 Sprhaerocarya
1650 379 1783 421 Wall.

302 424 335 457 Ι)
366 423 606 457 Thesiosiris
624 423 829 458 Reiclzenb.
1158 441 1283 476 2030·
1315 441 1530 475 gamalam
1546 436 1670 473 Linu-

304 486 336 508 c.
361 474 498 507 Frisea
514 472 719 507 Reiclzenb.
1402 486 1543 521 Sirium
1561 487 1677 522 Lgnn·

218 526 339 560 2073·
369 525 563 560 Na¹¹⁰dea
581 522 741 581 Baflks·
1159 519 1284 574 2081'.
1316 538 1428 574 Mida
1445 535 1493 574 A.
1514 533 1748 583 Cunninglt.

304 624 319 645 Ι
455 571 689 606 Balexerdra
711 572 913 640 §emmer-s.
1163 596 1288 631 2032·
1319 595 1542 638 Pyrularia
1558 591 1606 630 L.
1627 593 1671 630 C.
1693 590 1810 628 Rich·

214 625 338 658 ²07⁴·
371 623 605 665 cnm-etrum
624 622 675 659 R.
695 621 769 677 ’θ’-
1398 642 1635 676 Hamiltonia
1652 640 1848 675 mameae».

216 680 339 715 2075.
371 681 626 732 I3ept0meria
648 677 695 715 R.
712 675 791 716 ΒΓ.
1402 692 1569 726 Calinux
1586 691 1688 737 Rus,

302 741 339 761 α’
365 728 595 761 *Xer-ommia
611 728 724 785 EJ'HN·
1158 743 1283 778 2083.
1314 741 1584 779 Cervantesia
1598 740 1708 777 Ruiz
1725 746 1760 778 et
1783 740 1887 777 Pav.

301 778 335 811 h·
362 776 671 843 θ”,ῬΙωεῩηωῖῚᾶ
687 776 800 810 Ε’ΠΗ·
1161 799 1287 834 2084.
1319 800 1573 842 Myoschitos
1592 797 1704 834 Ruz'z
1721 803 1757 835 et
1776 796 1880 833 Pcw.

304 838 335 861 c,
362 828 436 868 011)
449 837 567 859 merra
582 826 695 859 Encll.

215 879 339 913 2076.
373 878 600 913 Comandra
616 872 739 910 Necti.
1503 871 1528 896 ⁵¹²

216 935 340 970 2077.
371 934 562 968 Fusanus
578 928 703 965 Linn.
1158 931 1281 970 2085.
1312 931 1553 969 Octarillum
1567 928 1698 968 Lour.

456 979 630 1024 Colpoon
646 979 764 1025 Berg-

269 1066 593 1112 Affinitas.
657 1070 821 1108 Ordinis
851 1071 1032 1108 affinitas
1063 1081 1154 1108 cum
1183 1071 1465 1115 Daphnoideis
1494 1073 1718 1111 manifesta
1748 1077 1829 1122 est,
1869 1073 1961 1111 dia—

134 1130 294 1177 gnosim
331 1140 495 1174 germen
531 1129 728 1176 inferum,
767 1132 806 1165 et
835 1130 1131 1172 gemmularum
1159 1129 1340 1172 plurium
1365 1129 1408 1164 in
1441 1131 1758 1174 trophospermio
1788 1131 1961 1168 centran

132 1189 259 1225 libero
290 1187 418 1233 situs,
450 1186 608 1222 fructus
638 1195 967 1234 monospermus,
1000 1189 1038 1222 et
1067 1188 1231 1228 embryo
1254 1195 1326 1229 pro
1352 1186 1508 1222 ratione
1532 1187 1755 1223 albuminis
1776 1187 1961 1225 minutus

130 1246 337 1288 praebent.
394 1245 461 1279 Ex
483 1245 614 1279 altera
635 1246 751 1287 parte
772 1242 944 1278 indubia
965 1246 1028 1278 est
1050 1252 1142 1278 cum
1162 1242 1456 1279 Loranthaceis
1479 1246 1518 1277 et
1540 1243 1747 1279 Olacineis
1776 1244 1963 1281 necessi-

130 1302 246 1347 tudo,
278 1301 351 1336 sed
379 1300 746 1345 integumentorum
775 1299 978 1336 floralium
1005 1302 1156 1336 natura
1183 1299 1227 1336 in
1256 1298 1352 1336 istis
1373 1299 1586 1337 ordinibus
1610 1300 1784 1337 ulterius
1805 1309 1962 1345 expen-

130 1358 263 1395 denda
276 1361 426 1394 manet.

273 1421 699 1478 Geographia.
759 1428 1031 1463 Santalaceae
1052 1436 1124 1470 per
1138 1424 1326 1470 regiones
1342 1429 1589 1470 temperatas
1605 1425 1817 1470 utriusque
1832 1426 1962 1463 hemi-

130 1486 350 1532 sphaerae,
383 1489 422 1521 et
450 1495 523 1528 per
550 1485 697 1521 Asiam
723 1487 763 1519 et
783 1483 1093 1520 Australasiam
1115 1483 1313 1526 tropicam
1336 1483 1567 1529 dispersae,
1597 1483 1641 1519 in
1665 1483 1809 1527 Capite
1829 1487 1962 1520 bonae

130 1542 220 1585 spei
252 1545 289 1577 et
319 1542 363 1577 in
390 1543 507 1578 Nova
531 1540 752 1577 Hollandia
779 1542 921 1584 paullo
946 1540 1200 1583 frequentius
1225 1540 1429 1587 habitant,
1461 1550 1514 1575 ex
1535 1539 1732 1576 America
1752 1543 1791 1576 et
1812 1540 1963 1577 Africa

132 1597 290 1642 tropica
311 1601 435 1642 plane
459 1600 628 1634 exulare
650 1598 853 1633 videntur.
910 1598 959 1632 In
974 1598 1138 1639 Europa
1160 1600 1197 1632 et
1211 1595 1317 1632 Asia
1332 1596 1488 1642 media,
1521 1596 1619 1632 etin
1633 1596 1830 1632 America
1845 1601 1960 1634 trans

130 1654 415 1698 capricornum
432 1657 755 1702 subherbaceae,
787 1653 831 1690 in
846 1653 1010 1698 regione
1026 1653 1325 1689 mediterranea
1340 1652 1648 1699 suffruticosae‚
1674 1653 1718 1689 in
1733 1653 1837 1689 Novi
1853 1654 1963 1690 Con-

130 1710 301 1747 tinentis
325 1711 560 1756 regionibus
582 1711 644 1747 cis
660 1719 854 1748 cancrum
866 1710 1128 1759 temperatis,
1160 1710 1205 1747 in
1218 1709 1328 1747 Asia
1343 1712 1382 1745 et
1396 1710 1666 1747 Australasia
1682 1712 1722 1745 ut
1740 1709 1961 1753 plurimum

133 1770 328 1806 arboreae
343 1772 545 1804 crescunt.

272 1830 636 1884 Qualitates
667 1839 706 1873 et
729 1841 899 1877 usus.
958 1838 1102 1874 Pauca
1132 1835 1179 1871 de
1209 1836 1549 1873 Santalacearum
1577 1835 1728 1873 virtute
1757 1840 1961 1874 constant„

132 1891 307 1929 Santalz·
319 1895 475 1939 lignum
492 1892 632 1929 albam
649 1896 686 1930 et
705 1892 924 1941 citrimcm,
950 1893 1047 1930 olim
1062 1893 1169 1928 inter
1179 1894 1362 1929 Arabum
1378 1895 1601 1936 pharmaca
1616 1895 1776 1929 celebre
1787 1920 1797 1940 ,
1820 1893 1964 1930 hodie-

131 1952 225 1987 dum
247 1953 374 1987 multo
396 1962 469 1995 per
485 1951 688 1987 Orientem
704 1951 940 1986 commercio
957 1949 1241 1986 circumfertur
1252 1977 1262 1997 ,
1293 1948 1458 1993 plurimi
1474 1949 1579 1986 inter
1595 1949 1828 1987 suffimenta
1843 1959 1960 1996 usus,

136 2005 311 2042 Sarnali
333 2006 422 2043 albi
434 2008 556 2044 Linn.
572 2008 831 2050 aliarumque
845 2006 1076 2050 specierum
1088 2006 1131 2042 in
1146 2005 1276 2042 Asiae
1292 2006 1489 2042 australis
1507 2007 1738 2042 continente
1753 2010 1792 2042 et
1808 2005 1962 2043 insulis

130 2064 387 2101 nascentium
403 2067 618 2101 alburnum
635 2068 697 2100 est
709 2091 719 2111 ,
739 2065 860 2107 juxta
876 2067 1051 2099 aetatem
1067 2062 1225 2099 arboris
1242 2065 1377 2098 colore
1393 2063 1553 2098 varium
1564 2089 1574 2109 ,
1598 2063 1744 2098 citrum
1758 2064 1959 2107 redolens,

132 2123 219 2157 oleo
244 2124 431 2157 aethereo
453 2130 591 2166 grave.
652 2118 828 2155 Santali
848 2117 1174 2166 Frerscinetiam'
1200 2119 1399 2156 Gaudich.
1431 2120 1604 2155 decorae
1634 2119 1792 2155 arboris
1812 2123 1962 2156 vastae

132 2178 229 2214 olim
259 2177 302 2212 in
326 2177 688 2214 sandwieensium
718 2176 869 2214 insulis
897 2180 1065 2225 sylvae,
1095 2175 1255 2219 lignum
1286 2175 1552 2212 aromaticum
1585 2175 1717 2218 plenis
1742 2175 1962 2218 quotannis

132 2234 310 2271 navibus
334 2236 386 2270 ad
409 2235 531 2270 Indos
549 2238 587 2270 et
604 2234 724 2270 Sinas
743 2237 1042 2281 transvectum,
1073 2232 1232 2276 ingenti
1248 2235 1478 2277 regulorum
1494 2235 1620 2268 lucro.
1680 2231 1825 2268 Caesis
1842 2232 1962 2268 hodie

131 2290 267 2334 sylvis
285 2290 526 2335 regnatricis
543 2292 685 2327 domus
702 2290 907 2334 peculium
923 2293 1169 2326 exhaustum
1186 2292 1260 2326 est.
1307 2289 1546 2325 Thesiorum
1563 2288 1806 2324 nostratium
1819 2291 1960 2333 herba,

131 2347 320 2391 osyridis
350 2347 509 2384 radices
541 2351 579 2384 et
608 2347 767 2384 fructus
797 2347 1069 2392 adstringunt.
1133 2342 1327 2392 osyridis
1356 2344 1594 2391 nepalensis
1624 2346 1727 2381 Don.
1757 2345 1860 2381 folia
1889 2354 1962 2388 pro

133 2408 228 2447 potu
251 2407 386 2440 theate
403 2404 665 2451 adhibentur,
697 2404 841 2440 fabula
856 2404 951 2439 hinc
968 2406 1057 2439 orta
1073 2406 1136 2439 est
1151 2404 1200 2438 de
1217 2404 1352 2438 'rheae
1369 2402 1516 2438 frutice
1530 2402 1574 2438 in
1589 2401 1836 2453 Himalayae
1847 2401 1962 2445 jugis

134 2463 304 2503 reperto.
353 2461 495 2496 Infuso
519 2460 710 2497 foliorum
725 2457 953 2506 Myoscleili
976 2458 1143 2505 oblongi
1154 2457 1260 2495 Ruiz
1278 2461 1313 2494 et
1329 2460 1432 2495 Pav.
1449 2459 1596 2504 [vulgo
1614 2455 1778 2501 Setina)
1797 2458 1963 2494 Chilen-

134 2526 202 2553 ses
228 2518 370 2552 alvum
391 2525 586 2563 purgare,
621 2515 927 2551 Cervantesiae
950 2519 1210 2551 tomentosae
1238 2514 1345 2551 Ruiz
1369 2520 1407 2551 et
1423 2517 1525 2552 Pav.
1549 2514 1709 2551 semina
1730 2515 1963 2551 Avellanae

133 2575 223 2609 loco
235 2573 415 2608 Peruani
435 2575 642 2609 comedere
659 2576 804 2610 solent.
834 2575 868 2609 E
885 2571 1151 2620 Pyrulariae
1160 2570 1350 2617 puberae
1366 2572 1518 2608 Michx.
1534 2571 1577 2608 in
1587 2571 1804 2608 carolinae
1820 2571 1963 2608 etVir-

134 2629 274 2675 giniae
287 2629 494 2666 montibus
511 2630 734 2667 crescentis
750 2630 978 2703 seminibus
992 2632 1126 2668 oleum
1140 2629 1293 2675 pingue
1309 2629 1526 2666 obtinetur.

275 2733 695 2793 *Nyssaceae.
754 2735 829 2791 Ny
833 2749 936 2778 ssae
952 2749 1098 2791 genus
1116 2736 1319 2790 suijuris
1344 2740 1440 2787 est,
1471 2735 1742 2785 arboreum,
1765 2735 1814 2775 in
1830 2733 1961 2775 Ame-

135 2792 238 2835 rica
251 2793 432 2836 boreali
448 2795 585 2847 juxta
601 2796 729 2835 rivos
746 2798 796 2835 et
812 2794 870 2835 ad
896 2793 1121 2847 paludum
1145 2794 1380 2845 margines
1405 2804 1647 2842 crescens,
1680 2795 1887 2845 germine
1911 2791 1961 2831 in

136 2850 328 2892 floribus
359 2850 583 2916 perfectis
613 2850 790 2901 infero,
838 2851 954 2892 disci
983 2850 1315 2904 effiguratione
1346 2854 1395 2890 et
1423 2849 1702 2890 staminibus
1740 2848 1963 2902 quinque,

137 2912 244 2948 ante
260 2908 461 2949 totidem
478 2909 713 2963 per-igonii
729 2907 924 2949 lacinias
941 2908 1045 2948 sitis
1061 2907 1352 2949 Santalaceis
1369 2905 1618 2956 accedens,
1648 2903 1816 2946 florum
1833 2916 1962 2945 mere

136 2964 546 3019 staminigerorum
569 2965 846 3006 staminibus
868 2964 1025 3016 denis,
1050 2964 1292 3030 gemmula
1314 2963 1456 3004 unica
1478 2975 1503 3004 e
1526 2963 1700 3004 vertice
1729 2962 1830 3003 cavi
1853 2972 1962 3015 ger-

137 3021 274 3061 minis
290 3022 517 3075 pendula,
547 3021 814 3077 embryonis
831 3021 1058 3076 denique
1046 3034 1092 3061 1n
1111 3021 1189 3061 axi
1210 3021 1459 3061 albuminis
1483 3019 1669 3061 carnosi
1691 3017 1791 3072 siti,
1820 3017 1960 3071 recti,

139 3077 500 3131 cotyledonibus
518 3077 732 3121 foliaceis
742 3109 755 3132 ‚
785 3078 1029 3120 undulatis
1045 3079 1160 3119 satis
1176 3077 1308 3119 abiis
1325 3077 1574 3120 diversum.

713 3232 717 3234 .
785 3197 998 3233 GENUs
1046 3203 1312 3234 UNIcum.

700 3281 827 3319 2086.
855 3282 997 3325 Nyssa
1014 3276 1201 3317 Gronov.

946 3328 1101 3374 'rupelo
1116 3327 1265 3365 Adam.

280 3421 345 3466 Ν)
348 3429 509 3458 ssarum
529 3421 687 3467 lignum
707 3421 821 3460 fibris
843 3421 1076 3459 intertextis
1096 3419 1427 3472 tenacissimum,
1457 3418 1698 3456 difficillime
1717 3418 1961 3467 findendum,

141 3472 318 3524 Nyssae
338 3476 580 3525 sylvaticae
595 3478 748 3519 Michx.
765 3474 922 3524 (Black
937 3477 1092 3526 Gum]
1080 3476 1282 3525 imprimis
1299 3477 1399 3517 utile
1411 3476 1571 3515 dicitur.
1629 3471 1682 3520 Ν
1675 3484 1806 3524 yssae
1821 3484 1960 3525 aqua-
2008 3525 2014 3533 x
