2147 3756
985 205 1037 211 Β
1047 207 1065 210 „-
1080 207 1190 211 -<,--,.
1203 204 1328 211 ΔΨ.-

250 302 338 345 peri
374 303 562 345 galbulos
600 301 804 338 destillato
841 304 958 344 potus
991 298 1145 344 (vulgo
1178 300 1275 346 Gin,
1308 296 1529 347 Genievre,
1559 299 1850 344 Borowitska)
1881 303 2063 349 paratur,

251 358 389 402 magni
419 359 522 400 apud
558 361 725 400 populos
755 359 942 400 Europae
972 357 1170 402 borealis,
1202 356 1348 398 quibus
1379 356 1530 392 immite
1554 359 1710 392 coelum
1731 357 1873 392 vinum
1896 358 2063 404 invidet,

250 423 375 459 usus,
407 414 544 449 nautis
569 416 757 458 pelagum
783 413 1081 455 pererrantibus
1108 412 1304 454 imprimis
1329 412 1442 447 utilis
1470 417 1504 447 et
1531 417 1686 456 gratus.
1745 414 1930 448 Accenso
1947 413 2066 448 Juni-

251 467 340 513 peri
363 470 473 514 ligno
496 472 628 505 aerem
646 470 687 504 in
706 470 907 505 cubiculis
925 472 1154 511 corruptum
1173 467 1332 511 egregie
1348 468 1579 514 repurgari,
1611 469 1653 503 in
1669 471 1820 512 vulgus
1838 472 1973 503 notum
1990 473 2062 505 est.

251 525 407 561 Resina
430 528 504 561 sub
529 535 774 561 annosorum
799 529 1028 560 truncorum
1053 524 1202 559 cortice
1227 526 1396 559 collecta
1412 527 1475 560 vel
1493 525 1533 559 in
1552 529 1696 560 terram
1715 525 1844 559 deflua
1861 526 2068 560 Sandara-

250 590 324 617 cae
354 582 612 625 germanicae
641 582 800 616 nomine
830 581 1122 616 circumfertur.
1182 579 1413 624 chm'peras
1439 578 1598 614 Sabina
1621 583 1666 616 L.
1694 574 1913 631 (βράθ-υς,
1939 582 2069 616 Sade-

251 640 392 684 baum,
425 637 703 680 Sevenbaum)
728 638 770 672 in
793 638 953 680 Tyr-olis
977 642 1012 673 et
1038 637 1250 673 Helvetiae
1272 637 1474 672 montibus
1498 646 1590 673 rara
1613 638 1817 682 nascitur,
1849 637 1891 672 in
1906 638 2069 679 Europa

252 695 427 730 australi
458 698 495 729 et
525 694 685 729 Oriente
715 693 915 735 frequens.
975 695 1128 728 Frutex
1157 694 1199 728 in
1230 693 1356 728 hortis
1387 694 1625 729 rusticorum
1648 693 1888 728 nostratium
1912 693 2070 735 passim

253 752 408 796 cultus,
433 750 544 785 foliis
561 750 718 784 obtusis
730 776 739 794 ,
757 750 968 792 adpressis
987 753 1021 785 et
1040 749 1331 791 quadrifariam
1349 750 1390 784 in
1408 750 1576 785 ramulis
1593 749 1817 785 imbricatis
1834 757 1859 784 a
1875 749 2068 791 Junipero

251 807 451 841 communi
481 806 595 840 facili
625 806 785 849 negotio
817 806 1091 850 distinguitur.
1151 807 1329 841 Frondes
1355 807 1532 841 Sabiirae
1562 806 1602 842 in
1634 805 1808 841 officinis
1839 808 2069 853 servantur,

253 863 416 905 saporis
440 861 569 898 amari
592 865 630 896 et
654 862 781 908 acris,
814 863 946 898 odoris
963 862 1134 908 ingrati,
1166 863 1462 908 subnarcotici,
1495 865 1542 898 ob
1561 863 1643 898 vim
1659 862 1837 898 validius
1854 862 2070 897 stimulan-

254 923 352 964 tem,
381 927 459 960 qua
488 926 678 953 vasorum
702 918 1029 966 sanguiferoruni
1054 922 1237 961 systema
1261 922 1295 954 et
1321 919 1520 962 genitalia
1542 920 1755 954 mulierum
1778 927 1930 963 organa
1952 927 2071 961 prae-

251 974 393 1017 primis
411 974 623 1021 adficiunt,
657 974 851 1010 cautIOris
869 984 983 1011 usus.
1043 976 1182 1010 Oleum
1205 975 1381 1010 Sabinae
1405 975 1510 1010 inter
1533 975 1711 1010 remedia
1735 973 2072 1009 antlielniintliica

251 1033 564 1066 commendatur.
622 1030 879 1066 Americanis
898 1030 1128 1076 Jnm'perns
1145 1030 1387 1077 virginiana
1403 1033 1448 1067 L.
1474 1029 1619 1076 (vulgo
1635 1031 1938 1076 Red-ZedarJ,
1968 1030 2071 1073 ligni

252 1086 473 1130 fragrantis
496 1087 731 1129 incorrupta
755 1088 965 1123 duratione
988 1089 1281 1133 commendata,
1314 1088 1493 1123 Sabinae
1517 1090 1602 1135 loco
1628 1092 1701 1123 est.
1760 1089 1806 1122 In
1829 1090 1972 1122 arbore
1996 1095 2071 1129 pa—

249 1145 396 1180 ludosa
411 1147 637 1178 nascuntur
652 1145 788 1186 gallae
806 1143 952 1188 [vulgo
972 1144 1279 1188 ceder-appel]
1298 1147 1344 1179 ob
1362 1144 1470 1179 vires
1488 1144 1847 1179 anthelminthicas
1863 1144 2069 1179 laudatae.

250 1198 452 1244 Jum'peri
471 1197 770 1233 bermude’mme
793 1201 838 1235 L.
863 1200 1084 1236 thurifer-ae
1108 1201 1264 1236 arboris
1288 1201 1443 1244 lignum
1460 1200 1502 1235 in
1519 1200 1791 1235 mercimoniis
1809 1203 1882 1235 est.
1942 1197 2070 1233 Jeme·-

243 1256 346 1302 perz’
362 1253 604 1305 thur-<ferae
620 1258 665 1291 L.
684 1259 789 1299 apud
807 1257 1013 1299 Hispanos
1032 1257 1271 1304 crescentis,
1291 1261 1325 1292 et
1345 1253 1860 1302 Jzsm'periphoem'eeaeL.
1880 1251 2070 1304 (κέδρος)

250 1314 359 1356 apud
384 1314 560 1348 Graecos
583 1314 770 1356 vulgaris
786 1314 992 1356 lacrymae
1009 1313 1268 1357 colliguntur.
1328 1312 1528 1358 Jum'perz'
1546 1310 1761 1358 Oryceclri
1774 1314 1820 1348 L.
1835 1312 2073 1347 mediterra-

250 1369 317 1406 nei
335 1369 494 1404 fruticis
510 1369 666 1413 galbuli
683 1372 898 1404 baccarum
916 1370 1102 1412 Juniperi
1119 1369 1340 1406 communis
1357 1372 1443 1405 loco
1460 1373 1670 1406 habentur.
1730 1371 1870 1405 Oleum
1889 1368 2071 1404 foetidis-

252 1426 398 1462 simum
411 1453 420 1469 ,
453 1427 554 1468 quod
572 1435 592 1460 e
609 1426 720 1468 ligno
737 1426 899 1461 elicitur
915 1424 1060 1468 [Huile
1078 1427 1125 1461 de
1142 1426 1295 1472 Cade),
1326 1427 1369 1460 in
1385 1426 1719 1461 veterinariorum
1738 1435 1813 1460 usu
1832 1430 1905 1461 est.

396 1479 634 1515 Tmzwtllum
652 1479 875 1516 distichum
894 1482 1008 1518 Rich.
1031 1482 1075 1517 in
1089 1483 1280 1517 America
1303 1483 1456 1518 boreali
1479 1482 1665 1526 ingentes
1687 1483 1764 1518 soli
1781 1481 1972 1525 paludosi
1989 1484 2073 1516 tra-

252 1542 342 1574 ctus
375 1537 521 1582 (vulgo
554 1539 732 1581 Cypress
757 1537 965 1581 swamps]
997 1541 1186 1585 occupat,
1226 1539 1405 1573 resinam
1438 1541 1763 1584 suaveolentem,
1796 1541 2075 1573 rubescentem

253 1596 441 1631 fundens.
498 1596 673 1630 Decocto
700 1595 956 1630 strobilorum
978 1594 1084 1630 inter
1107 1595 1283 1630 remedia
1300 1590 1499 1630 diuretica
1517 1595 1624 1637 apud
1641 1586 2075 1638 Anglo-americanos

250 1654 386 1697 locus,
419 1661 439 1686 e
462 1651 573 1696 ligno
598 1651 837 1693 aptissimae
861 1653 1099 1688 scandulae.
1134 1653 1202 1687 vIn
1220 1652 1526 1687 Mexicanorum
1549 1651 1675 1687 hortis
1692 1651 1877 1695 ingentes
1896 1653 2072 1696 arbores,

251 1712 346 1744 ante
361 1708 635 1750 Hispanorum
658 1709 874 1743 adventum
900 1718 1100 1754 annosae,
1134 1716 1159 1743 a
1181 1708 1390 1743 veteribus
1415 1707 1595 1743 infelicis
1619 1708 1750 1750 gentis
1767 1707 2074 1750 imperatoribus

252 1768 382 1801 satae.
409 1764 604 1800 corticem
616 1764 823 1799 Mexicani
839 1765 880 1799 in
899 1765 1094 1800 sanandis
1113 1764 1335 1799 tumoribus
1354 1767 1388 1799 et
1407 1766 1606 1799 adversus
1623 1767 1807 1806 herpetes
1825 1764 1965 1799 utilem
1982 1773 2076 1798 cre-

253 1822 373 1868 dunt,
406 1820 605 1866 resinam,
637 1830 755 1862 quam
780 1830 800 1855 e
824 1822 935 1864 ligno
960 1823 1103 1856 adusto
1127 1821 1314 1866 eliciunt,
1346 1820 1389 1855 in
1407 1821 1614 1856 arthritico
1632 1822 1767 1855 dolore
1783 1821 2076 1856 commendant.

256 1875 488 1922 Cupressus
506 1875 808 1921 semper-virens
823 1879 869 1912 L.
893 1877 933 1912 in
950 1877 1055 1913 Asia
1072 1877 1368 1912 mediterranea
1384 1881 1527 1920 sponte
1545 1877 1711 1920 crescit,
1745 1876 1925 1912 funebris
1943 1879 2075 1923 arbor,

253 1936 449 1977 adspectu
479 1941 657 1980 morosa,
689 1943 763 1968 nec
795 1936 936 1970 umbra
969 1935 1129 1975 quidem
1161 1937 1289 1975 grata.
1347 1933 1522 1978 Lignum
1553 1933 1720 1977 fragans
1750 1936 1916 1975 pulchre
1947 1935 2074 1979 rubet,

251 1990 522 2026 fabrefactum
547 1989 706 2033 egregie
731 1991 860 2026 durat.
921 1989 1085 2025 Galbuli
1110 1989 1201 2024 sive
1223 1999 1349 2025 nuces
1367 1990 1561 2032 Cupressi
1578 1989 1672 2024 olim
1689 1990 1792 2024 inter
1810 1990 1987 2025 remedia
2004 1990 2077 2024 ad-

253 2047 495 2090 stringentia
521 2051 556 2081 et
576 2046 775 2089 febrifuga
791 2046 833 2082 in
850 2046 1025 2082 officinis
1041 2045 1182 2081 habiti.
1240 2046 1411 2081 Arboris
1428 2046 1581 2081 halitus
1599 2055 1619 2080 e
1637 2049 1815 2081 veterum
1830 2046 2077 2081 medicorum

252 2103 457 2140 sententia
480 2103 783 2138 tabescentibus
807 2102 1016 2139 salutaris.
1077 2103 1217 2138 Oleum
1236 2102 1431 2144 Cupressi
1448 2102 1728 2137 intestinorum
1745 2112 1902 2138 vermes
1920 2105 2074 2138 enecat.

259 2156 424 2204 Tlmjae
447 2157 646 2201 (Arbores
669 2159 803 2203 ritae)
829 2159 870 2194 in
894 2159 1088 2194 America
1112 2158 1266 2194 boreali
1290 2162 1328 2193 et
1348 2159 1455 2200 apud
1473 2158 1595 2195 Sinas
1614 2158 1851 2204 indigenae,
1882 2161 2076 2202 vulgares

251 2218 455 2263 hortorum
481 2219 708 2251 nostrorum
729 2215 926 2259 hospites.
991 2213 1156 2260 Tlmjae
1173 2212 1446 2248 occidentalis
1461 2215 1580 2250 Linn.
1606 2216 1753 2250 ramuli
1778 2215 1883 2250 inter
1899 2214 2075 2251 remedia

254 2272 532 2315 diaphoretica
549 2275 587 2307 et.
603 2272 802 2307 diuretica
819 2272 913 2307 olim
929 2272 1128 2314 usurpati.
1154 2272 1295 2307 Oleum
1312 2271 1688 2306 anthelmintllicum
1706 2275 1882 2313 putatur.
1913 2273 1946 2306 E
1963 2268 2076 2305 Thu-

245 2326 324 2374 jae
346 2326 649 2374 sphaeroideae
672 2329 788 2364 Rich.
815 2328 980 2372 (11711110
998 2327 1150 2373 cedar)
1173 2328 1285 2371 ligno
1310 2337 1405 2365 raso
1429 2327 1674 2364 medicinam
1696 2328 1987 2365 stomachicam
2002 2337 2077 2371 pa-

254 2388 346 2422 runt
363 2385 525 2420 Boreali
536 2405 554 2411 -
565 2385 800 2421 americani.

395 2439 590 2476 Callz‘crz's
609 2439 899 2488 qzcccdrivalvz‘s
916 2443 1033 2478 Vent.
1054 2440 1207 2485 (Arar)
1226 2442 1370 2486 ingens
1388 2445 1505 2478 arbor
1521 2441 1561 2477 in
1579 2442 1747 2478 Atlante
1764 2440 1960 2487 nascitur,
1978 2443 2077 2477 sub—

253 2498 448 2536 stantiam
479 2498 702 2534 resinosam
734 2495 967 2540 (sandarus
989 2500 1114 2534 Arab.
1147 2500 1425 2534 sandaracam
1448 2507 1609 2546 veram,
1640 2498 1838 2535 Resinam
1861 2496 2074 2543 Juniperi)

253 2555 296 2592 in
311 2555 560 2600 laeviganda
577 2558 718 2592 charta
733 2555 949 2599 scriptoria
967 2555 1166 2600 imprimis
1183 2555 1397 2604 usitatam,
1430 2558 1606 2598 plorans.

669 2678 839 2722 urdo
869 2677 1174 2722 LXXVII.
1240 2676 1644 2722 Alsietina-ae«

393 2765 618 2813 Arbores
647 2765 919 2828 plerumque
953 2765 1201 2822 excelsae,
1249 2765 1432 2827 saepius
1465 2761 1740 2826 giganteae,
1786 2771 1954 2808 trunco
1995 2778 2077 2808 co-

256 2836 388 2894 nico,
434 2836 772 2893 ramosissimo,
819 2836 971 2883 rarius
1008 2836 1204 2882 frutices
1238 2833 1860 2882 (1110110310-1·.’1111οεί5311111.
1934 2833 2076 2880 Folia

256 2907 528 2969 saepissime
560 2907 809 2969 perennia,
858 2914 1054 2969 anguste
1087 2906 1306 2963 linearia,
1353 2903 1507 2966 rigida
1542 2903 1864 2963 (acicularia)‚
1914 2918 2076 2965 sparsa

255 2993 298 3023 v.
339 2976 641 3033 fasciculam,
689 2976 930 3022 fasciculis
976 2975 1076 3022 basi
1121 2976 1291 3037 vagina
1337 2975 1547 3020 scariosa
1593 2973 1786 3032 cinctis,
1838 2973 2075 3019 rarissime

256 3046 401 3103 nulla,
435 3047 572 3092 ramis
603 3045 943 3110 phyllodineis,
978 3045 1354 3108 luto-elliplicis.
1415 3046 1586 3092 Flores
1616 3043 1822 3090 monoici
1845 3060 1887 3091 v.
1914 3042 2074 3100 dioici,

257 3116 527 3164 staminibus
566 3125 612 3162 et
643 3117 893 3180 squamulis
933 3115 1269 3178 gemmuliferis
1303 3115 1645 3179 (carpophyllis
1677 3115 1897 3177 apertis),
1947 3114 2106 3166 circa*

258 3188 377 3234 exim
419 3203 708 3234 communem
749 3186 1031 3244 imbricatis,
1082 3193 1272 3233 amenta
1306 3186 1570 3232 terminalia
1600 3202 1643 3232 v.
1678 3185 1915 3241 lateralia,
1963 3183 2076 3230 soli-

257 3259 400 3315 taria,
448 3258 662 3305 conferta
700 3274 743 3304 v.
782 3259 961 3320 spicata
1000 3256 1409 3304 constituentibus.
1485 3258 1698 3305 Amenta
1734 3249 2071 3317 stamz'm'gera.

259 3330 480 3376 Stamina
506 3328 723 3392 plurima,
760 3327 1050 3385 ebracteata,
1083 3328 1158 3374 axi
1191 3326 1392 3390 undique
1425 3327 1617 3383 inserta,
1650 3326 1752 3390 plus
1783 3325 1930 3372 minus
1963 3340 2075 3371 con-

260 3397 399 3444 ferta.
479 3400 752 3447 Fz'lamenla
789 3398 1086 3456 brevissima,
1135 3397 1468 3455 crassiuscula,
1515 3413 1715 3460 superne
1754 3397 1799 3443 in
1833 3395 2075 3443 connecti-

263 3485 367 3515 vum
413 3470 811 3533 squamaeforme,
873 3478 1081 3518 erectum
1127 3485 1170 3517 v.
1218 3468 1432 3516 inflexum
1479 3466 1727 3532 producta.
1788 3466 2107 3530 ,Anthemu
