2147 3756
946 116 1063 166 625

98 297 242 344 stata,
303 287 613 334 aestivatione
669 293 901 337 contorta.
982 289 1203 335 Stamina
1249 287 1448 346 fertilia,
1509 291 1676 353 petalis
1722 311 1915 345 numero

97 358 311 422 aequalia
345 367 392 404 et
423 359 626 416 alterna,
674 359 854 404 sterilia
891 357 1088 406 totidem
1126 358 1294 421 petalis
1334 360 1570 422 opposita,
1619 362 1918 417 dentisormia

97 446 140 476 v.
175 430 360 492 penitus
394 428 680 476 deficientia.
753 430 1028 476 Felamenla
1062 430 1386 493 complanato·
1366 430 1633 491 —subulata‚
1680 434 1779 482 basi
1818 439 1920 517 ple-

97 516 290 563 rumque
324 500 367 545 in
395 500 605 562 copulam
632 499 745 546 bret
753 516 823 546 em
851 501 1044 558 coalita,
1078 502 1230 547 iarius
1259 502 1412 547 omnia
1436 500 1609 558 libeia,
1644 508 1917 568 saepissime

97 571 770 633 maicesccnti-pcrsistcntia.
846 571 1917 632 Auchetaeinuorsael›iloeula1es,linea-

95 657 174 688 res
207 659 248 688 v.
284 641 541 703 oblongae,
575 641 674 687 basi
707 659 750 687 v.
787 640 926 687 dorso
961 643 1193 699 insertae,
1231 641 1637 704 longitudinaliter
1669 644 1918 696 dehiscen-

36 730 39 732 ’
95 720 188 758 tes.
272 715 471 759 Gcrmen
513 711 1158 775 quadri-quinqueloculare,
1207 714 1357 759 rarius
1396 715 1441 759 in
1483 715 1598 761 flore
1638 725 1916 779 pentamero

94 783 393 840 triloculare,
444 783 608 829 loculis
649 783 990 829 collateraliter
1023 782 1389 844 bigemmulatiS,
1439 795 1576 848 septo
1610 785 1784 834 dorsali
1817 790 1916 852 plus

93 855 242 900 minus
291 853 551 916 coniplct0,
597 854 893 899 verticaliter
931 854 1216 916 incomplete
1256 871 1299 904 v.
1341 856 1574 919 complete
1614 857 1918 912 bilocellatis.

98 926 369 989 Gemmulae
419 922 678 986 pendulae,
739 931 1017 986 anatiopae.
1110 925 1244 986 Style
1289 933 1387 972 t1es
1439 943 1486 973 v.
1543 929 1767 993 quinque,
1831 931 1920 979 fiti-

93 996 291 1051 formes,
326 994 485 1052 liberi·
515 995 607 1056 stig
608 1001 748 1040 mata
779 994 1033 1056 simplicia,
1069 994 1266 1041 lineari·
1277 996 1498 1060 elongata
1528 1015 1572 1045 v.
1606 1000 1917 1065 subcapitata.

99 1066 307 1128 Capsnla
355 1028 606 1128 globosa?
631 1065 796 1112 calvce
846 1065 1214 1129 staminibusque
1261 1069 1623 1129 persistentibus
1669 1070 1916 1132 indusiata,

91 1137 317 1200 stylorum
364 1135 576 1198 reliquiis
622 1144 864 1199 superata,
927 1137 1018 1182 tii·
1031 1136 1223 1200 qnadii—
1236 1139 1687 1202 quinquelocularis,
1749 1144 1917 1192 loculis

93 1205 363 1270 dispermis,
398 1215 531 1269 septo
565 1206 848 1253 secundario
882 1206 1056 1258 dorsali
1089 1209 1693 1275 verticaliter-incomplete
1720 1231 1761 1260 v.
1790 1231 1918 1263 com-

90 1279 218 1341 plete
259 1277 565 1334 bilocellatis,
615 1276 909 1324 dehiscentia
949 1278 1183 1341 septicida
1221 1280 1267 1325 in
1308 1296 1483 1328 coccos
1522 1282 1630 1329 hinc
1677 1284 1917 1334 lunulatim

92 1350 283 1397 excisos
316 1365 361 1396 v.
399 1357 556 1395 sutura
590 1347 768 1395 dotsali
799 1348 1009 1396 bivalves
1041 1350 1207 1399 soluta.
1281 1352 1476 1399 semma
1515 1353 1739 1416 pendula,
1788 1374 1916 1405 com-

89 1436 277 1483 pressa,
324 1420 650 1481 integumento
691 1420 932 1467 exteriore
967 1421 1218 1482 coiiaceo‚
1267 1421 1572 1486 splendente,
1621 1425 1717 1473 hilo
1750 1426 1809 1474 ad
1840 1445 1917 1477 se-

89 1491 225 1537 minis
266 1490 614 1545 extremitatem
655 1491 977 1552 angustiorem
1017 1492 1316 1550 sublaterali,
1365 1492 1657 1557 endopleura
1697 1514 1915 1560 carnosa,

89 1560 288 1618 tumida,
336 1561 551 1607 albumen
598 1563 874 1610 mentiente.
954 1558 1165 1625 Embtyo
1213 1563 1614 1624 exalbuminosus,
1663 1579 1823 1617 rectus
1869 1587 1916 1619 v.

91 1632 424 1690 subarcuatu83
476 1633 1055 1697 cotyledone‘busvplanis,
1104 1635 1351 1698 ellipticis,
1399 1638 1744 1700 germinatione
1776 1641 1916 1690 folia-

92 1704 216 1764 ceiS‚
246 1704 474 1752 radicula
504 1703 599 1751 hilo
630 1704 859 1768 parallele
893 1707 1137 1768 contigua,
1172 1722 1357 1770 supera.

856 1836 1145 1875 GENERA.

201 1922 325 1958 6056.
356 1920 504 1956 Linum
522 1917 646 1956 Lina.
1201 1924 1230 1947 e.
1256 1912 1533 1949 Xantliolinum
1553 1915 1759 1954 Reichenb.

134 1960 138 1964 ”
259 1983 296 2004 (ι.
324 1969 630 2003 Catliartolinum
649 1967 857 2005 Reichenb.
1187 1954 1232 2002 J·
1257 1957 1507 2010 M³⁰¹'⁰l,l¹¹¹¹¹¹¹
1528 1959 1733 2010 Rfflslwnb·

255 2014 290 2048 b.
314 2013 449 2046 Linum
470 2011 675 2045 Regcyoenh·
1345 2001 1608 2035 Remum-dna
1624 2002 1803 2040 Damort.

259 2066 292 2089 c.
319 2053 574 2088 Adenolinurn
593 2054 800 2090 Reichenb.
1137 2050 1261 2105 6057.
1292 2052 1469 2088 Radiola
1486 2050 1645 2091 De'llen.

256 2101 293 2133 d.
320 2098 503 2141 Liuopsis
519 2098 727 2132 Rea-heah.

224 2198 549 2245 Affinitas·
605 2206 709 2242 Ordo
727 2204 991 2242 Geraniaceis
1009 2205 1301 2250 oxalideisque
1324 2209 1438 2244 arcte
1460 2208 1620 2258 affinis,
1652 2210 1917 2251 foliislinea-

84 2262 220 2309 ribus,
252 2263 435 2309 aveniis,
468 2262 665 2307 germinis
687 2267 724 2299 et
749 2265 948 2307 capsulae
972 2263 1132 2300 fabrica
1158 2267 1194 2299 et
1213 2266 1428 2307 embryone
1445 2267 1754 2304 exalbuminoso
1772 2273 1822 2306 ab
1839 2272 1917 2307 iis-

84 2323 172 2358 dem
190 2315 377 2357 diversus
394 2323 468 2356 est.
526 2320 732 2356 Remotior
747 2323 810 2357 est
826 2330 917 2357 cum
934 2321 1300 2365 caryophyuaceis
1316 2322 1512 2373 silenem,
1543 2325 1807 2369 propinquior
1824 2337 1916 2365 cum

79 2378 284 2416 Elatineis
300 2376 574 2414 necessitudo.

226 2455 866 2513 Geographia.1.ineae
896 2462 1052 2499 duobus
1081 2461 1320 2510 generi-bus,
1353 2473 1522 2506 quorum
1546 2465 1750 2509 posterius
1773 2478 1914 2506 mono-

83 2525 225 2565 typum
254 2525 337 2565 est,
378 2521 711 2564 comprehensae,
749 2528 821 2560 per
849 2520 1039 2563 regiones
1070 2524 1315 2562 temperatas
1345 2521 1469 2557 totius
1500 2523 1610 2558 orbis
1641 2524 1832 2574 diffusae,
1871 2528 1914 2564 in

82 2580 269 2622 Europa,
308 2575 508 2619 imprimis
537 2575 854 2621 mediterranea,
894 2580 932 2611 et
961 2576 1068 2613 Asia
1096 2576 1231 2612 media
1262 2576 1593 2620 frequentissime
1621 2581 1828 2628 habitant,
1869 2584 1912 2620 in

83 2633 321 2678 temperatis
345 2637 457 2668 trans
480 2631 762 2675 capricornum
787 2641 926 2679 rarae,
958 2632 1002 2669 in
1024 2633 1190 2678 tropicis
1215 2633 1468 2672 rarissimae.
1527 2637 1740 2674 Borealem
1756 2638 1911 2677 oidinis

81 2692 298 2729 terminum
314 2692 389 2726 sub
407 2684 482 2724 54⁰
497 2691 544 2726 L.
560 2690 607 2725 B.
623 2688 747 2725 situm
762 2689 989 2732 perhibent.

224 2769 590 2823 finalitates
612 2776 651 2810 et
672 2780 842 2814 usus.
886 2774 1001 2811 Libri
1020 2773 1237 2811 tenacitate
1253 2773 1522 2823 utilissimae,
1546 2775 1667 2813 etiam
1685 2778 1909 2818 seminibus

81 2834 394 2879 mucilaginosis
412 2837 448 2868 et
467 2835 554 2868 oleo
571 2832 715 2876 pingui
732 2832 850 2869 foetis
868 2832 1211 2869 commendantur.
1268 2832 1406 2868 Herba
1422 2841 1563 2869 amara
1579 2840 1739 2878 purgat.

222 2902 375 2939 Linum
391 2902 720 2939 usitatissimum.
735 2903 856 2939 Linn.
881 2903 923 2939 in
939 2903 1102 2945 Europa
1117 2902 1361 2938 australiore
1377 2908 1416 2939 et
1431 2903 1593 2940 Oriente
1610 2909 1753 2948 sponte
1768 2907 1910 2945 nasci-

83 2966 169 3010 tur,
201 2963 310 3006 apud
333 2971 406 2997 nos
427 2961 562 2997 vastis
579 2960 691 3002 agris
708 2964 854 2997 satum.
915 2959 1123 2995 Seminum
1139 2959 1457 3004 integumentum
1474 2971 1495 2996 e
1511 2970 1627 2997 muco
1644 2963 1807 3006 copioso
1825 2965 1909 3001 vir-

83 3023 207 3055 tutem
237 3019 456 3055 lenientem
487 3021 525 3053 et
553 3017 827 3053 emollientem
857 3016 1015 3060 repetit.
1072 3018 1258 3052 Redacta
1286 3016 1330 3052 in
1360 3017 1534 3052 farinam
1565 3019 1769 3063 egregium
1793 3025 1908 3057 cata-

81 3079 244 3120 plasma
267 3076 470 3111 exhibent.
529 3075 671 3110 Oleum
697 3074 869 3120 pingue,
902 3074 1007 3116 quod
1024 3076 1206 3109 enucleo
1225 3073 1485 3120 exprimitur,
1517 3075 1654 3118 gustui
1671 3076 1907 3120 ingratissi-

83 3142 212 3179 mum,
243 3132 389 3168 leniter
404 3134 573 3177 purgat,
605 3131 724 3166 multi
752 3131 795 3167 in
819 3131 975 3179 artibus
998 3130 1128 3165 variis
1152 3139 1268 3166 usus.
1328 3130 1471 3167 Caulis
1495 3131 1624 3167 annui
1646 3133 1746 3169 fibra
1768 3137 1904 3185 tenax,

82 3191 150 3226 dat
165 3189 284 3225 nobis
302 3192 456 3224 vestem
472 3192 510 3223 et
526 3190 707 3223 chartam
719 3215 729 3234 ‚
760 3187 804 3224 in
821 3196 901 3231 qua
916 3187 1149 3224 scribimus.
1309 3226 1311 3228 ,

223 3256 375 3293 Linum
393 3254 709 3291 cartharticum
731 3258 875 3304 Linn.,
908 3258 1056 3301 ubique
1079 3257 1122 3293 in
1145 3256 1273 3300 pratis
1299 3260 1336 3293 et
1358 3257 1528 3301 pascuis
1545 3258 1726 3307 obvium,
1758 3260 1907 3299 leniter

80 3319 249 3361 purgat,
281 3314 443 3358 saporis
474 3313 645 3359 ingrati,
679 3323 769 3350 cum
800 3314 941 3357 aliqua
972 3314 1244 3350 amaritudine
1273 3316 1393 3350 salsi.
1451 3311 1603 3348 Linum
1626 3314 1906 3363 selagz'noz'des

81 3375 218 3421 Lam.,
244 3371 483 3408 inPeruvia
498 3370 753 3419 indigenum,
777 3371 967 3407 remediis
985 3371 1155 3417 amaris,
1181 3371 1460 3413 aperientibus
1480 3374 1529 3407 ab
1547 3372 1693 3409 incolis
1710 3375 1907 3412 adnume-

81 3435 207 3466 ratur.
274 3426 374 3463 Lim·
401 3425 585 3473 aquilini
611 3429 732 3478 Mol.,
769 3429 920 3466 herbae
949 3428 1170 3478 ciniensis,
1206 3427 1398 3466 virtutem
1427 3427 1757 3482 refrigerantem,
1798 3432 1907 3469 anti-

82 3486 268 3525 febrilem
282 3484 509 3531 perhibent.
