2147 3756
1082 109 1160 159 8ss

212 279 321 317 ,41ηὲ
336 279 740 318 emmeliniwind.
764 280 902 325 parari
925 285 1096 318 constat.
1155 278 1264 315 Aloe·
1279 279 1467 327 vulgaris
1483 283 1528 317 L.
1553 291 1675 319 succo
1698 284 1800 319 bene
1817 282 1926 319 foeta
1942 293 2033 320 cum

212 338 381 381 reliquis
405 339 445 374 in
472 339 615 381 Capite
637 341 765 374 bonae
781 338 869 381 spei
886 338 1089 385 nascitur,
1123 337 1163 373 in
1179 339 1334 375 Indiam
1351 339 1587 374 orientalem
1605 343 1644 375 et
1658 339 1891 375 Americam
1909 340 2033 383 tropi-

212 406 299 430 cam
326 398 648 439 transplantata,
678 395 722 430 in
745 395 988 437 ‹piibusdam
1011 396 1198 437 Europae
1214 395 1532 430 mediterraneae
1549 395 1780 438 regionibus
1796 396 1890 431 olim
1907 399 2031 443 culta,

212 453 329 487 hodie
353 452 517 487 efferata
541 454 713 495 vegetat.
774 447 882 484 Aloe:
903 448 1177 486 caballinam
1197 448 1303 484 Alm'e'
1323 448 1542 495 hepatiea,
1576 460 1679 493 quae
1703 451 1745 486 in
1761 452 2035 487 mercimoniis

212 512 416 550 prostant,
447 517 613 543 succum
638 518 659 543 e
682 507 792 542 foliis
818 516 1078 552 expressum,
1110 503 1239 541 Variis
1265 507 1448 549 partibus
1473 507 1729 550 inquinatum
1745 508 1909 543 sistunt.
1968 509 2035 543 Ex

212 564 479 600 Aloinearum
503 564 762 599 contubernio
786 565 949 598 Yuccae
970 566 1062 598 sunt
1087 563 1344 598 americanae
1358 589 1367 607 ,
1398 565 1541 598 harum
1557 567 1729 607 capsula
1745 572 1917 599 carnosa
1934 574 2030 607 pur-

211 625 300 665 gat,
334 621 452 655 radix
473 621 643 663 saponis
669 622 753 654 loco
771 623 844 655 est.
904 615 1182 654 sunsei-ferae
1198 619 1239 654 in
1255 619 1371 654 India
1389 623 1632 665 nascuntur,
1666 621 1915 661 quarundam
1934 630 2031 662 spe-

211 677 362 712 cierum
386 677 545 712 radices
570 677 768 712 adversus
790 677 1100 723 gonorrlioeam,
1132 675 1174 712 in
1198 679 1359 712 artuum
1384 676 1590 712 doloribus
1615 679 1652 711 et
1677 675 1781 712 tussi
1797 675 2035 720 mitigandis

216 735 460 769 celebratae.

352 804 416 838 Ex
458 798 816 848 Asphodelearmn
859 803 1123 837 bulbosarum
1167 798 1190 844 (
1206 801 1488 844 Hyacintheas
1525 799 1781 838 nominamus
1797 797 1821 846 3
1867 810 2034 838 numero

213 856 380 905 squilla
402 864 480 904 est,
514 862 661 895 bulbus
678 866 849 901 magnae
867 859 974 901 apud
991 858 1167 893 medicos
1185 858 1336 893 laudis.
1392 855 1523 892 Scilla
1540 867 1572 894 s.
1593 855 1759 904 Sqm‘lla
1776 857 2036 894 Officiiiarum

211 920 274 950 est
300 918 443 950 bulbus
470 915 666 950 radicalis
690 911 903 960 Urgineae
925 912 1168 948 maritimae
1190 914 1344 950 Steinli.
1370 912 1549 957 (scillae
1564 914 1793 950 maritimae
1808 916 1854 950 L.
1872 909 2035 948 Σκίλλα

210 970 390 1017 Diosc.),
410 974 574 1014 plantae
589 971 632 1006 in
650 970 836 1006 arenosis
852 970 1067 1006 maritimis
1084 970 1262 1014 regionis
1279 971 1618 1016 mediterraneae,
1644 974 1681 1006 et
1698 971 1740 1006 in
1757 972 1948 1014 Europae
1964 979 2036 1006 ora

210 1028 410 1064 atlantica
434 1027 592 1063 obviae.
649 1029 697 1063 In
714 1027 877 1062 cellulis
894 1027 1222 1070 parenchymatis
1242 1029 1450 1063 bulborum
1466 1035 1615 1071 magna
1633 1029 1922 1070 crystallorum
1939 1029 2033 1063 rha-

208 1084 470 1127 phifornlium
496 1082 649 1127 (calcis
672 1079 1000 1127 phosphorean
1028 1083 1166 1131 copia,
1199 1084 1346 1127 quibus
1369 1083 1602 1120 substantia
1625 1083 1736 1119 acris
1758 1083 1942 1119 volatilis
1960 1084 2035 1120 ad-

210 1141 379 1176 haerere
396 1140 585 1176 creditur.

351 1211 417 1246 Ex
430 1214 553 1246 vasta
568 1205 775 1243 Alliorum
794 1210 931 1256 gente,
950 1217 1054 1251 quae
1071 1218 1123 1244 ex
1136 1211 1214 1244 hac
1230 1208 1334 1245 tribu
1352 1211 1432 1256 est,
1451 1209 1651 1252 plurimae
1666 1211 1827 1252 praeter
1841 1207 2036 1244 materias

208 1266 456 1313 nutrientes,
489 1269 620 1302 oleum
644 1266 811 1301 volatile
835 1266 1046 1301 admodum
1063 1275 1157 1301 acre
1174 1266 1395 1312 continent,
1426 1268 1649 1301 nonnullae
1666 1269 1716 1301 ab
1735 1265 2036 1307 antiquissimis

210 1323 457 1366 temporibus
480 1323 724 1358 nutrimento
748 1325 787 1357 et
810 1322 1063 1357 condimento
1089 1324 1246 1369 cultae,
1279 1323 1480 1364 (puaedam
1504 1331 1528 1357 a
1550 1322 1721 1357 medicis
1739 1323 1788 1357 ad
1806 1321 2038 1357 sollicitan-

209 1381 302 1414 dam
335 1379 599 1423 digestionem
621 1382 658 1414 et
682 1378 1021 1414 assimilationem
1043 1380 1374 1421 languescentem
1400 1378 1628 1424 adiribitae,
1662 1381 1700 1413 et
1724 1379 1774 1414 ad
1797 1378 2037 1413 irritandam

209 1438 342 1471 cutem
357 1445 397 1470 v.
417 1437 468 1470 ad
483 1436 744 1470 maturandos
762 1437 983 1469 abscessus
1001 1435 1221 1469 cumlaude
1232 1438 1467 1477 usurpatae.
1492 1431 1596 1468 ΑΙΙῐϊ
1610 1434 1792 1470 satz‘m'L.
1805 1426 2036 1485 (σκόροδον

208 1492 346 1528 Diosc.
363 1494 485 1534 vulgo
503 1490 766 1534 Knoblauch)
793 1490 834 1525 in
858 1490 1020 1525 Oriente
1042 1494 1185 1532 sponte
1207 1491 1437 1539 nascentis,
1461 1491 1697 1533 passimque
1721 1491 1827 1533 apud
1846 1500 1918 1526 nos
1935 1489 2035 1526 culti

207 1550 359 1584 bulbus
389 1557 532 1582 recens
557 1543 732 1581 Sancum
750 1542 1002 1580 Allz'z'satv'm'
1021 1546 1192 1581 officinis
1213 1547 1400 1590 largitur.
1460 1547 1602 1590 Magni
1624 1550 1726 1582 haec
1751 1547 1911 1589 species
1936 1549 2037 1590 proh

211 1600 337 1639 dolor!
359 1613 474 1640 usus.
519 1604 694 1638 Bulbum
718 1606 755 1638 et
778 1602 998 1649 hominem,
1032 1602 1099 1644 qui
1115 1605 1234 1637 bulbo
1251 1603 1452 1648 vescitur,
1478 1603 1735 1638 delicatiores
1753 1603 1927 1646 fugiunt.
1971 1605 2038 1639 Ex

209 1660 316 1698 Allii
345 1660 578 1704 speciebus,
611 1659 708 1694 olim
737 1659 781 1694 in
809 1658 985 1694 officinis
1016 1659 1193 1695 servatis
1222 1668 1262 1696 v.
1293 1659 1400 1694 inter
1423 1658 1580 1695 cibaria
1603 1659 1797 1695 admissis
1822 1663 2037 1702 sequentes

208 1716 497 1753 nominandae:
523 1712 677 1750 Allium
699 1713 811 1760 Cepa
829 1708 1069 1764 (κρόμμυον
1087 1715 1224 1751 Diosc.
1239 1716 1473 1762 Zwiebel),
1495 1734 1542 1740 -—
1563 1711 1971 1760 Allz‘umfistulosum
1988 1717 2035 1753 L.

210 1771 370 1816 (Radix
407 1774 540 1815 Cepae
580 1774 778 1816 oblongae
815 1772 926 1808 Offic.
962 1773 1020 1806 W
1022 1771 1352 1819 interzwiebel),
1388 1789 1446 1796 —-
1480 1767 1637 1806 Allium
1667 1770 1956 1806 ascalonia-um
1985 1774 2032 1809 L.

209 1828 478 1874 (schalom),
490 1848 546 1854 --
556 1824 707 1870 Alliam
723 1825 1063 1873 Ophz‘oscorodon
1073 1826 1560 1875 D011.[Rocambole]‚—-
1576 1824 1729 1862 Allium
1743 1826 1820 1862 Sch
1829 1838 2037 1874 oenoprcc-

210 1895 300 1920 sum
319 1883 667 1931 (Schnittlauch),
693 1902 748 1909 —
772 1881 927 1918 Allium
946 1882 1304 1929 Seorodoprasum
1321 1887 1366 1921 L.
1385 1877 1761 1934 (ὀφιοοκόροδον),
1792 1902 1850 1909 -—
1877 1881 2034 1919 Allium

209 1938 612 1987 sphaerae-ephebum
632 1943 675 1976 L.
702 1936 1079 1992 (οκοροὸόπραοον
1102 1940 1287 1986 D10sc.)‚
1310 1941 1368 1966 —'—
1390 1937 1547 1975 Alliam
1564 1939 1748 1975 Parrum.
1768 1944 1814 1978 L.
1841 1934 2036 1991 (πράσον

208 1998 392 2044 Diosc.],
415 2016 471 2023 ———
494 1995 649 2031 Allium
672 1993 1019 2042 Ampeloprasum
1042 1999 1088 2033 L.
1115 1990 1482 2049 (ἀμπελόπραοόν
1506 1996 1690 2043 Diosc.],
1715 2017 1772 2024 --
1797 1993 1952 2031 Allium
1969 1997 2036 2032 ni·-

208 2065 331 2101 grum
353 2053 399 2090 i..
431 2052 591 2097 [Radix
620 2057 735 2097 Moly
757 2054 920 2089 latifolii
951 2053 1109 2100 offic),
1140 2071 1197 2078 -—
1225 2051 1380 2088 Allium
1405 2051 1521 2099 Molps
1544 2056 1590 2089 L.
1617 2052 1776 2096 (Radix
1798 2057 1913 2097 Moly
1935 2054 2037 2090 lutei

211 2110 369 2155 offic),
392 2129 449 2135 —
471 2107 625 2144 Allium
641 2108 908 2145 Dioscorides
925 2111 1052 2146 Sibth.
1069 2106 1253 2157 (μῶλυ),
1277 2129 1334 2136 —-
1356 2107 1511 2144 Allium
1535 2108 1784 2144 Victoriale's
1801 2112 1847 2146 L.
1874 2108 2035 2153 [Radix

209 2167 449 2204 victorialis
464 2170 609 2211 longae
627 2167 736 2203 Offic.
755 2168 989 2214 Siegwurz3
1012 2167 1518 2215 Allermannsliarnisch),
1539 2186 1588 2192 -—
1606 2162 1763 2202 Allium
1780 2165 1970 2202 ursinum
1987 2169 2035 2203 L.

210 2222 358 2268 [vulgo
376 2223 607 2266 narnis-cn).

351 2277 715 2326 IIyaez'utlmrnm,
748 2276 960 2323 Muscari,
995 2276 1222 2314 Scz'llcerum
1246 2282 1285 2315 et.
1311 2276 1688 2328 Orm‘lleogalormn
1710 2278 1823 2315 bulbi
1846 2279 1975 2316 amari
1998 2282 2037 2316 et

211 2345 349 2382 acres,
381 2337 477 2372 olim
509 2336 614 2372 inter
644 2336 821 2372 remedia
841 2336 1060 2380 purgantia
1081 2340 1120 2372 et
1142 2336 1342 2372 diuretica
1364 2337 1473 2380 apud.
1502 2339 1660 2380 plebem
1683 2335 1844 2384 usitati,
1886 2336 2037 2372 exoleti

210 2402 313 2430 usus
330 2397 438 2429 sunt.

355 2447 601 2483 Camcessiae
619 2446 857 2483 esculentae
871 2448 1005 2485 Lindi.
1026 2446 1172 2493 [vulgo
1187 2449 1393 2492 Quamash
1410 2458 1443 2485 s.
1463 2447 1657 2491 Camass)
1683 2451 1718 2484 et
1738 2445 1893 2482 scillae
1910 2456 2031 2483 escu-

212 2502 355 2539 lentae
385 2507 477 2541 Ker.
519 2505 630 2541 bulbi
660 2508 709 2541 ab
734 2505 950 2541 Americae
978 2506 1155 2541 borealis
1186 2505 1495 2542 autochtonibus
1525 2515 1600 2549 per
1629 2509 1828 2542 aestatem
1859 2505 2034 2553 collecti,

210 2563 355 2606 hyeme
373 2562 617 2597 nutrimento
635 2561 880 2597 inserviunt.

352 2615 704 2652 Anthericearmn
742 2618 900 2654 radices
939 2615 1173 2664 tuberosae,
1219 2627 1312 2654 cum
1348 2620 1477 2655 multa
1506 2617 1758 2662 mucilagine
1786 2626 2030 2664 nauseosae,

212 2674 350 2711 siccae
373 2673 576 2711 acredinis
601 2678 639 2709 et
661 2674 863 2711 amaritiei
886 2678 1095 2722 expertes,
1119 2675 1214 2710 olim
1237 2674 1343 2711 inter
1365 2675 1544 2710 remedia
1560 2674 1760 2710 diuretica
1776 2678 1814 2710 et
1831 2683 2036 2710 emmena-

211 2740 318 2775 goga
346 2734 599 2779 numeratae,
637 2733 835 2774 quaedam
866 2732 1066 2766 adversus
1096 2731 1356 2774 scorpionum
1385 2734 1424 2767 et
1454 2734 1683 2774 serpentum
1713 2740 1939 2766 morsuram
1966 2740 2034 2766 ce-

210 2789 393 2823 lebratae
409 2787 585 2824 fuerunt.
629 2790 694 2823 Ex
716 2787 990 2823 officilialibus
1013 2788 1184 2823 exoletis
1201 2788 1466 2823 nominanda:
1500 2784 1760 2832 Asphoclelns
1776 2795 1972 2822 ramosus
1987 2788 2034 2823 L.

214 2841 426 2887 (Annum,
456 2836 692 2885 ἀσφόδελος
714 2844 851 2880 Diosc.
883 2844 1019 2878 Radix
1034 2844 1260 2886 Asphodeli
1276 2843 1362 2880 albi
1377 2852 1476 2879 vera
1491 2842 1650 2889 offla),
1674 2861 1732 2868 -—
1756 2838 2034 2887 Asphodelme

213 2897 330 2934 lutea
359 2900 576 2935 Reiclienb.
608 2899 769 2943 (Radix
797 2899 1022 2942 Aspliodeli
1051 2900 1151 2934 lutei
1181 2898 1341 2946 Ostia),
1365 2916 1422 2923 —
1452 2895 1726 2932 Anthervfcum
1750 2907 1963 2933 ramosum
1986 2901 2034 2935 L.

213 2949 481 3001 (φαλάγγιον
497 2956 633 2992 Diosc.
652 2958 808 3002 Herba,
831 2955 947 2990 flores
964 2959 1002 2990 et
1018 2956 1176 2991 semina
1191 2955 1411 2999 Plialangii
1429 2954 1576 2991 ramosi
1592 2954 1742 3000 0ffic.],
1758 2972 1812 2978 —
1829 2951 2034 2989 Antheri-

214 3021 305 3045 enm
341 3009 508 3057 Lilz'ago
538 3013 585 3047 L.
623 3010 924 3055 (phalangium
955 3020 1034 3047 non
1065 3020 1268 3047 ramosum
1299 3010 1465 3059 Ostia),
1495 3028 1552 3036 —
1590 3008 1864 3046 Anclcerz'cum
1894 3008 2034 3046 Lilia-

214 3071 349 3102 stram
366 3069 410 3103 L.
429 3067 588 3110 [Radix
602 3067 789 3103 Liliastri
806 3066 941 3111 offic.)
1820 3076 1825 3084 ⁴

358 3121 739 3159 Hemeroeallz‘dum
783 3123 900 3160 flores
947 3121 1114 3167 (Flores
1149 3122 1542 3168 Lilio-Asphodeli]
1581 3122 1676 3160 olim
1714 3123 1820 3160 inter
1854 3123 2035 3161 remedia

214 3181 418 3224 cardiaca.
719 3223 722 3226 ¹

152 3229 155 3237 ’
361 3233 639 3282 Tnlbaghvae,
670 3235 833 3280 generis
856 3235 1048 3279 capensis
1065 3234 1324 3271 Anthericeis
1346 3235 1502 3282 affinis,
1535 3236 1655 3272 radix
1678 3246 1699 3272 e
1715 3235 1826 3273 fibris
1846 3239 2033 3274 tuberoso

215 3291 457 3329 incrassatis
494 3293 687 3342 formata,
734 3302 824 3329 cum
855 3294 963 3329 lacte
1000 3295 1116 3329 cocta
1148 3291 1365 3336 phthisicis
1393 3292 1647 3336 propinatur.
1703 3294 1840 3329 Herba
1874 3293 2034 3331 Allium

215 3350 378 3383 redolet.

352 3406 463 3440 Inter
482 3405 810 3449 Asparagineas,
844 3400 1110 3448 qualitatibus
1133 3414 1213 3440 non
1235 3404 1372 3442 minus
1395 3413 1421 3441 a
1436 3404 1593 3448 reliqua
1610 3404 1888 3442 Liliacearum
1911 3415 2034 3450 grege

215 3459 418 3506 diversas,
450 3470 570 3504 quam
592 3462 913 3509 characteribus,
944 3460 1143 3505 imprimis
1168 3471 1189 3498 e
1212 3460 1481 3506 vegetationis
1505 3461 1662 3498 ratione
1685 3462 1954 3508 pendentibus
1970 3461 2034 3504 di-
