2147 3756
1014 99 1131 149 452

316 277 540 316 TRIBUS
562 276 628 315 II.
673 268 1002 312 DELIMEAE.
1060 264 1357 306 Aamerarmn
1380 263 1701 304 connectivuin
1726 262 1855 314 apice
1880 259 1990 300 dila-

169 340 344 385 tatum,
381 332 526 374 loculi
556 331 772 372 lineares.
802 350 860 358 —-
916 322 1103 378 Species
1134 321 1448 372 americanae‚
1483 330 1659 374 paucae
1691 318 1914 360 asiaticae
1946 322 1992 359 et

175 392 413 434 africanae
446 388 675 444 tropicae.

943 498 976 534 G
994 505 1019 533 E
1037 504 1069 533 Ν
1087 504 1112 533 Ε
1132 505 1160 532 a
1177 504 1226 533 A.

287 595 410 629 4759.
443 589 651 628 Curatella
668 581 790 619 Lina.
1437 571 1616 629 Rhinium
1637 568 1790 628 Sclsrebt

287 651 410 685 4760.
441 648 622 683 Pinzona
644 639 774 676 Mart.
791 642 829 675 et.
847 634 972 674 Zucc.
1437 620 1804 704 {ESrg'÷;J(t)llnl·ffctclforse.

289 707 412 742 4761·
442 693 910 783 l)0}jglci··fi‡glljullflolclnd.
1438 695 1687 754 Walalbomia
1703 717 1850 753 Tlmnb.

503 778 674 826 Sol-amia
688 771 804 823 Ληρἷ,
1440 769 1646 811 Riihlingia
1662 767 1822 802 Devnnst.

499 837 852 901 Mappia'Schrebw
1345 858 1381 900 G
1397 871 1566 900 encra
1596 856 1775 898 dubia·

502 890 625 923 Ollilis
646 886 793 921 helmet.

293 945 415 981 4762.
445 941 719 983 Empedoclea
738 935 798 973 St.
817 932 908 973 Hil.
1233 944 1356 980 4760·
1377 943 1648 983 Trachytena
1665 936 1759 974 DC·

293 1002 417 1036 4763.
449 997 617 1034 ΒέῐΥῃῙῆ
639 993 795 1029 ινθῃθὲι
1443 991 1589 1022 Actaea
1606 988 1722 1022 LONY.

506 1044 690 1078 Hier-onia
705 1042 810 1077 Flor.
827 1041 956 1077 Flum.
1445 1038 1684 1080 Calligonum
1700 1037 1817 1072 Lour.

293 1100 417 1136 4764.
446 1097 606 1133 Delima
621 1092 743 1129 Limz.
1551 1097 1575 1122 >k

294 1157 418 1193 4705.
450 1156 666 1190 Tetracera
685 1148 805 1184 Le‘nn.
1084 1197 1085 1202 1
1235 1160 1357 1196 4767·
1386 1159 1568 1196 Reccma
1585 1156 1692 1202 Moy.
1709 1161 1747 1194 et
1764 1155 1872 1194 sess·

507 1200 674 1242 Tigarea
691 1198 802 1233 Anbl.

324 1302 646 1350 AffinitaS·
706 1307 810 1342 Ordo
833 1301 1131 1348 Magnoliaceis
1162 1305 1272 1338 arcte
1297 1301 1453 1346 affinis,
1486 1302 1677 1343 quomodo
1703 1304 1752 1338 ab
1775 1301 1918 1338 iisdem
1943 1301 2006 1337 di-

186 1369 438 1414 stinguatur,
470 1373 594 1408 supra
619 1362 810 1399 diximus.
867 1361 985 1396 Illinc
1010 1361 1060 1395 ad
1077 1361 1420 1395 Ranunculaceas
1444 1358 1618 1404 accedit,
1650 1367 1676 1393 a
1699 1360 1845 1401 quibus
1868 1359 2007 1395 habitu

190 1423 491 1467 diversissimo,
523 1423 666 1463 calyce
698 1423 737 1454 et.
761 1416 1004 1454 staminibus
1029 1416 1362 1459 persistentibus,
1394 1415 1459 1450 liis
1483 1415 1650 1457 saepius
1675 1416 2006 1462 unilateralibus,

189 1493 264 1520 nec
282 1483 437 1524 integro
454 1481 548 1514 orbe
565 1475 747 1520 germina
763 1473 1054 1520 ambientibus,
1088 1471 1292 1508 constanti
1308 1470 1421 1507 arilli
1436 1471 1693 1520 praesentia,
1719 1473 1890 1516 denique
1908 1483 2007 1516 qua-

192 1541 308 1577 litate
323 1546 432 1574 mere
448 1534 746 1579 adstringente,
778 1531 921 1566 differt.
945 1535 949 1537 “

337 1610 765 1670 Geographia.
821 1613 1103 1651 Dilleniaceae
1133 1623 1272 1650 omnes
1303 1616 1416 1650 trans
1444 1616 1702 1656 aequatorem
1731 1613 1935 1662 habitant,
1967 1613 2011 1650 in

191 1679 299 1719 Asia
322 1683 361 1715 et,
383 1676 576 1715 America
599 1674 753 1717 tropica
775 1672 866 1716 pari
887 1682 982 1708 vere
1005 1680 1171 1707 numero
1195 1670 1358 1717 obviae,
1391 1670 1434 1705 in
1457 1670 1602 1706 Africa
1625 1670 1935 1717 aequinoctiali,
1967 1675 2011 1707 ut

191 1738 374 1781 videtur,
406 1742 536 1769 rarae.
596 1730 802 1767 Maximus
826 1732 889 1764 est
911 1728 1135 1771 specierum
1154 1727 1195 1762 in
1212 1729 1327 1763 Nova
1342 1727 1565 1764 Hollandia
1580 1727 1855 1773 extratropica
1870 1737 2012 1764 nume-

193 1803 278 1831 rus.
336 1794 370 1829 E
388 1790 529 1833 Capite
544 1790 675 1824 bonae
691 1786 781 1830 spei
796 1789 834 1822 et
849 1785 1041 1821 America
1056 1784 1281 1821 antarctica
1297 1787 1478 1820 exulant.

335 1866 698 1922 &ualitates
729 1873 767 1907 et
794 1875 964 1909 usus.
1021 1869 1162 1905 Virtus
1186 1869 1370 1905 omnibus
1387 1869 1646 1914 adstringens
1663 1872 1744 1916 est,
1776 1880 1799 1905 e
1816 1878 1896 1912 qua
1911 1879 2012 1904 non-

196 1936 403 1973 nullarum
425 1940 526 1967 usus
548 1929 731 1966 medicus
755 1927 961 1971 repetitur.
1020 1926 1304 1962 Paucissimae
1320 1925 1519 1962 fructibus
1536 1927 1710 1963 acidulis
1728 1927 2014 1962 commendan-

195 1996 281 2041 tur,
312 1989 512 2034 quaedam
528 1985 716 2022 remediis
734 1983 1209 2020 tonico-stimulantibus
1227 1984 1556 2019 adnumerantur.

338 2056 518 2094 Davilla
534 2064 691 2102 rugosa
714 2055 824 2092 Poir.
847 2051 970 2097 [Cipo
988 2055 1035 2089 de
1053 2050 1210 2098 Carijo,
1234 2050 1332 2095 Cipo
1350 2055 1396 2088 de
1412 2053 1610 2101 Canon-10,
1635 2051 1953 2106 (Jambaibinha)
1977 2055 2016 2089 et,

205 2117 441 2153 Tetracera
465 2111 714 2159 Breym‘cma
738 2114 940 2164 sclnecm.
963 2110 1007 2145 in
1030 2110 1212 2145 Brasilia
1236 2111 1285 2145 ad
1309 2111 1636 2152 praeparandum
1661 2113 1916 2153 cataplasma
1941 2110 2015 2145 ad-

198 2176 408 2219 hibentur,
440 2180 516 2215 quo
547 2168 744 2206 oedemati
774 2169 920 2211 pedum
951 2169 989 2201 et
1020 2165 1165 2202 tumori
1195 2165 1494 2208 testiculorum,
1526 2166 1569 2201 in
1600 2166 1764 2210 regione
1795 2169 1952 2202 calente
1978 2170 2013 2201 et

199 2231 366 2269 humida
381 2226 608 2272 endemicO,
639 2225 861 2261 medentur.
920 2220 1125 2256 Dam'llcte
1141 2219 1353 2266 elli-pefecte
1378 2224 1433 2258 St.
1452 2223 1533 2258 ΗΠ.
1553 2221 1896 2271 (ςηῐηὴξιίὺίηἰιει)
1914 2222 2017 2258 folia

201 2286 389 2325 remediis
404 2281 653 2321 vulnerariis
669 2282 949 2317 adnumerant.
991 2276 1238 2313 Curatellae
1260 2275 1512 2326 Ctmzbaibae
1527 2280 1585 2315 St.
1601 2280 1683 2316 ΗΠ.
1701 2280 1860 2315 decocto
1877 2275 2017 2315 ulcera

199 2348 356 2382 lavant.

349 2410 585 2446 Tetracera
621 2406 806 2455 Tv'garea
834 2407 915 2444 DC.
947 2405 1099 2449 (Liane
1122 2404 1270 2451 rouge]
1301 2406 1343 2442 in
1368 2405 1529 2443 Guiana
1559 2409 1598 2443 et
1619 2406 1790 2443 Antillis
1819 2405 2017 2443 nascitur.

201 2474 428 2509 Decoctum,
440 2470 605 2512 plantae
621 2469 785 2501 rubrum
801 2468 884 2511 est,
914 2465 1064 2500 virtute
1080 2463 1399 2506 diaphoreticuin
1416 2467 1451 2499 et
1470 2464 1729 2510 diureticum,
1763 2472 1787 2499 a
1803 2462 1958 2499 colonis
1977 2462 2019 2497 in

202 2527 353 2567 morbis
371 2524 556 2561 venereis
572 2524 793 2558 laudatum.
841 2523 985 2557 Semen
1001 2531 1022 2556 e
1038 2521 1132 2557 vino
1149 2523 1285 2564 potum
1300 2519 1482 2557 febribus
1497 2520 1874 2568 intermittentibus,
1908 2521 2019 2555 chlo-

204 2584 289 2622 rosi
305 2588 344 2620 et
360 2584 545 2619 scorbuto
560 2579 711 2616 mederi
726 2579 914 2614 creditur.
1523 2576 1531 2583 ‘
1620 2576 1622 2578 ·

345 2650 560 2687 Dz'llem‘ae
577 2652 774 2685 serratcae
790 2650 968 2696 Thunb.,
1003 2645 1244 2682 Oolbertme
1258 2646 1339 2682 DC.
1357 2651 1396 2683 et
1413 2645 1627 2693 Capellfae
1641 2649 1773 2684 Blum.
1791 2646 1961 2683 cortices
1976 2645 2018 2681 in

207 2711 312 2750 Asia
327 2710 482 2752 tropica
499 2709 696 2743 adversus
712 2708 885 2748 aplitlias
899 2709 1159 2748 usurpantur.
1203 2702 1393 2738 Dz’llem'a
1411 2703 1601 2749 speciosa
1618 2706 1773 2740 Tliunb.
1790 2714 1860 2747 per
1873 2702 2018 2738 Asiam

209 2767 400 2810 tropicam
422 2769 505 2801 late
522 2764 709 2806 dispersa
725 2762 893 2798 habitat.
952 2763 1143 2798 Fructum
1158 2761 1429 2804 pomisormem
1448 2758 1659 2807 (Syalz’ta,
1694 2757 1849 2794 Frm'ta
1865 2755 2017 2793 Estre—

208 2822 328 2867 lada)
356 2825 404 2858 ob
425 2821 591 2857 nimiam
613 2819 845 2855 aciditatem
868 2818 911 2854 in
935 2818 1094 2854 deliciis
1120 2819 1192 2854 vix
1215 2817 1391 2864 comedi,
1422 2818 1560 2859 sedin
1584 2817 1749 2863 eduliis,
1781 2815 2018 2859 praesertim

208 2876 681 2925 indigenarumjusculis
698 2875 909 2922 usurpari,
941 2874 1146 2911 Rheedius
1163 2878 1302 2910 auctor
1318 2877 1392 2910 est.
1449 2875 1513 2908 Ex
1530 2873 1686 2909 arboris
1703 2872 1812 2908 foliis
1829 2871 2018 2907 lixivium

207 2937 294 2975 fieri
325 2935 525 2979 perhibet,
563 2932 800 2975 capillorum
830 2931 1117 2976 unctuositati,
1157 2940 1206 2966 ac
1237 2929 1384 2972 capitis
1414 2930 1599 2965 sordibus
1630 2928 1913 2976 absumendis,
1945 2937 2019 2963 nec

208 3003 290 3031 non
311 2995 476 3035 argento
494 2988 772 3034 decoquendo,
804 2989 984 3029 adeoque
1000 2988 1231 3029 depurando
1248 2987 1519 3022 accomodum.
1576 2988 1608 3022 E
1628 2986 1830 3023 fructibus
1847 2985 2020 3021 tenerio-

209 3050 324 3087 ribus
347 3055 568 3090 expressus
591 3052 739 3081 succus
762 3053 852 3078 cum
875 3045 1069 3079 saccharo
1092 3043 1285 3078 miscetur
1307 3051 1354 3078 ac
1371 3052 1549 3085 syropus
1565 3042 1790 3089 conficitur,
1823 3041 1891 3085 qui
1908 3043 2021 3084 phle-

211 3110 348 3151 gmata
376 3105 598 3148 expellere,
629 3100 773 3135 tussim
803 3100 967 3144 sedare,
998 3107 1073 3134 nec
1102 3108 1181 3133 non
1206 3098 1385 3135 faucium
1407 3098 1763 3135 inflammationem
1786 3102 1824 3134 et
1847 3100 2020 3142 aphthas

211 3165 352 3199 tollere
383 3159 571 3196 creditur.
628 3157 803 3192 Fructus
827 3155 1068 3191 maturiores
1090 3157 1228 3191 laxam
1249 3156 1416 3190 reddunt
1440 3158 1578 3190 alvum
1603 3159 1641 3191 et
1665 3156 1918 3192 diarrhoeam
1940 3163 2019 3189 non

213 3228 304 3255 raro
327 3217 517 3253 excitant.
575 3213 759 3255 Denique
784 3212 940 3248 arboris
964 3216 1101 3247 cortex
1125 3221 1215 3247 cuin
1238 3221 1388 3253 oryzae
1408 3212 1543 3249 infuso
1562 3210 1688 3257 (quod
1708 3210 1908 3248 Malabari
1922 3206 2020 3244 Am-

213 3270 472 3318 batacansja
488 3268 747 3314 nuncupant)
765 3270 883 3305 tritus
899 3269 1084 3312 partique
1100 3269 1266 3304 affectae
1282 3268 1412 3304 illitus
1429 3269 1630 3304 arthritidi
1646 3270 1839 3305 medetur.

353 3344 479 3392 Istius
502 3341 622 3378 etiam
647 3341 900 3383 aliarumque
921 3338 1148 3382 specierum
1171 3343 1310 3374 cortex
1331 3338 1374 3375 in
1397 3339 1657 3375 coriariorum
1679 3348 1757 3375 usu
1772 3341 1847 3375 est.
1903 3336 2023 3372 Folia

216 3400 501 3446 complurium,
535 3397 731 3442 imprimis
748 3406 769 3434 e
784 3396 1057 3434 Delimearum
1073 3395 1202 3445 tribu,
1234 3403 1401 3444 aspera,
1433 3395 1634 3440 poliendis
1648 3394 1775 3441 lignis
1792 3401 1831 3432 et
1843 3392 2022 3433 metallis

219 3457 456 3493 inserviunt.
