<?xml version="1.0" encoding="UTF-8"?>
<!DOCTYPE html PUBLIC "-//W3C//DTD XHTML 1.0 Transitional//EN"
    "http://www.w3.org/TR/xhtml1/DTD/xhtml1-transitional.dtd">
<html xmlns="http://www.w3.org/1999/xhtml" xml:lang="en" lang="en">
 <head>
  <title>
</title>
<meta http-equiv="Content-Type" content="text/html;charset=utf-8" />
  <meta name='ocr-system' content='tesseract 3.04.00' />
  <meta name='ocr-capabilities' content='ocr_page ocr_carea ocr_par ocr_line ocrx_word'/>
</head>
<body>
  <div class='ocr_page' id='page_1' title='image "./enchiridionbotan00endl/enchiridionbotan00endl_0124.png"; bbox 0 0 2147 3756; ppageno 0'>
   <div class='ocr_carea' id='block_1_1' title="bbox 1077 115 1188 166">
    <p class='ocr_par' dir='ltr' id='par_1_1' title="bbox 1077 115 1188 166">
     <span class='ocr_line' id='line_1_1' title="bbox 1077 115 1188 166; baseline 0.018 -2"><span class='ocrx_word' id='word_1_1' title='bbox 1077 115 1188 166; x_wconf 78' lang='grc'><strong>106</strong></span> 
     </span>
    </p>
   </div>
   <div class='ocr_carea' id='block_1_2' title="bbox 223 282 2046 1176">
    <p class='ocr_par' dir='ltr' id='par_1_2' title="bbox 223 282 2046 1176">
     <span class='ocr_line' id='line_1_2' title="bbox 227 282 2037 348; baseline -0.001 -16"><span class='ocrx_word' id='word_1_2' title='bbox 227 284 462 342; x_wconf 81' lang='lat' dir='ltr'>zontales,</span> <span class='ocrx_word' id='word_1_3' title='bbox 496 300 538 331; x_wconf 89' lang='lat' dir='ltr'>v.</span> <span class='ocrx_word' id='word_1_4' title='bbox 572 282 941 341; x_wconf 76' lang='lat' dir='ltr'><strong>adscendentes,</strong></span> <span class='ocrx_word' id='word_1_5' title='bbox 974 300 1093 331; x_wconf 86' lang='lat' dir='ltr'>nunc</span> <span class='ocrx_word' id='word_1_6' title='bbox 1127 283 1371 341; x_wconf 79' lang='lat' dir='ltr'>definitae,</span> <span class='ocrx_word' id='word_1_7' title='bbox 1404 285 1450 330; x_wconf 91' lang='lat' dir='ltr'>in</span> <span class='ocrx_word' id='word_1_8' title='bbox 1483 283 1869 348; x_wconf 85' lang='lat' dir='ltr'>trophospermiis</span> <span class='ocrx_word' id='word_1_9' title='bbox 1902 285 2037 332; x_wconf 88' lang='lat' dir='ltr'>imum</span> 
     </span>
     <span class='ocr_line' id='line_1_3' title="bbox 226 354 2044 418; baseline 0.001 -17"><span class='ocrx_word' id='word_1_10' title='bbox 226 371 270 401; x_wconf 86' lang='lat' dir='ltr'>v.</span> <span class='ocrx_word' id='word_1_11' title='bbox 318 370 538 401; x_wconf 88' lang='lat' dir='ltr'>summum</span> <span class='ocrx_word' id='word_1_12' title='bbox 585 355 787 400; x_wconf 84' lang='lat' dir='ltr'>loculum</span> <span class='ocrx_word' id='word_1_13' title='bbox 835 355 1172 417; x_wconf 79' lang='lat' dir='ltr'>occupantibus</span> <span class='ocrx_word' id='word_1_14' title='bbox 1220 363 1413 400; x_wconf 79' lang='lat' dir='ltr'><strong>erectae</strong></span> <span class='ocrx_word' id='word_1_15' title='bbox 1460 371 1502 401; x_wconf 89' lang='lat' dir='ltr'>v.</span> <span class='ocrx_word' id='word_1_16' title='bbox 1550 354 1803 417; x_wconf 79' lang='lat' dir='ltr'>pendulae,</span> <span class='ocrx_word' id='word_1_17' title='bbox 1860 371 2044 418; x_wconf 90' lang='lat' dir='ltr'>semper</span> 
     </span>
     <span class='ocr_line' id='line_1_4' title="bbox 227 423 2042 488; baseline 0.001 -17"><span class='ocrx_word' id='word_1_18' title='bbox 227 433 501 487; x_wconf 73' lang='lat' dir='ltr'>anati-opae.</span> <span class='ocrx_word' id='word_1_19' title='bbox 577 426 740 487; x_wconf 76' lang='lat' dir='ltr'>Stylzts</span> <span class='ocrx_word' id='word_1_20' title='bbox 771 426 987 486; x_wconf 73' lang='lat' dir='ltr'>simplex,</span> <span class='ocrx_word' id='word_1_21' title='bbox 1030 426 1265 486; x_wconf 74' lang='lat' dir='ltr'>trigonus,</span> <span class='ocrx_word' id='word_1_22' title='bbox 1303 423 1535 471; x_wconf 87' lang='lat' dir='ltr'>interdum</span> <span class='ocrx_word' id='word_1_23' title='bbox 1566 426 1882 487; x_wconf 76' lang='lat' dir='ltr'>tripartibili33</span> <span class='ocrx_word' id='word_1_24' title='bbox 1921 428 2042 488; x_wconf 78' lang='lat' dir='ltr'>ste&#39;g-</span> 
     </span>
     <span class='ocr_line' id='line_1_5' title="bbox 226 494 2044 557; baseline -0.001 -14"><span class='ocrx_word' id='word_1_25' title='bbox 226 495 432 542; x_wconf 66' lang='lat' dir='ltr'>mutibus</span> <span class='ocrx_word' id='word_1_26' title='bbox 462 495 631 552; x_wconf 86' lang='lat' dir='ltr'>tribus,</span> <span class='ocrx_word' id='word_1_27' title='bbox 672 494 957 557; x_wconf 81' lang='lat' dir='ltr'>simplicibus</span> <span class='ocrx_word' id='word_1_28' title='bbox 988 511 1030 541; x_wconf 83' lang='lat' dir='ltr'>v.</span> <span class='ocrx_word' id='word_1_29' title='bbox 1064 496 1301 541; x_wconf 85' lang='lat' dir='ltr'>rarissime</span> <span class='ocrx_word' id='word_1_30' title='bbox 1344 494 1522 552; x_wconf 80' lang='lat' dir='ltr'>bifidis,</span> <span class='ocrx_word' id='word_1_31' title='bbox 1561 495 1791 542; x_wconf 87' lang='lat' dir='ltr'>interdum</span> <span class='ocrx_word' id='word_1_32' title='bbox 1834 497 2044 542; x_wconf 80' lang='lat' dir='ltr'>carnosis</span> 
     </span>
     <span class='ocr_line' id='line_1_6' title="bbox 225 564 2044 628; baseline -0.001 -15"><span class='ocrx_word' id='word_1_33' title='bbox 225 583 268 613; x_wconf 86' lang='lat' dir='ltr'>v.</span> <span class='ocrx_word' id='word_1_34' title='bbox 302 564 839 628; x_wconf 78' lang='lat' dir='ltr'>petaloideo-dilatntis,</span> <span class='ocrx_word' id='word_1_35' title='bbox 875 565 1017 610; x_wconf 87' lang='lat' dir='ltr'>rectis</span> <span class='ocrx_word' id='word_1_36' title='bbox 1048 581 1090 611; x_wconf 85' lang='lat' dir='ltr'>v.</span> <span class='ocrx_word' id='word_1_37' title='bbox 1124 566 1332 627; x_wconf 83' lang='lat' dir='ltr'>spiratim</span> <span class='ocrx_word' id='word_1_38' title='bbox 1367 565 1613 611; x_wconf 86' lang='lat' dir='ltr'>contortis.</span> <span class='ocrx_word' id='word_1_39' title='bbox 1673 567 1879 612; x_wconf 71' lang='lat' dir='ltr'>Fructus</span> <span class='ocrx_word' id='word_1_40' title='bbox 1910 566 2044 612; x_wconf 83' lang='lat' dir='ltr'>trilo-</span> 
     </span>
     <span class='ocr_line' id='line_1_7' title="bbox 228 635 2041 698; baseline -0.001 -15"><span class='ocrx_word' id='word_1_41' title='bbox 228 636 421 692; x_wconf 82' lang='lat' dir='ltr'>cularis,</span> <span class='ocrx_word' id='word_1_42' title='bbox 455 636 682 683; x_wconf 81' lang='lat' dir='ltr'>baccatus</span> <span class='ocrx_word' id='word_1_43' title='bbox 700 652 742 682; x_wconf 79' lang='lat' dir='ltr'>v.</span> <span class='ocrx_word' id='word_1_44' title='bbox 771 636 955 698; x_wconf 81' lang='lat' dir='ltr'>saepius</span> <span class='ocrx_word' id='word_1_45' title='bbox 982 636 1260 698; x_wconf 65' lang='lat' dir='ltr'>capsuknris,</span> <span class='ocrx_word' id='word_1_46' title='bbox 1293 635 1524 698; x_wconf 86' lang='lat' dir='ltr'>septicide</span> <span class='ocrx_word' id='word_1_47' title='bbox 1550 651 1591 683; x_wconf 84' lang='lat' dir='ltr'>v.</span> <span class='ocrx_word' id='word_1_48' title='bbox 1614 637 1764 682; x_wconf 86' lang='lat' dir='ltr'>rarius</span> <span class='ocrx_word' id='word_1_49' title='bbox 1791 635 2041 682; x_wconf 85' lang='lat' dir='ltr'>loculicide</span> 
     </span>
     <span class='ocr_line' id='line_1_8' title="bbox 226 705 2046 769; baseline 0.001 -17"><span class='ocrx_word' id='word_1_50' title='bbox 226 707 458 763; x_wconf 76' lang='lat' dir='ltr'>trivalviS,</span> <span class='ocrx_word' id='word_1_51' title='bbox 490 707 635 752; x_wconf 84' lang='lat' dir='ltr'>valvis</span> <span class='ocrx_word' id='word_1_52' title='bbox 667 706 853 768; x_wconf 84' lang='lat' dir='ltr'>saepius</span> <span class='ocrx_word' id='word_1_53' title='bbox 887 705 1173 769; x_wconf 83' lang='lat' dir='ltr'>endocarpio</span> <span class='ocrx_word' id='word_1_54' title='bbox 1206 707 1359 752; x_wconf 88' lang='lat' dir='ltr'>soluto</span> <span class='ocrx_word' id='word_1_55' title='bbox 1394 705 1657 768; x_wconf 74' lang='lat' dir='ltr'>duplicatis.</span> <span class='ocrx_word' id='word_1_56' title='bbox 1719 707 1914 753; x_wconf 76' lang='lat' dir='ltr'>Semina</span> <span class='ocrx_word' id='word_1_57' title='bbox 1944 707 2046 769; x_wconf 88' lang='lat' dir='ltr'>plu-</span> 
     </span>
     <span class='ocr_line' id='line_1_9' title="bbox 226 776 2043 839; baseline 0 -16"><span class='ocrx_word' id='word_1_58' title='bbox 226 777 342 824; x_wconf 84' lang='lat' dir='ltr'>rima</span> <span class='ocrx_word' id='word_1_59' title='bbox 380 785 458 823; x_wconf 86' lang='lat' dir='ltr'>aut</span> <span class='ocrx_word' id='word_1_60' title='bbox 496 777 645 822; x_wconf 80' lang='lat' dir='ltr'>rarius</span> <span class='ocrx_word' id='word_1_61' title='bbox 685 792 853 838; x_wconf 77' lang='lat' dir='ltr'>pauca,</span> <span class='ocrx_word' id='word_1_62' title='bbox 902 776 1106 839; x_wconf 83' lang='lat' dir='ltr'>oblonga</span> <span class='ocrx_word' id='word_1_63' title='bbox 1144 793 1188 824; x_wconf 89' lang='lat' dir='ltr'>v.</span> <span class='ocrx_word' id='word_1_64' title='bbox 1228 786 1386 834; x_wconf 78' lang='lat' dir='ltr'>ovata,</span> <span class='ocrx_word' id='word_1_65' title='bbox 1433 778 1753 839; x_wconf 81' lang='lat' dir='ltr'>integumento</span> <span class='ocrx_word' id='word_1_66' title='bbox 1802 777 2043 834; x_wconf 82' lang='lat' dir='ltr'>coriaceO,</span> 
     </span>
     <span class='ocr_line' id='line_1_10' title="bbox 225 840 2043 910; baseline 0 -17"><span class='ocrx_word' id='word_1_67' title='bbox 225 846 285 893; x_wconf 86' lang='lat' dir='ltr'>ad</span> <span class='ocrx_word' id='word_1_68' title='bbox 331 847 567 893; x_wconf 81' lang='lat' dir='ltr'>chalazam</span> <span class='ocrx_word' id='word_1_69' title='bbox 613 846 839 908; x_wconf 81' lang='lat' dir='ltr'>apicalenl</span> <span class='ocrx_word' id='word_1_70' title='bbox 887 848 1160 909; x_wconf 78' lang='lat' dir='ltr'>saepissime</span> <span class='ocrx_word' id='word_1_71' title='bbox 1208 840 1437 910; x_wconf 82' lang='lat' dir='ltr'>abruptim</span> <span class='ocrx_word' id='word_1_72' title='bbox 1483 847 1772 905; x_wconf 85' lang='lat' dir='ltr'>acuminato,</span> <span class='ocrx_word' id='word_1_73' title='bbox 1836 847 2043 893; x_wconf 84' lang='lat' dir='ltr'>funiculo</span> 
     </span>
     <span class='ocr_line' id='line_1_11' title="bbox 224 916 2044 980; baseline 0.001 -18"><span class='ocrx_word' id='word_1_74' title='bbox 224 918 326 980; x_wconf 87' lang='lat' dir='ltr'>plus</span> <span class='ocrx_word' id='word_1_75' title='bbox 365 917 512 962; x_wconf 89' lang='lat' dir='ltr'>minus</span> <span class='ocrx_word' id='word_1_76' title='bbox 559 916 726 979; x_wconf 86' lang='lat' dir='ltr'>longo,</span> <span class='ocrx_word' id='word_1_77' title='bbox 782 917 917 979; x_wconf 83' lang='lat' dir='ltr'>apice</span> <span class='ocrx_word' id='word_1_78' title='bbox 964 917 1197 963; x_wconf 88' lang='lat' dir='ltr'>interdum</span> <span class='ocrx_word' id='word_1_79' title='bbox 1244 919 1288 964; x_wconf 90' lang='lat' dir='ltr'>in</span> <span class='ocrx_word' id='word_1_80' title='bbox 1336 934 1516 964; x_wconf 85' lang='lat' dir='ltr'>comam</span> <span class='ocrx_word' id='word_1_81' title='bbox 1562 917 1729 964; x_wconf 87' lang='lat' dir='ltr'>semini</span> <span class='ocrx_word' id='word_1_82' title='bbox 1774 917 2044 980; x_wconf 83' lang='lat' dir='ltr'>paralleiam</span> 
     </span>
     <span class='ocr_line' id='line_1_12' title="bbox 223 987 2043 1051; baseline 0.001 -17"><span class='ocrx_word' id='word_1_83' title='bbox 223 988 489 1035; x_wconf 76' lang='lat' dir='ltr'>fatiscente.</span> <span class='ocrx_word' id='word_1_84' title='bbox 546 987 774 1049; x_wconf 68' lang='lat' dir='ltr'>&#39;Embryo</span> <span class='ocrx_word' id='word_1_85' title='bbox 813 988 859 1032; x_wconf 89' lang='lat' dir='ltr'>in</span> <span class='ocrx_word' id='word_1_86' title='bbox 889 987 990 1034; x_wconf 84' lang='lat' dir='ltr'>basi</span> <span class='ocrx_word' id='word_1_87' title='bbox 1023 988 1267 1034; x_wconf 82' lang='lat' dir='ltr'>alhuminis</span> <span class='ocrx_word' id='word_1_88' title='bbox 1300 989 1530 1035; x_wconf 78' lang='lat' dir='ltr'>farinacei</span> <span class='ocrx_word' id='word_1_89' title='bbox 1560 1003 1754 1051; x_wconf 82' lang='lat' dir='ltr'>parvus,</span> <span class='ocrx_word' id='word_1_90' title='bbox 1803 997 1962 1035; x_wconf 87' lang='lat' dir='ltr'>rectus</span> <span class='ocrx_word' id='word_1_91' title='bbox 2000 1004 2043 1035; x_wconf 87' lang='lat' dir='ltr'>v.</span> 
     </span>
     <span class='ocr_line' id='line_1_13' title="bbox 223 1057 2043 1123; baseline 0.001 -19"><span class='ocrx_word' id='word_1_92' title='bbox 223 1058 492 1116; x_wconf 84' lang='lat' dir='ltr'>uncinatus,</span> <span class='ocrx_word' id='word_1_93' title='bbox 533 1059 833 1106; x_wconf 83' lang='lat' dir='ltr'>extremitate</span> <span class='ocrx_word' id='word_1_94' title='bbox 865 1057 1119 1106; x_wconf 82' lang='lat' dir='ltr'>radiculari</span> <span class='ocrx_word' id='word_1_95' title='bbox 1150 1059 1245 1105; x_wconf 93' lang='lat' dir='ltr'>hilo</span> <span class='ocrx_word' id='word_1_96' title='bbox 1278 1060 1511 1122; x_wconf 83' lang='lat' dir='ltr'>proxima,</span> <span class='ocrx_word' id='word_1_97' title='bbox 1552 1058 1838 1122; x_wconf 83' lang='lat' dir='ltr'>centripeta,</span> <span class='ocrx_word' id='word_1_98' title='bbox 1871 1074 2043 1123; x_wconf 82' lang='lat' dir='ltr'>supera</span> 
     </span>
     <span class='ocr_line' id='line_1_14' title="bbox 235 1129 918 1176; baseline 0.004 -1"><span class='ocrx_word' id='word_1_99' title='bbox 235 1146 278 1176; x_wconf 87' lang='lat' dir='ltr'>v.</span> <span class='ocrx_word' id='word_1_100' title='bbox 310 1129 479 1176; x_wconf 84' lang='lat' dir='ltr'>infera.</span> <span class='ocrx_word' id='word_1_101' title='bbox 915 1148 918 1149; x_wconf 46' lang='lat'><em>⁷</em></span> 
     </span>
    </p>
   </div>
   <div class='ocr_carea' id='block_1_3' title="bbox 307 1248 1787 1377">
    <p class='ocr_par' dir='ltr' id='par_1_3' title="bbox 307 1248 1787 1377">
     <span class='ocr_line' id='line_1_15' title="bbox 996 1248 1281 1284; baseline 0.004 -1"><span class='ocrx_word' id='word_1_102' title='bbox 996 1248 1029 1283; x_wconf 82' lang='lat' dir='ltr'>G</span> <span class='ocrx_word' id='word_1_103' title='bbox 1047 1255 1071 1282; x_wconf 82' lang='grc' dir='ltr'>Ε</span> <span class='ocrx_word' id='word_1_104' title='bbox 1093 1256 1119 1283; x_wconf 84' lang='lat' dir='ltr'>N</span> <span class='ocrx_word' id='word_1_105' title='bbox 1141 1256 1165 1283; x_wconf 80' lang='lat' dir='ltr'>E</span> <span class='ocrx_word' id='word_1_106' title='bbox 1186 1256 1214 1282; x_wconf 77' lang='lat' dir='ltr'>r.</span> <span class='ocrx_word' id='word_1_107' title='bbox 1233 1256 1281 1284; x_wconf 88' lang='lat' dir='ltr'>A.</span> 
     </span>
     <span class='ocr_line' id='line_1_16' title="bbox 307 1327 1787 1377; baseline 0 -11"><span class='ocrx_word' id='word_1_108' title='bbox 307 1330 429 1368; x_wconf 81' lang='grc'><strong>1299.</strong></span> <span class='ocrx_word' id='word_1_109' title='bbox 459 1331 684 1377; x_wconf 64' lang='lat' dir='ltr'>:manassei</span> <span class='ocrx_word' id='word_1_110' title='bbox 698 1327 836 1364; x_wconf 73' lang='lat' dir='ltr'>Lz‘ndl-</span> <span class='ocrx_word' id='word_1_111' title='bbox 1249 1331 1371 1367; x_wconf 88' lang='grc'>1307.</span> <span class='ocrx_word' id='word_1_112' title='bbox 1405 1330 1636 1375; x_wconf 83' lang='lat' dir='ltr'>Caraguata</span> <span class='ocrx_word' id='word_1_113' title='bbox 1652 1327 1787 1366; x_wconf 78' lang='lat' dir='ltr'>Plum.</span> 
     </span>
    </p>
   </div>
   <div class='ocr_carea' id='block_1_4' title="bbox 306 1378 1961 1542">
    <p class='ocr_par' dir='ltr' id='par_1_4' title="bbox 306 1378 1961 1542">
     <span class='ocr_line' id='line_1_17' title="bbox 543 1378 1787 1420; baseline 0.001 -8"><span class='ocrx_word' id='word_1_114' title='bbox 543 1379 696 1412; x_wconf 83' lang='lat' dir='ltr'>Ananas</span> <span class='ocrx_word' id='word_1_115' title='bbox 718 1378 906 1420; x_wconf 71' lang='lat' dir='ltr'>Tournef.</span> <span class='ocrx_word' id='word_1_116' title='bbox 1484 1379 1665 1413; x_wconf 85' lang='lat' dir='ltr'>Devillea</span> <span class='ocrx_word' id='word_1_117' title='bbox 1680 1379 1787 1413; x_wconf 75' lang='lat' dir='ltr'>Bert.</span> 
     </span>
     <span class='ocr_line' id='line_1_18' title="bbox 306 1427 1961 1473; baseline 0.004 -9"><span class='ocrx_word' id='word_1_118' title='bbox 306 1429 428 1466; x_wconf 83' lang='lat'>1300.</span> <span class='ocrx_word' id='word_1_119' title='bbox 459 1432 574 1466; x_wconf 87' lang='lat' dir='ltr'>Brom</span> <span class='ocrx_word' id='word_1_120' title='bbox 583 1430 664 1465; x_wconf 86' lang='lat' dir='ltr'>elia</span> <span class='ocrx_word' id='word_1_121' title='bbox 679 1427 801 1464; x_wconf 65' lang='lat' dir='ltr'>Lina.</span> <span class='ocrx_word' id='word_1_122' title='bbox 1248 1435 1370 1473; x_wconf 87' lang='grc'><strong>1308.</strong></span> <span class='ocrx_word' id='word_1_123' title='bbox 1403 1437 1662 1472; x_wconf 84' lang='lat' dir='ltr'>Guzmannia</span> <span class='ocrx_word' id='word_1_124' title='bbox 1678 1434 1788 1471; x_wconf 61' lang='lat' dir='ltr'><strong><em>Rue‘z</em></strong></span> <span class='ocrx_word' id='word_1_125' title='bbox 1805 1439 1840 1472; x_wconf 89' lang='lat' dir='ltr'>et</span> <span class='ocrx_word' id='word_1_126' title='bbox 1860 1433 1961 1471; x_wconf 81' lang='lat' dir='ltr'>Pcw.</span> 
     </span>
     <span class='ocr_line' id='line_1_19' title="bbox 545 1478 1961 1542; baseline 0.001 -9"><span class='ocrx_word' id='word_1_127' title='bbox 545 1479 709 1511; x_wconf 66' lang='lat' dir='ltr'>Kal-atas</span> <span class='ocrx_word' id='word_1_128' title='bbox 727 1478 855 1511; x_wconf 53' lang='lat' dir='ltr'><em>Flam·</em></span> <span class='ocrx_word' id='word_1_129' title='bbox 1249 1499 1372 1535; x_wconf 80' lang='lat'><strong>1309.</strong></span> <span class='ocrx_word' id='word_1_130' title='bbox 1402 1501 1661 1542; x_wconf 84' lang='lat' dir='ltr'>Bonapartea</span> <span class='ocrx_word' id='word_1_131' title='bbox 1677 1497 1787 1533; x_wconf 70' lang='lat' dir='ltr'>Rm&#39;z</span> <span class='ocrx_word' id='word_1_132' title='bbox 1804 1502 1840 1534; x_wconf 89' lang='lat' dir='ltr'>et</span> <span class='ocrx_word' id='word_1_133' title='bbox 1858 1497 1961 1534; x_wconf 77' lang='grc' dir='ltr'><em>Ραυ.</em></span> 
     </span>
    </p>
   </div>
   <div class='ocr_carea' id='block_1_5' title="bbox 543 1526 876 1560">
    <p class='ocr_par' dir='ltr' id='par_1_5' title="bbox 543 1526 876 1560">
     <span class='ocr_line' id='line_1_20' title="bbox 543 1526 876 1560; baseline 0 -1"><span class='ocrx_word' id='word_1_134' title='bbox 543 1527 696 1560; x_wconf 78' lang='lat' dir='ltr'>Auanas</span> <span class='ocrx_word' id='word_1_135' title='bbox 718 1526 876 1560; x_wconf 76' lang='lat' dir='ltr'>Gaercn.</span> 
     </span>
    </p>
   </div>
   <div class='ocr_carea' id='block_1_6' title="bbox 305 1546 1923 1659">
    <p class='ocr_par' dir='ltr' id='par_1_6' title="bbox 305 1546 1923 1659">
     <span class='ocr_line' id='line_1_21' title="bbox 305 1546 1923 1632; baseline -0.013 -20"><span class='ocrx_word' id='word_1_136' title='bbox 305 1577 428 1615; x_wconf 85' lang='lat'><strong>1301.</strong></span> <span class='ocrx_word' id='word_1_137' title='bbox 458 1578 667 1614; x_wconf 64' lang='lat' dir='ltr'>Aecnmea</span> <span class='ocrx_word' id='word_1_138' title='bbox 688 1575 794 1611; x_wconf 52' lang='lat' dir='ltr'>aasz</span> <span class='ocrx_word' id='word_1_139' title='bbox 811 1582 847 1612; x_wconf 66' lang='lat' dir='ltr'>el</span> <span class='ocrx_word' id='word_1_140' title='bbox 867 1574 970 1613; x_wconf 56' lang='lat' dir='ltr'>Pan.</span> <span class='ocrx_word' id='word_1_141' title='bbox 1487 1546 1890 1632; x_wconf 37' lang='lat' dir='ltr'>ffiggssffiffgvffiarspr·</span> <span class='ocrx_word' id='word_1_142' title='bbox 1918 1561 1923 1565; x_wconf 69' lang='lat'><em>-</em></span> 
     </span>
     <span class='ocr_line' id='line_1_22' title="bbox 544 1621 1822 1659; baseline -0.013 0"><span class='ocrx_word' id='word_1_143' title='bbox 544 1626 730 1659; x_wconf 76' lang='lat' dir='ltr'>Oecliniea</span> <span class='ocrx_word' id='word_1_144' title='bbox 745 1626 850 1659; x_wconf 78' lang='lat' dir='ltr'>Juss.</span> <span class='ocrx_word' id='word_1_145' title='bbox 1812 1621 1822 1630; x_wconf 82' lang='grc'><em>·</em></span> 
     </span>
    </p>
   </div>
   <div class='ocr_carea' id='block_1_7' title="bbox 305 1652 1693 1721">
    <p class='ocr_par' dir='ltr' id='par_1_7' title="bbox 305 1652 1693 1721">
     <span class='ocr_line' id='line_1_23' title="bbox 305 1652 1693 1721; baseline 0 -10"><span class='ocrx_word' id='word_1_146' title='bbox 305 1676 428 1712; x_wconf 78' lang='lat'><strong>1302.</strong></span> <span class='ocrx_word' id='word_1_147' title='bbox 458 1677 686 1721; x_wconf 78' lang='lat' dir='ltr'>Billbergia</span> <span class='ocrx_word' id='word_1_148' title='bbox 708 1674 865 1711; x_wconf 72' lang='lat' dir='ltr'><em>Thunb.</em></span> <span class='ocrx_word' id='word_1_149' title='bbox 1250 1654 1373 1690; x_wconf 70' lang='lat'>13¹⁰·</span> <span class='ocrx_word' id='word_1_150' title='bbox 1403 1655 1538 1690; x_wconf 75' lang='lat' dir='ltr'>Navia</span> <span class='ocrx_word' id='word_1_151' title='bbox 1558 1652 1693 1690; x_wconf 48' lang='lat' dir='ltr'>Mam</span> 
     </span>
    </p>
   </div>
   <div class='ocr_carea' id='block_1_8' title="bbox 307 1714 1929 2229">
    <p class='ocr_par' dir='ltr' id='par_1_8' title="bbox 307 1714 1929 2229">
     <span class='ocr_line' id='line_1_24' title="bbox 307 1714 1929 1777; baseline 0.002 -28"><span class='ocrx_word' id='word_1_152' title='bbox 307 1734 429 1770; x_wconf 67' lang='lat'>1303⁸</span> <span class='ocrx_word' id='word_1_153' title='bbox 462 1733 745 1776; x_wconf 61' lang='lat' dir='ltr'>Hohenbergia</span> <span class='ocrx_word' id='word_1_154' title='bbox 763 1729 1000 1777; x_wconf 41' lang='lat' dir='ltr'><em>sellun-fil·</em></span> <span class='ocrx_word' id='word_1_155' title='bbox 1250 1718 1373 1754; x_wconf 84' lang='grc'><strong>1311.</strong></span> <span class='ocrx_word' id='word_1_156' title='bbox 1407 1717 1674 1754; x_wconf 86' lang='lat' dir='ltr'>Cottendorfia</span> <span class='ocrx_word' id='word_1_157' title='bbox 1691 1714 1929 1763; x_wconf 76' lang='lat' dir='ltr'>Schult.fil.</span> 
     </span>
     <span class='ocr_line' id='line_1_25' title="bbox 307 1778 1825 1841; baseline -0.003 -17"><span class='ocrx_word' id='word_1_158' title='bbox 307 1786 429 1841; x_wconf 50' lang='lat'><strong>130³}</strong></span> <span class='ocrx_word' id='word_1_159' title='bbox 463 1791 740 1832; x_wconf 69' lang='lat' dir='ltr'>crypt-anulus</span> <span class='ocrx_word' id='word_1_160' title='bbox 761 1786 954 1824; x_wconf 62' lang='lat' dir='ltr'>Klotselc.</span> <span class='ocrx_word' id='word_1_161' title='bbox 1153 1836 1158 1837; x_wconf 23' lang='lat'><em>⁷</em></span> <span class='ocrx_word' id='word_1_162' title='bbox 1250 1781 1373 1817; x_wconf 83' lang='grc'><strong>1312.</strong></span> <span class='ocrx_word' id='word_1_163' title='bbox 1403 1781 1568 1825; x_wconf 85' lang='lat' dir='ltr'>Dyckia</span> <span class='ocrx_word' id='word_1_164' title='bbox 1586 1778 1745 1817; x_wconf 75' lang='lat' dir='ltr'>Sclmlt.</span> <span class='ocrx_word' id='word_1_165' title='bbox 1763 1779 1825 1820; x_wconf 74' lang='lat' dir='ltr'>sil·</span> 
     </span>
     <span class='ocr_line' id='line_1_26' title="bbox 307 1842 1834 1891; baseline -0.001 -11"><span class='ocrx_word' id='word_1_166' title='bbox 307 1846 385 1882; x_wconf 88' lang='grc'><strong>130</strong></span> <span class='ocrx_word' id='word_1_167' title='bbox 396 1849 429 1880; x_wconf 79' lang='grc'>4.</span> <span class='ocrx_word' id='word_1_168' title='bbox 459 1846 702 1881; x_wconf 84' lang='lat' dir='ltr'>Broccbinia</span> <span class='ocrx_word' id='word_1_169' title='bbox 720 1842 957 1891; x_wconf 75' lang='lat' dir='ltr'>Selealc.fil.</span> <span class='ocrx_word' id='word_1_170' title='bbox 1251 1844 1374 1881; x_wconf 83' lang='lat'><strong>1313.</strong></span> <span class='ocrx_word' id='word_1_171' title='bbox 1403 1844 1684 1881; x_wconf 81' lang='lat' dir='ltr'>Enchoiirium</span> <span class='ocrx_word' id='word_1_172' title='bbox 1700 1842 1834 1879; x_wconf 76' lang='lat' dir='ltr'>Mart.</span> 
     </span>
     <span class='ocr_line' id='line_1_27' title="bbox 309 1899 1922 1947; baseline -0.001 -1"><span class='ocrx_word' id='word_1_173' title='bbox 309 1903 432 1939; x_wconf 77' lang='lat'>1305·</span> <span class='ocrx_word' id='word_1_174' title='bbox 462 1902 689 1947; x_wconf 67' lang='lat' dir='ltr'>Pflssstiffli‘d</span> <span class='ocrx_word' id='word_1_175' title='bbox 709 1899 849 1937; x_wconf 51' lang='lat' dir='ltr'>Heril-</span> <span class='ocrx_word' id='word_1_176' title='bbox 1253 1908 1374 1945; x_wconf 85' lang='lat'><strong>1314.</strong></span> <span class='ocrx_word' id='word_1_177' title='bbox 1404 1909 1615 1945; x_wconf 88' lang='lat' dir='ltr'>Pourettia</span> <span class='ocrx_word' id='word_1_178' title='bbox 1636 1906 1744 1942; x_wconf 73' lang='lat' dir='ltr'>Rm&#39;z</span> <span class='ocrx_word' id='word_1_179' title='bbox 1760 1912 1798 1943; x_wconf 89' lang='lat' dir='ltr'>et</span> <span class='ocrx_word' id='word_1_180' title='bbox 1818 1906 1922 1944; x_wconf 73' lang='lat' dir='ltr'>Pac.</span> 
     </span>
     <span class='ocr_line' id='line_1_28' title="bbox 547 1950 1778 1998; baseline 0.005 -15"><span class='ocrx_word' id='word_1_181' title='bbox 547 1952 710 1994; x_wconf 83' lang='lat' dir='ltr'>Hepetis</span> <span class='ocrx_word' id='word_1_182' title='bbox 732 1950 898 1985; x_wconf 74' lang='lat' dir='ltr'>Swartz,</span> <span class='ocrx_word' id='word_1_183' title='bbox 1486 1957 1595 1998; x_wconf 70' lang='lat' dir='ltr'>Puya</span> <span class='ocrx_word' id='word_1_184' title='bbox 1611 1956 1778 1990; x_wconf 67' lang='lat' dir='ltr'>IlIoIimc.</span> 
     </span>
     <span class='ocr_line' id='line_1_29' title="bbox 545 2000 1865 2043; baseline 0.004 -9"><span class='ocrx_word' id='word_1_185' title='bbox 545 2000 796 2043; x_wconf 77' lang='lat' dir='ltr'>Spirastigma</span> <span class='ocrx_word' id='word_1_186' title='bbox 812 2000 935 2035; x_wconf 77' lang='lat' dir='ltr'>Merit.</span> <span class='ocrx_word' id='word_1_187' title='bbox 1486 2005 1711 2039; x_wconf 81' lang='lat' dir='ltr'>Renealmia</span> <span class='ocrx_word' id='word_1_188' title='bbox 1726 2004 1865 2040; x_wconf 71' lang='lat' dir='ltr'>Fezzill.</span> 
     </span>
     <span class='ocr_line' id='line_1_30' title="bbox 310 2048 1860 2099; baseline 0.002 -13"><span class='ocrx_word' id='word_1_189' title='bbox 310 2051 432 2088; x_wconf 84' lang='grc'><strong>1306.</strong></span> <span class='ocrx_word' id='word_1_190' title='bbox 462 2051 694 2088; x_wconf 85' lang='lat' dir='ltr'>Tillandsia</span> <span class='ocrx_word' id='word_1_191' title='bbox 710 2048 832 2085; x_wconf 65' lang='lat' dir='ltr'>Litm.</span> <span class='ocrx_word' id='word_1_192' title='bbox 1485 2055 1704 2099; x_wconf 82' lang='lat' dir='ltr'>Achupalla</span> <span class='ocrx_word' id='word_1_193' title='bbox 1719 2055 1860 2090; x_wconf 75' lang='lat' dir='ltr'>Hmnb.</span> 
     </span>
     <span class='ocr_line' id='line_1_31' title="bbox 546 2098 1797 2149; baseline 0.001 -2"><span class='ocrx_word' id='word_1_194' title='bbox 546 2098 770 2132; x_wconf 64' lang='lat' dir='ltr'>Renealmia</span> <span class='ocrx_word' id='word_1_195' title='bbox 785 2098 914 2148; x_wconf 53' lang='lat' dir='ltr'>Plu&#39;fl‘</span> <span class='ocrx_word' id='word_1_196' title='bbox 1251 2109 1357 2148; x_wconf 63' lang='lat'>1314</span> <span class='ocrx_word' id='word_1_197' title='bbox 1405 2111 1581 2149; x_wconf 84' lang='lat' dir='ltr'>Hechtia</span> <span class='ocrx_word' id='word_1_198' title='bbox 1597 2111 1797 2148; x_wconf 71' lang='lat' dir='ltr'>Klolsele.</span> 
     </span>
     <span class='ocr_line' id='line_1_32' title="bbox 546 2141 1590 2187; baseline 0.004 -14"><span class='ocrx_word' id='word_1_199' title='bbox 546 2141 697 2185; x_wconf 75' lang='lat' dir='ltr'>Amalia</span> <span class='ocrx_word' id='word_1_200' title='bbox 713 2142 824 2175; x_wconf 70' lang='lat' dir='ltr'>flare.</span> <span class='ocrx_word' id='word_1_201' title='bbox 843 2141 999 2187; x_wconf 63' lang='lat' dir='ltr'>hispan.</span> <span class='ocrx_word' id='word_1_202' title='bbox 1343 2141 1373 2164; x_wconf 74' lang='lat'>¹¹</span> <span class='ocrx_word' id='word_1_203' title='bbox 1546 2178 1552 2184; x_wconf 71' lang='grc'><strong>,</strong></span> <span class='ocrx_word' id='word_1_204' title='bbox 1583 2177 1590 2185; x_wconf 67' lang='grc'>,</span> 
     </span>
     <span class='ocr_line' id='line_1_33' title="bbox 549 2173 1791 2229; baseline -0.004 -12"><span class='ocrx_word' id='word_1_205' title='bbox 549 2185 727 2229; x_wconf 77' lang='lat' dir='ltr'>Strepsie.</span> <span class='ocrx_word' id='word_1_206' title='bbox 741 2184 854 2220; x_wconf 65' lang='lat' dir='ltr'><em>Nuce.</em></span> <span class='ocrx_word' id='word_1_207' title='bbox 1255 2174 1377 2229; x_wconf 51' lang='lat'>131}</span> <span class='ocrx_word' id='word_1_208' title='bbox 1407 2179 1648 2221; x_wconf 77' lang='lat' dir='ltr'>Dasyhrlon</span> <span class='ocrx_word' id='word_1_209' title='bbox 1665 2173 1791 2214; x_wconf 68' lang='lat' dir='ltr'>Ziccc.</span> 
     </span>
    </p>
   </div>
   <div class='ocr_carea' id='block_1_9' title="bbox 226 2282 2054 2562">
    <p class='ocr_par' dir='ltr' id='par_1_9' title="bbox 226 2282 2054 2562">
     <span class='ocr_line' id='line_1_34' title="bbox 367 2282 2052 2337; baseline -0.004 -5"><span class='ocrx_word' id='word_1_210' title='bbox 367 2285 689 2332; x_wconf 73' lang='lat' dir='ltr'>Affinitas.</span> <span class='ocrx_word' id='word_1_211' title='bbox 748 2293 1051 2329; x_wconf 86' lang='lat' dir='ltr'>Bromeliaceae</span> <span class='ocrx_word' id='word_1_212' title='bbox 1076 2282 1254 2337; x_wconf 62' lang='lat' dir='ltr'>{germine</span> <span class='ocrx_word' id='word_1_213' title='bbox 1276 2291 1403 2328; x_wconf 89' lang='lat' dir='ltr'>libero</span> <span class='ocrx_word' id='word_1_214' title='bbox 1427 2301 1468 2327; x_wconf 83' lang='lat' dir='ltr'>v.</span> <span class='ocrx_word' id='word_1_215' title='bbox 1487 2290 1606 2326; x_wconf 84' lang='lat' dir='ltr'>varia</span> <span class='ocrx_word' id='word_1_216' title='bbox 1628 2290 1844 2326; x_wconf 81' lang='lat' dir='ltr'>altitudine</span> <span class='ocrx_word' id='word_1_217' title='bbox 1866 2299 1957 2326; x_wconf 88' lang='lat' dir='ltr'>cum</span> <span class='ocrx_word' id='word_1_218' title='bbox 1980 2302 2052 2333; x_wconf 83' lang='lat' dir='ltr'>pe-</span> 
     </span>
     <span class='ocr_line' id='line_1_35' title="bbox 227 2343 2051 2396; baseline -0.003 -9"><span class='ocrx_word' id='word_1_219' title='bbox 227 2351 384 2396; x_wconf 81' lang='lat' dir='ltr'>rigonio</span> <span class='ocrx_word' id='word_1_220' title='bbox 415 2343 654 2386; x_wconf 80' lang='lat' dir='ltr'>cohaerente</span> <span class='ocrx_word' id='word_1_221' title='bbox 684 2350 790 2385; x_wconf 89' lang='lat' dir='ltr'>inter</span> <span class='ocrx_word' id='word_1_222' title='bbox 818 2351 998 2385; x_wconf 87' lang='lat' dir='ltr'>Ensatas</span> <span class='ocrx_word' id='word_1_223' title='bbox 1030 2353 1067 2385; x_wconf 88' lang='lat' dir='ltr'>et</span> <span class='ocrx_word' id='word_1_224' title='bbox 1099 2349 1343 2385; x_wconf 74' lang='lat' dir='ltr'>coronarias</span> <span class='ocrx_word' id='word_1_225' title='bbox 1383 2349 1646 2393; x_wconf 83' lang='lat' dir='ltr'>fluctuantes,</span> <span class='ocrx_word' id='word_1_226' title='bbox 1691 2347 2051 2395; x_wconf 79' lang='lat' dir='ltr'>Hydrocliarideis,</span> 
     </span>
     <span class='ocr_line' id='line_1_36' title="bbox 229 2404 2053 2452; baseline -0.003 -8"><span class='ocrx_word' id='word_1_227' title='bbox 229 2409 416 2444; x_wconf 79' lang='lat' dir='ltr'>soliorum</span> <span class='ocrx_word' id='word_1_228' title='bbox 435 2407 561 2441; x_wconf 86' lang='lat' dir='ltr'>forma</span> <span class='ocrx_word' id='word_1_229' title='bbox 577 2411 615 2441; x_wconf 88' lang='lat' dir='ltr'>et.</span> <span class='ocrx_word' id='word_1_230' title='bbox 631 2406 895 2448; x_wconf 77' lang='lat' dir='ltr'>dispositione</span> <span class='ocrx_word' id='word_1_231' title='bbox 912 2406 1137 2452; x_wconf 72' lang='lat' dir='ltr'>similibus,</span> <span class='ocrx_word' id='word_1_232' title='bbox 1170 2406 1242 2442; x_wconf 81' lang='lat' dir='ltr'>sed</span> <span class='ocrx_word' id='word_1_233' title='bbox 1258 2405 1412 2441; x_wconf 88' lang='lat' dir='ltr'>semine</span> <span class='ocrx_word' id='word_1_234' title='bbox 1428 2404 1684 2441; x_wconf 87' lang='lat' dir='ltr'>albuminoso</span> <span class='ocrx_word' id='word_1_235' title='bbox 1709 2404 2053 2450; x_wconf 86' lang='lat' dir='ltr'>distinctissimis,</span> 
     </span>
     <span class='ocr_line' id='line_1_37' title="bbox 226 2460 2054 2506; baseline -0.002 -6"><span class='ocrx_word' id='word_1_236' title='bbox 226 2465 423 2500; x_wconf 80' lang='lat' dir='ltr'>affinitate</span> <span class='ocrx_word' id='word_1_237' title='bbox 448 2462 578 2505; x_wconf 82' lang='lat' dir='ltr'>magis</span> <span class='ocrx_word' id='word_1_238' title='bbox 601 2471 720 2504; x_wconf 80' lang='lat' dir='ltr'>quam</span> <span class='ocrx_word' id='word_1_239' title='bbox 743 2463 913 2505; x_wconf 84' lang='lat' dir='ltr'>reliquis</span> <span class='ocrx_word' id='word_1_240' title='bbox 936 2463 1145 2498; x_wconf 89' lang='lat' dir='ltr'>ordinibus</span> <span class='ocrx_word' id='word_1_241' title='bbox 1175 2463 1368 2498; x_wconf 80' lang='lat' dir='ltr'>accedere</span> <span class='ocrx_word' id='word_1_242' title='bbox 1398 2462 1608 2506; x_wconf 68' lang='lat' dir='ltr'>videntur,</span> <span class='ocrx_word' id='word_1_243' title='bbox 1640 2460 1842 2505; x_wconf 85' lang='lat' dir='ltr'>perigonii</span> <span class='ocrx_word' id='word_1_244' title='bbox 1867 2460 2054 2497; x_wconf 85' lang='lat' dir='ltr'>biseriati</span> 
     </span>
     <span class='ocr_line' id='line_1_38' title="bbox 228 2517 1674 2562; baseline -0.003 -3"><span class='ocrx_word' id='word_1_245' title='bbox 228 2521 336 2559; x_wconf 70' lang='lat' dir='ltr'>serie</span> <span class='ocrx_word' id='word_1_246' title='bbox 354 2519 550 2557; x_wconf 79' lang='lat' dir='ltr'>exteriore</span> <span class='ocrx_word' id='word_1_247' title='bbox 565 2519 726 2554; x_wconf 88' lang='lat' dir='ltr'>rudiore</span> <span class='ocrx_word' id='word_1_248' title='bbox 742 2523 780 2554; x_wconf 84' lang='lat' dir='ltr'>et</span> <span class='ocrx_word' id='word_1_249' title='bbox 797 2518 902 2554; x_wconf 88' lang='lat' dir='ltr'>facie</span> <span class='ocrx_word' id='word_1_250' title='bbox 919 2519 1118 2562; x_wconf 82' lang='lat' dir='ltr'>peculiari</span> <span class='ocrx_word' id='word_1_251' title='bbox 1135 2517 1332 2554; x_wconf 80' lang='lat' dir='ltr'>facillime</span> <span class='ocrx_word' id='word_1_252' title='bbox 1348 2517 1674 2562; x_wconf 84' lang='lat' dir='ltr'>distinguendae.</span> 
     </span>
    </p>
   </div>
   <div class='ocr_carea' id='block_1_10' title="bbox 229 2596 2055 2820">
    <p class='ocr_par' dir='ltr' id='par_1_10' title="bbox 229 2596 2055 2820">
     <span class='ocr_line' id='line_1_39' title="bbox 375 2596 2053 2653; baseline -0.004 -10"><span class='ocrx_word' id='word_1_253' title='bbox 375 2596 801 2653; x_wconf 69' lang='lat' dir='ltr'>Geogl&#39;aphia.</span> <span class='ocrx_word' id='word_1_254' title='bbox 861 2604 1008 2639; x_wconf 83' lang='lat' dir='ltr'>Omnes</span> <span class='ocrx_word' id='word_1_255' title='bbox 1024 2602 1309 2647; x_wconf 85' lang='lat' dir='ltr'>Americanae,</span> <span class='ocrx_word' id='word_1_256' title='bbox 1334 2602 1510 2639; x_wconf 85' lang='lat' dir='ltr'>maximo</span> <span class='ocrx_word' id='word_1_257' title='bbox 1529 2610 1694 2637; x_wconf 89' lang='lat' dir='ltr'>numero</span> <span class='ocrx_word' id='word_1_258' title='bbox 1711 2604 1856 2646; x_wconf 72' lang='lat' dir='ltr'>sylvas</span> <span class='ocrx_word' id='word_1_259' title='bbox 1874 2600 2053 2644; x_wconf 85' lang='lat' dir='ltr'>tropicas</span> 
     </span>
     <span class='ocr_line' id='line_1_40' title="bbox 229 2658 2055 2707; baseline -0.003 -9"><span class='ocrx_word' id='word_1_260' title='bbox 229 2662 435 2707; x_wconf 86' lang='lat' dir='ltr'>incolunt,</span> <span class='ocrx_word' id='word_1_261' title='bbox 476 2660 676 2704; x_wconf 78' lang='lat' dir='ltr'>plurimae</span> <span class='ocrx_word' id='word_1_262' title='bbox 706 2660 749 2694; x_wconf 88' lang='lat' dir='ltr'>in</span> <span class='ocrx_word' id='word_1_263' title='bbox 774 2660 928 2695; x_wconf 78' lang='lat' dir='ltr'>truncis</span> <span class='ocrx_word' id='word_1_264' title='bbox 951 2659 1124 2695; x_wconf 83' lang='lat' dir='ltr'>vetustis</span> <span class='ocrx_word' id='word_1_265' title='bbox 1149 2659 1418 2706; x_wconf 79' lang='lat' dir='ltr'>parasiticae,</span> <span class='ocrx_word' id='word_1_266' title='bbox 1458 2660 1499 2694; x_wconf 91' lang='lat' dir='ltr'>in</span> <span class='ocrx_word' id='word_1_267' title='bbox 1523 2658 1755 2701; x_wconf 76' lang='lat' dir='ltr'>regionibus</span> <span class='ocrx_word' id='word_1_268' title='bbox 1779 2659 1840 2694; x_wconf 89' lang='lat' dir='ltr'>cis</span> <span class='ocrx_word' id='word_1_269' title='bbox 1865 2667 2055 2693; x_wconf 86' lang='lat' dir='ltr'>cancrum</span> 
     </span>
     <span class='ocr_line' id='line_1_41' title="bbox 230 2715 2054 2760; baseline -0.004 -5"><span class='ocrx_word' id='word_1_270' title='bbox 230 2722 268 2755; x_wconf 88' lang='lat' dir='ltr'>et</span> <span class='ocrx_word' id='word_1_271' title='bbox 294 2723 406 2754; x_wconf 86' lang='lat' dir='ltr'>trans</span> <span class='ocrx_word' id='word_1_272' title='bbox 431 2716 710 2760; x_wconf 82' lang='lat' dir='ltr'>capricornum</span> <span class='ocrx_word' id='word_1_273' title='bbox 725 2716 990 2752; x_wconf 76' lang='lat' dir='ltr'>calidioribus</span> <span class='ocrx_word' id='word_1_274' title='bbox 1006 2717 1219 2751; x_wconf 82' lang='lat' dir='ltr'>admodum</span> <span class='ocrx_word' id='word_1_275' title='bbox 1236 2724 1367 2751; x_wconf 88' lang='lat' dir='ltr'>rarae.</span> <span class='ocrx_word' id='word_1_276' title='bbox 1418 2716 1623 2759; x_wconf 81' lang='lat' dir='ltr'>Quaedam</span> <span class='ocrx_word' id='word_1_277' title='bbox 1639 2715 1843 2750; x_wconf 89' lang='lat' dir='ltr'>hominum</span> <span class='ocrx_word' id='word_1_278' title='bbox 1861 2723 2054 2749; x_wconf 88' lang='lat' dir='ltr'>commer-</span> 
     </span>
     <span class='ocr_line' id='line_1_42' title="bbox 232 2773 2053 2820; baseline -0.003 -9"><span class='ocrx_word' id='word_1_279' title='bbox 232 2775 295 2811; x_wconf 87' lang='lat' dir='ltr'>cio</span> <span class='ocrx_word' id='word_1_280' title='bbox 319 2775 363 2810; x_wconf 88' lang='lat' dir='ltr'>in</span> <span class='ocrx_word' id='word_1_281' title='bbox 384 2773 570 2812; x_wconf 84' lang='lat' dir='ltr'>Africam</span> <span class='ocrx_word' id='word_1_282' title='bbox 593 2776 630 2808; x_wconf 89' lang='lat' dir='ltr'>et</span> <span class='ocrx_word' id='word_1_283' title='bbox 652 2773 802 2808; x_wconf 82' lang='lat' dir='ltr'>Asiam</span> <span class='ocrx_word' id='word_1_284' title='bbox 826 2773 1023 2810; x_wconf 76' lang='lat' dir='ltr'>fervidam</span> <span class='ocrx_word' id='word_1_285' title='bbox 1044 2774 1261 2820; x_wconf 76' lang='lat' dir='ltr'>advectae,</span> <span class='ocrx_word' id='word_1_286' title='bbox 1292 2781 1402 2808; x_wconf 87' lang='lat' dir='ltr'>nunc</span> <span class='ocrx_word' id='word_1_287' title='bbox 1424 2775 1567 2816; x_wconf 86' lang='lat' dir='ltr'>sponte</span> <span class='ocrx_word' id='word_1_288' title='bbox 1589 2773 1887 2814; x_wconf 76' lang='lat' dir='ltr'>suavegetant</span> <span class='ocrx_word' id='word_1_289' title='bbox 1916 2774 2053 2806; x_wconf 82' lang='lat' dir='ltr'>trans-</span> 
     </span>
    </p>
   </div>
   <div class='ocr_carea' id='block_1_11' title="bbox 230 2833 367 2878">
    <p class='ocr_par' dir='ltr' id='par_1_11' title="bbox 230 2833 367 2878">
     <span class='ocr_line' id='line_1_43' title="bbox 230 2833 367 2878; baseline -0.015 -8"><span class='ocrx_word' id='word_1_290' title='bbox 230 2833 271 2870; x_wconf 75' lang='lat' dir='ltr'>fu</span> <span class='ocrx_word' id='word_1_291' title='bbox 277 2842 367 2878; x_wconf 84' lang='lat' dir='ltr'>gae.</span> 
     </span>
    </p>
   </div>
   <div class='ocr_carea' id='block_1_12' title="bbox 236 2909 2057 3524">
    <p class='ocr_par' dir='ltr' id='par_1_12' title="bbox 236 2909 2057 3524">
     <span class='ocr_line' id='line_1_44' title="bbox 380 2909 2056 2963; baseline -0.006 -7"><span class='ocrx_word' id='word_1_292' title='bbox 380 2909 743 2963; x_wconf 50' lang='lat' dir='ltr'>unalitates</span> <span class='ocrx_word' id='word_1_293' title='bbox 775 2917 814 2951; x_wconf 88' lang='lat' dir='ltr'>et</span> <span class='ocrx_word' id='word_1_294' title='bbox 841 2921 1011 2954; x_wconf 79' lang='lat' dir='ltr'>usus.</span> <span class='ocrx_word' id='word_1_295' title='bbox 1069 2913 1439 2950; x_wconf 85' lang='lat' dir='ltr'>Bromeliacearum</span> <span class='ocrx_word' id='word_1_296' title='bbox 1467 2914 1729 2949; x_wconf 86' lang='lat' dir='ltr'>baccatarum</span> <span class='ocrx_word' id='word_1_297' title='bbox 1752 2912 1910 2947; x_wconf 83' lang='lat' dir='ltr'>fructus</span> <span class='ocrx_word' id='word_1_298' title='bbox 1932 2920 2056 2947; x_wconf 85' lang='lat' dir='ltr'>succo</span> 
     </span>
     <span class='ocr_line' id='line_1_45' title="bbox 236 2968 2057 3018; baseline -0.004 -7"><span class='ocrx_word' id='word_1_299' title='bbox 236 2974 399 3018; x_wconf 89' lang='lat' dir='ltr'>copioso</span> <span class='ocrx_word' id='word_1_300' title='bbox 432 2974 546 3010; x_wconf 89' lang='lat' dir='ltr'>acido</span> <span class='ocrx_word' id='word_1_301' title='bbox 572 2973 709 3009; x_wconf 86' lang='lat' dir='ltr'>citrico</span> <span class='ocrx_word' id='word_1_302' title='bbox 733 2974 772 3006; x_wconf 86' lang='lat' dir='ltr'>et</span> <span class='ocrx_word' id='word_1_303' title='bbox 793 2971 941 3008; x_wconf 87' lang='lat' dir='ltr'>malico</span> <span class='ocrx_word' id='word_1_304' title='bbox 966 2971 1132 3017; x_wconf 84' lang='lat' dir='ltr'>referto,</span> <span class='ocrx_word' id='word_1_305' title='bbox 1165 2970 1464 3016; x_wconf 82' lang='lat' dir='ltr'>adstringente,</span> <span class='ocrx_word' id='word_1_306' title='bbox 1494 2969 1774 3004; x_wconf 83' lang='lat' dir='ltr'>vehementius</span> <span class='ocrx_word' id='word_1_307' title='bbox 1799 2968 1993 3003; x_wconf 87' lang='lat' dir='ltr'>diuretico</span> <span class='ocrx_word' id='word_1_308' title='bbox 2017 2971 2057 3004; x_wconf 81' lang='lat' dir='ltr'>et</span> 
     </span>
     <span class='ocr_line' id='line_1_46' title="bbox 237 3024 2056 3074; baseline -0.004 -7"><span class='ocrx_word' id='word_1_309' title='bbox 237 3030 571 3068; x_wconf 85' lang='lat' dir='ltr'>anthelminthico</span> <span class='ocrx_word' id='word_1_310' title='bbox 592 3031 773 3074; x_wconf 84' lang='lat' dir='ltr'>scatent,</span> <span class='ocrx_word' id='word_1_311' title='bbox 803 3030 1028 3063; x_wconf 87' lang='lat' dir='ltr'>nonnullae</span> <span class='ocrx_word' id='word_1_312' title='bbox 1051 3029 1098 3062; x_wconf 88' lang='lat' dir='ltr'>ob</span> <span class='ocrx_word' id='word_1_313' title='bbox 1124 3026 1345 3063; x_wconf 84' lang='lat' dir='ltr'>admixtam</span> <span class='ocrx_word' id='word_1_314' title='bbox 1362 3028 1436 3061; x_wconf 88' lang='lat' dir='ltr'>sub</span> <span class='ocrx_word' id='word_1_315' title='bbox 1454 3027 1577 3068; x_wconf 80' lang='lat' dir='ltr'>plena</span> <span class='ocrx_word' id='word_1_316' title='bbox 1592 3025 1824 3060; x_wconf 88' lang='lat' dir='ltr'>maturitate</span> <span class='ocrx_word' id='word_1_317' title='bbox 1839 3024 2056 3068; x_wconf 85' lang='lat' dir='ltr'>largiorem</span> 
     </span>
     <span class='ocr_line' id='line_1_47' title="bbox 239 3077 2056 3130; baseline -0.007 -4"><span class='ocrx_word' id='word_1_318' title='bbox 239 3087 429 3126; x_wconf 78' lang='lat' dir='ltr'>sacchari</span> <span class='ocrx_word' id='word_1_319' title='bbox 446 3086 604 3129; x_wconf 87' lang='lat' dir='ltr'>copiam</span> <span class='ocrx_word' id='word_1_320' title='bbox 622 3086 782 3130; x_wconf 88' lang='lat' dir='ltr'>edules,</span> <span class='ocrx_word' id='word_1_321' title='bbox 814 3084 920 3118; x_wconf 90' lang='lat' dir='ltr'>inter</span> <span class='ocrx_word' id='word_1_322' title='bbox 935 3084 1044 3119; x_wconf 87' lang='lat' dir='ltr'>orbis</span> <span class='ocrx_word' id='word_1_323' title='bbox 1062 3083 1204 3125; x_wconf 84' lang='lat' dir='ltr'>tropici</span> <span class='ocrx_word' id='word_1_324' title='bbox 1221 3083 1390 3118; x_wconf 87' lang='lat' dir='ltr'>delicias</span> <span class='ocrx_word' id='word_1_325' title='bbox 1408 3081 1603 3117; x_wconf 79' lang='lat' dir='ltr'>famosae.</span> <span class='ocrx_word' id='word_1_326' title='bbox 1663 3077 1894 3114; x_wconf 74' lang='lat' dir='ltr'>Ananassa</span> <span class='ocrx_word' id='word_1_327' title='bbox 1910 3080 2056 3115; x_wconf 75' lang='lat' dir='ltr'>seztz&#39;cct</span> 
     </span>
     <span class='ocr_line' id='line_1_48' title="bbox 237 3136 2054 3186; baseline -0.004 -7"><span class='ocrx_word' id='word_1_328' title='bbox 237 3145 374 3180; x_wconf 87' lang='lat' dir='ltr'>Lindi.</span> <span class='ocrx_word' id='word_1_329' title='bbox 391 3141 624 3186; x_wconf 67' lang='lat' dir='ltr'>[Bromelia</span> <span class='ocrx_word' id='word_1_330' title='bbox 645 3141 817 3177; x_wconf 86' lang='lat' dir='ltr'>Ananas</span> <span class='ocrx_word' id='word_1_331' title='bbox 844 3139 912 3184; x_wconf 81' lang='lat' dir='ltr'>L.)</span> <span class='ocrx_word' id='word_1_332' title='bbox 937 3140 1093 3183; x_wconf 85' lang='lat' dir='ltr'>spicam</span> <span class='ocrx_word' id='word_1_333' title='bbox 1120 3139 1196 3174; x_wconf 84' lang='lat' dir='ltr'>fert</span> <span class='ocrx_word' id='word_1_334' title='bbox 1220 3141 1406 3185; x_wconf 87' lang='lat' dir='ltr'>densam,</span> <span class='ocrx_word' id='word_1_335' title='bbox 1439 3137 1625 3173; x_wconf 82' lang='lat' dir='ltr'>foliorum</span> <span class='ocrx_word' id='word_1_336' title='bbox 1649 3146 1762 3173; x_wconf 88' lang='lat' dir='ltr'>coma</span> <span class='ocrx_word' id='word_1_337' title='bbox 1787 3136 2054 3183; x_wconf 87' lang='lat' dir='ltr'>terminatam,</span> 
     </span>
     <span class='ocr_line' id='line_1_49' title="bbox 238 3191 2056 3244; baseline -0.004 -9"><span class='ocrx_word' id='word_1_338' title='bbox 238 3202 356 3242; x_wconf 87' lang='lat' dir='ltr'>cujus</span> <span class='ocrx_word' id='word_1_339' title='bbox 387 3203 560 3244; x_wconf 85' lang='lat' dir='ltr'>baccae,</span> <span class='ocrx_word' id='word_1_340' title='bbox 591 3198 634 3233; x_wconf 87' lang='lat' dir='ltr'>in</span> <span class='ocrx_word' id='word_1_341' title='bbox 665 3200 778 3232; x_wconf 80' lang='lat' dir='ltr'>culta</span> <span class='ocrx_word' id='word_1_342' title='bbox 798 3198 1033 3239; x_wconf 86' lang='lat' dir='ltr'>plerumque</span> <span class='ocrx_word' id='word_1_343' title='bbox 1055 3205 1290 3240; x_wconf 83' lang='lat' dir='ltr'>aspermae‚</span> <span class='ocrx_word' id='word_1_344' title='bbox 1319 3195 1426 3230; x_wconf 87' lang='lat' dir='ltr'>inter</span> <span class='ocrx_word' id='word_1_345' title='bbox 1447 3204 1493 3230; x_wconf 89' lang='lat' dir='ltr'>se</span> <span class='ocrx_word' id='word_1_346' title='bbox 1516 3197 1552 3229; x_wconf 91' lang='lat' dir='ltr'>et</span> <span class='ocrx_word' id='word_1_347' title='bbox 1576 3203 1667 3229; x_wconf 88' lang='lat' dir='ltr'>cum</span> <span class='ocrx_word' id='word_1_348' title='bbox 1689 3191 1866 3229; x_wconf 78' lang='lat' dir='ltr'>bracteis</span> <span class='ocrx_word' id='word_1_349' title='bbox 1889 3193 1931 3228; x_wconf 90' lang='lat' dir='ltr'>in</span> <span class='ocrx_word' id='word_1_350' title='bbox 1955 3202 2056 3236; x_wconf 79' lang='lat' dir='ltr'>syn-</span> 
     </span>
     <span class='ocr_line' id='line_1_50' title="bbox 238 3249 2057 3300; baseline -0.004 -9"><span class='ocrx_word' id='word_1_351' title='bbox 238 3256 421 3300; x_wconf 78' lang='lat' dir='ltr'>carpinm</span> <span class='ocrx_word' id='word_1_352' title='bbox 450 3258 685 3291; x_wconf 86' lang='lat' dir='ltr'>coalescunt</span> <span class='ocrx_word' id='word_1_353' title='bbox 715 3255 1023 3299; x_wconf 84' lang='lat' dir='ltr'>subglobosum,</span> <span class='ocrx_word' id='word_1_354' title='bbox 1055 3255 1260 3296; x_wconf 80' lang='lat' dir='ltr'>eleganter</span> <span class='ocrx_word' id='word_1_355' title='bbox 1290 3253 1563 3296; x_wconf 85' lang='lat' dir='ltr'>tessellatum,</span> <span class='ocrx_word' id='word_1_356' title='bbox 1595 3259 1718 3286; x_wconf 88' lang='lat' dir='ltr'>succo</span> <span class='ocrx_word' id='word_1_357' title='bbox 1742 3250 1882 3286; x_wconf 87' lang='lat' dir='ltr'>vinoso</span> <span class='ocrx_word' id='word_1_358' title='bbox 1905 3249 2057 3294; x_wconf 72' lang='lat' dir='ltr'>gratis-</span> 
     </span>
     <span class='ocr_line' id='line_1_51' title="bbox 241 3305 2057 3354; baseline -0.004 -7"><span class='ocrx_word' id='word_1_359' title='bbox 241 3313 342 3348; x_wconf 87' lang='lat' dir='ltr'>sime</span> <span class='ocrx_word' id='word_1_360' title='bbox 373 3312 535 3347; x_wconf 83' lang='lat' dir='ltr'>acidulo</span> <span class='ocrx_word' id='word_1_361' title='bbox 567 3314 603 3346; x_wconf 89' lang='lat' dir='ltr'>et</span> <span class='ocrx_word' id='word_1_362' title='bbox 633 3319 799 3346; x_wconf 86' lang='lat' dir='ltr'>amoene</span> <span class='ocrx_word' id='word_1_363' title='bbox 830 3309 1046 3345; x_wconf 85' lang='lat' dir='ltr'>aromatico</span> <span class='ocrx_word' id='word_1_364' title='bbox 1077 3308 1246 3354; x_wconf 86' lang='lat' dir='ltr'>foetum,</span> <span class='ocrx_word' id='word_1_365' title='bbox 1294 3307 1398 3343; x_wconf 86' lang='lat' dir='ltr'>inter</span> <span class='ocrx_word' id='word_1_366' title='bbox 1427 3306 1662 3342; x_wconf 86' lang='lat' dir='ltr'>lautissima</span> <span class='ocrx_word' id='word_1_367' title='bbox 1703 3306 1873 3342; x_wconf 86' lang='lat' dir='ltr'>bellaria</span> <span class='ocrx_word' id='word_1_368' title='bbox 1907 3305 2057 3341; x_wconf 85' lang='lat' dir='ltr'>nobile.</span> 
     </span>
     <span class='ocr_line' id='line_1_52' title="bbox 241 3360 2056 3410; baseline -0.004 -7"><span class='ocrx_word' id='word_1_369' title='bbox 241 3371 483 3404; x_wconf 78' lang='lat' dir='ltr'>humaturae</span> <span class='ocrx_word' id='word_1_370' title='bbox 506 3371 544 3403; x_wconf 89' lang='lat' dir='ltr'>et</span> <span class='ocrx_word' id='word_1_371' title='bbox 567 3367 678 3403; x_wconf 84' lang='lat' dir='ltr'>ferae</span> <span class='ocrx_word' id='word_1_372' title='bbox 701 3375 852 3403; x_wconf 88' lang='lat' dir='ltr'>succus</span> <span class='ocrx_word' id='word_1_373' title='bbox 876 3376 967 3402; x_wconf 87' lang='lat' dir='ltr'>cum</span> <span class='ocrx_word' id='word_1_374' title='bbox 991 3364 1180 3400; x_wconf 86' lang='lat' dir='ltr'>acredine</span> <span class='ocrx_word' id='word_1_375' title='bbox 1205 3360 1368 3410; x_wconf 84' lang='lat' dir='ltr'>acidus,</span> <span class='ocrx_word' id='word_1_376' title='bbox 1399 3363 1590 3407; x_wconf 82' lang='lat' dir='ltr'>gingivas</span> <span class='ocrx_word' id='word_1_377' title='bbox 1621 3363 1787 3408; x_wconf 88' lang='lat' dir='ltr'>rodens,</span> <span class='ocrx_word' id='word_1_378' title='bbox 1819 3363 1862 3398; x_wconf 88' lang='lat' dir='ltr'>in</span> <span class='ocrx_word' id='word_1_379' title='bbox 1885 3361 2056 3398; x_wconf 68' lang='lat' dir='ltr'>Antill‘is</span> 
     </span>
     <span class='ocr_line' id='line_1_53' title="bbox 243 3418 2054 3459; baseline -0.003 -1"><span class='ocrx_word' id='word_1_380' title='bbox 243 3425 293 3459; x_wconf 86' lang='lat' dir='ltr'>ad</span> <span class='ocrx_word' id='word_1_381' title='bbox 311 3425 538 3459; x_wconf 85' lang='lat' dir='ltr'>enecandos</span> <span class='ocrx_word' id='word_1_382' title='bbox 562 3423 844 3459; x_wconf 84' lang='lat' dir='ltr'>intestinorum</span> <span class='ocrx_word' id='word_1_383' title='bbox 869 3431 1025 3458; x_wconf 82' lang='lat' dir='ltr'>vermes</span> <span class='ocrx_word' id='word_1_384' title='bbox 1049 3425 1083 3455; x_wconf 84' lang='lat' dir='ltr'>et</span> <span class='ocrx_word' id='word_1_385' title='bbox 1111 3422 1162 3457; x_wconf 89' lang='lat' dir='ltr'>ad</span> <span class='ocrx_word' id='word_1_386' title='bbox 1184 3420 1485 3456; x_wconf 84' lang='lat' dir='ltr'>sollicitandam</span> <span class='ocrx_word' id='word_1_387' title='bbox 1512 3419 1652 3455; x_wconf 88' lang='lat' dir='ltr'>urinae</span> <span class='ocrx_word' id='word_1_388' title='bbox 1677 3418 1941 3454; x_wconf 84' lang='lat' dir='ltr'>secretionem</span> <span class='ocrx_word' id='word_1_389' title='bbox 1965 3427 2054 3452; x_wconf 81' lang='lat' dir='ltr'>cum</span> 
     </span>
     <span class='ocr_line' id='line_1_54' title="bbox 243 3473 2056 3524; baseline -0.004 -8"><span class='ocrx_word' id='word_1_390' title='bbox 243 3480 364 3516; x_wconf 85' lang='lat' dir='ltr'>laude</span> <span class='ocrx_word' id='word_1_391' title='bbox 388 3479 639 3524; x_wconf 84' lang='lat' dir='ltr'>propinatur.</span> <span class='ocrx_word' id='word_1_392' title='bbox 697 3479 858 3516; x_wconf 82' lang='lat' dir='ltr'>Similia</span> <span class='ocrx_word' id='word_1_393' title='bbox 881 3480 929 3515; x_wconf 84' lang='lat' dir='ltr'>de</span> <span class='ocrx_word' id='word_1_394' title='bbox 952 3477 1156 3516; x_wconf 84' lang='lat' dir='ltr'>Bromelia</span> <span class='ocrx_word' id='word_1_395' title='bbox 1177 3477 1353 3522; x_wconf 72' lang='lat' dir='ltr'>Pinguia</span> <span class='ocrx_word' id='word_1_396' title='bbox 1377 3474 1422 3512; x_wconf 80' lang='lat' dir='ltr'>L.</span> <span class='ocrx_word' id='word_1_397' title='bbox 1446 3475 1620 3519; x_wconf 73' lang='lat' dir='ltr'>aliisque</span> <span class='ocrx_word' id='word_1_398' title='bbox 1644 3474 1866 3519; x_wconf 74' lang='lat' dir='ltr'>‘speciebus</span> <span class='ocrx_word' id='word_1_399' title='bbox 1896 3473 2056 3517; x_wconf 84' lang='lat' dir='ltr'>praedi-</span> 
     </span>
    </p>
   </div>
  </div>
 </body>
</html>
