<?xml version="1.0" encoding="UTF-8"?>
<!DOCTYPE html PUBLIC "-//W3C//DTD XHTML 1.0 Transitional//EN"
    "http://www.w3.org/TR/xhtml1/DTD/xhtml1-transitional.dtd">
<html xmlns="http://www.w3.org/1999/xhtml" xml:lang="en" lang="en">
 <head>
  <title>
</title>
<meta http-equiv="Content-Type" content="text/html;charset=utf-8" />
  <meta name='ocr-system' content='tesseract 3.04.00' />
  <meta name='ocr-capabilities' content='ocr_page ocr_carea ocr_par ocr_line ocrx_word'/>
</head>
<body>
  <div class='ocr_page' id='page_1' title='image "./enchiridionbotan00endl/enchiridionbotan00endl_0627.png"; bbox 0 0 2147 3756; ppageno 0'>
   <div class='ocr_carea' id='block_1_1' title="bbox 940 109 1060 159">
    <p class='ocr_par' dir='ltr' id='par_1_1' title="bbox 940 109 1060 159">
     <span class='ocr_line' id='line_1_1' title="bbox 940 109 1060 159; baseline 0 -1"><span class='ocrx_word' id='word_1_1' title='bbox 940 109 1060 159; x_wconf 76' lang='lat'>609</span> 
     </span>
    </p>
   </div>
   <div class='ocr_carea' id='block_1_2' title="bbox 185 273 1904 1537">
    <p class='ocr_par' dir='ltr' id='par_1_2' title="bbox 185 273 1904 1537">
     <span class='ocr_line' id='line_1_2' title="bbox 195 273 1904 329; baseline -0.004 -7"><span class='ocrx_word' id='word_1_2' title='bbox 195 286 319 322; x_wconf 74' lang='lat'><strong>5972.</strong></span> <span class='ocrx_word' id='word_1_3' title='bbox 351 285 636 328; x_wconf 80' lang='lat' dir='ltr'>Zanthoxylon</span> <span class='ocrx_word' id='word_1_4' title='bbox 659 281 822 319; x_wconf 76' lang='lat' dir='ltr'>R&#39;mzth.</span> <span class='ocrx_word' id='word_1_5' title='bbox 1019 278 1059 320; x_wconf 78' lang='lat' dir='ltr'>G</span> <span class='ocrx_word' id='word_1_6' title='bbox 1071 290 1094 318; x_wconf 88' lang='lat' dir='ltr'>e</span> <span class='ocrx_word' id='word_1_7' title='bbox 1106 291 1132 317; x_wconf 90' lang='lat' dir='ltr'>n</span> <span class='ocrx_word' id='word_1_8' title='bbox 1148 289 1243 317; x_wconf 79' lang='lat' dir='ltr'>era</span> <span class='ocrx_word' id='word_1_9' title='bbox 1258 274 1291 315; x_wconf 90' lang='lat' dir='ltr'>Z</span> <span class='ocrx_word' id='word_1_10' title='bbox 1305 273 1434 315; x_wconf 82' lang='lat' dir='ltr'>anth</span> <span class='ocrx_word' id='word_1_11' title='bbox 1449 287 1473 315; x_wconf 91' lang='lat' dir='ltr'>o</span> <span class='ocrx_word' id='word_1_12' title='bbox 1485 274 1579 329; x_wconf 75' lang='lat' dir='ltr'>xyl</span> <span class='ocrx_word' id='word_1_13' title='bbox 1593 274 1670 316; x_wconf 85' lang='lat' dir='ltr'>eis</span> <span class='ocrx_word' id='word_1_14' title='bbox 1689 274 1829 317; x_wconf 81' lang='lat' dir='ltr'>affin</span> <span class='ocrx_word' id='word_1_15' title='bbox 1841 275 1854 316; x_wconf 93' lang='lat' dir='ltr'>i</span> <span class='ocrx_word' id='word_1_16' title='bbox 1867 287 1904 316; x_wconf 89' lang='lat' dir='ltr'>a.</span> 
     </span>
     <span class='ocr_line' id='line_1_3' title="bbox 252 333 1518 375; baseline -0.006 -7"><span class='ocrx_word' id='word_1_17' title='bbox 252 347 289 369; x_wconf 84' lang='grc' dir='ltr'>α.</span> <span class='ocrx_word' id='word_1_18' title='bbox 315 333 634 375; x_wconf 62' lang='lat' dir='ltr'>Euzunthoxjylon</span> <span class='ocrx_word' id='word_1_19' title='bbox 652 333 767 370; x_wconf 72' lang='lat' dir='ltr'>Emis.</span> <span class='ocrx_word' id='word_1_20' title='bbox 790 347 793 350; x_wconf 60' lang='lat'><strong>⁴</strong></span> <span class='ocrx_word' id='word_1_21' title='bbox 1511 364 1518 372; x_wconf 90' lang='lat'><strong>.</strong></span> 
     </span>
     <span class='ocr_line' id='line_1_4' title="bbox 409 361 1709 417; baseline -0.007 -8"><span class='ocrx_word' id='word_1_22' title='bbox 409 375 678 417; x_wconf 75' lang='lat' dir='ltr'>Zauthoxylon</span> <span class='ocrx_word' id='word_1_23' title='bbox 700 376 804 410; x_wconf 69' lang='lat' dir='ltr'>cola.</span> <span class='ocrx_word' id='word_1_24' title='bbox 1129 367 1252 404; x_wconf 85' lang='lat'><strong>5978.</strong></span> <span class='ocrx_word' id='word_1_25' title='bbox 1284 365 1550 407; x_wconf 70' lang='lat' dir='ltr'>Acronyrrlua</span> <span class='ocrx_word' id='word_1_26' title='bbox 1566 361 1709 400; x_wconf 72' lang='lat' dir='ltr'>Forst.</span> 
     </span>
     <span class='ocr_line' id='line_1_5' title="bbox 407 413 1740 459; baseline -0.005 -8"><span class='ocrx_word' id='word_1_27' title='bbox 407 419 552 459; x_wconf 64' lang='lat' dir='ltr'>Fugam</span> <span class='ocrx_word' id='word_1_28' title='bbox 570 421 716 451; x_wconf 69' lang='lat' dir='ltr'>Asinus.</span> <span class='ocrx_word' id='word_1_29' title='bbox 1341 413 1580 454; x_wconf 75' lang='lat' dir='ltr'>Cyminosma</span> <span class='ocrx_word' id='word_1_30' title='bbox 1601 413 1740 448; x_wconf 72' lang='lat' dir='ltr'>Giircn.</span> 
     </span>
     <span class='ocr_line' id='line_1_6' title="bbox 251 454 1726 494; baseline -0.005 0"><span class='ocrx_word' id='word_1_31' title='bbox 251 461 285 494; x_wconf 82' lang='lat' dir='ltr'>b.</span> <span class='ocrx_word' id='word_1_32' title='bbox 311 461 470 494; x_wconf 78' lang='lat' dir='ltr'>Pterota</span> <span class='ocrx_word' id='word_1_33' title='bbox 490 462 531 493; x_wconf 72' lang='grc' dir='ltr'>Ι).</span> <span class='ocrx_word' id='word_1_34' title='bbox 556 461 706 493; x_wconf 65' lang='lat' dir='ltr'>Iit-men..</span> <span class='ocrx_word' id='word_1_35' title='bbox 1338 454 1594 489; x_wconf 74' lang='lat' dir='ltr'>Jambnlifera</span> <span class='ocrx_word' id='word_1_36' title='bbox 1614 456 1726 490; x_wconf 77' lang='lat' dir='ltr'>Linn.</span> 
     </span>
     <span class='ocr_line' id='line_1_7' title="bbox 408 497 1573 537; baseline -0.005 -3"><span class='ocrx_word' id='word_1_37' title='bbox 408 504 564 535; x_wconf 71' lang='lat' dir='ltr'>Lacaris</span> <span class='ocrx_word' id='word_1_38' title='bbox 584 502 747 537; x_wconf 76' lang='lat' dir='ltr'>Ilnmilc.</span> <span class='ocrx_word' id='word_1_39' title='bbox 1343 497 1441 532; x_wconf 83' lang='lat' dir='ltr'>Gela</span> <span class='ocrx_word' id='word_1_40' title='bbox 1457 497 1573 530; x_wconf 76' lang='lat' dir='ltr'>Lonr.</span> 
     </span>
     <span class='ocr_line' id='line_1_8' title="bbox 252 537 1739 586; baseline -0.004 -8"><span class='ocrx_word' id='word_1_41' title='bbox 252 556 285 579; x_wconf 83' lang='lat' dir='ltr'>c.</span> <span class='ocrx_word' id='word_1_42' title='bbox 311 545 457 586; x_wconf 68' lang='lat' dir='ltr'>Fagaffl</span> <span class='ocrx_word' id='word_1_43' title='bbox 478 546 584 578; x_wconf 77' lang='lat' dir='ltr'>Lam.</span> <span class='ocrx_word' id='word_1_44' title='bbox 1340 540 1579 574; x_wconf 78' lang='lat' dir='ltr'>Laxmannia</span> <span class='ocrx_word' id='word_1_45' title='bbox 1600 537 1739 574; x_wconf 68' lang='lat' dir='ltr'>Smitlae.</span> 
     </span>
     <span class='ocr_line' id='line_1_9' title="bbox 346 581 1691 620; baseline -0.005 0"><span class='ocrx_word' id='word_1_46' title='bbox 346 597 349 599; x_wconf 87' lang='lat'>·</span> <span class='ocrx_word' id='word_1_47' title='bbox 407 587 573 620; x_wconf 72' lang='lat' dir='ltr'>&#39;l&#39;nhinia</span> <span class='ocrx_word' id='word_1_48' title='bbox 594 586 703 620; x_wconf 62' lang='grc' dir='ltr'>Πρω.</span> <span class='ocrx_word' id='word_1_49' title='bbox 1339 582 1512 617; x_wconf 83' lang='lat' dir='ltr'>Doriena</span> <span class='ocrx_word' id='word_1_50' title='bbox 1528 581 1691 617; x_wconf 79' lang='lat' dir='ltr'>Demtst.</span> 
     </span>
     <span class='ocr_line' id='line_1_10' title="bbox 254 628 1467 671; baseline -0.005 -7"><span class='ocrx_word' id='word_1_51' title='bbox 254 631 289 664; x_wconf 80' lang='lat' dir='ltr'>d.</span> <span class='ocrx_word' id='word_1_52' title='bbox 318 629 573 671; x_wconf 63' lang='lat' dir='ltr'>Ochroxylum</span> <span class='ocrx_word' id='word_1_53' title='bbox 593 628 748 663; x_wconf 73' lang='lat' dir='ltr'>Schreb.</span> <span class='ocrx_word' id='word_1_54' title='bbox 1444 641 1467 665; x_wconf 53' lang='grc' dir='ltr'>,ρ</span> 
     </span>
     <span class='ocr_line' id='line_1_11' title="bbox 409 671 755 705; baseline -0.006 0"><span class='ocrx_word' id='word_1_55' title='bbox 409 673 578 705; x_wconf 68' lang='lat' dir='ltr'>Curtisia</span> <span class='ocrx_word' id='word_1_56' title='bbox 599 671 755 705; x_wconf 74' lang='lat' dir='ltr'>Scltreb.</span> 
     </span>
     <span class='ocr_line' id='line_1_12' title="bbox 404 700 1637 758; baseline -0.01 -11"><span class='ocrx_word' id='word_1_57' title='bbox 404 715 679 758; x_wconf 74' lang='lat' dir='ltr'>Kampmannia</span> <span class='ocrx_word' id='word_1_58' title='bbox 699 713 798 757; x_wconf 71' lang='lat' dir='ltr'>Rus.</span> <span class='ocrx_word' id='word_1_59' title='bbox 1127 705 1252 742; x_wconf 82' lang='grc'><strong>5979.</strong></span> <span class='ocrx_word' id='word_1_60' title='bbox 1284 703 1497 748; x_wconf 69' lang='grc' dir='ltr'>ΞΡῆῘῘΙΘΙὶλ</span> <span class='ocrx_word' id='word_1_61' title='bbox 1513 700 1637 739; x_wconf 69' lang='grc' dir='ltr'><em>[Ᾰηη.</em></span> 
     </span>
     <span class='ocr_line' id='line_1_13' title="bbox 198 751 1635 800; baseline -0.005 -9"><span class='ocrx_word' id='word_1_62' title='bbox 198 768 214 781; x_wconf 77' lang='grc'>··</span> <span class='ocrx_word' id='word_1_63' title='bbox 405 758 638 790; x_wconf 78' lang='lat' dir='ltr'>l’entanonw</span> <span class='ocrx_word' id='word_1_64' title='bbox 657 756 759 800; x_wconf 70' lang='lat' dir='ltr'><strong>JIns.</strong></span> <span class='ocrx_word' id='word_1_65' title='bbox 781 760 818 790; x_wconf 84' lang='lat' dir='ltr'>et</span> <span class='ocrx_word' id='word_1_66' title='bbox 837 752 937 790; x_wconf 82' lang='lat' dir='ltr'>Sess.</span> <span class='ocrx_word' id='word_1_67' title='bbox 1340 752 1484 797; x_wconf 83' lang='lat' dir='ltr'>Spathe</span> <span class='ocrx_word' id='word_1_68' title='bbox 1502 751 1546 786; x_wconf 87' lang='grc' dir='ltr'>Ρ.</span> <span class='ocrx_word' id='word_1_69' title='bbox 1565 751 1635 785; x_wconf 81' lang='lat' dir='ltr'>Br.</span> 
     </span>
     <span class='ocr_line' id='line_1_14' title="bbox 252 798 1470 836; baseline -0.008 -2"><span class='ocrx_word' id='word_1_70' title='bbox 252 810 283 834; x_wconf 85' lang='lat' dir='ltr'>e.</span> <span class='ocrx_word' id='word_1_71' title='bbox 308 798 480 834; x_wconf 72' lang='lat' dir='ltr'>Pohlana</span> <span class='ocrx_word' id='word_1_72' title='bbox 498 800 594 832; x_wconf 66' lang='lat' dir='ltr'>Nees</span> <span class='ocrx_word' id='word_1_73' title='bbox 614 804 656 831; x_wconf 77' lang='lat' dir='ltr'>et‘</span> <span class='ocrx_word' id='word_1_74' title='bbox 669 800 791 830; x_wconf 72' lang='lat' dir='ltr'>Mart.</span> <span class='ocrx_word' id='word_1_75' title='bbox 1446 811 1470 836; x_wconf 53' lang='lat'>,3</span> 
     </span>
     <span class='ocr_line' id='line_1_15' title="bbox 403 840 1264 881; baseline -0.005 -7"><span class='ocrx_word' id='word_1_76' title='bbox 403 843 649 881; x_wconf 60' lang='lat' dir='ltr'>Laus-&#39;stlortia</span> <span class='ocrx_word' id='word_1_77' title='bbox 671 840 835 873; x_wconf 79' lang='lat' dir='ltr'>Lemtdr.</span> <span class='ocrx_word' id='word_1_78' title='bbox 1261 875 1264 878; x_wconf 84' lang='lat'>.</span> 
     </span>
     <span class='ocr_line' id='line_1_16' title="bbox 403 870 1650 924; baseline -0.006 -8"><span class='ocrx_word' id='word_1_79' title='bbox 403 885 601 924; x_wconf 74' lang='lat' dir='ltr'>Maqueria</span> <span class='ocrx_word' id='word_1_80' title='bbox 621 883 827 916; x_wconf 61' lang='lat' dir='ltr'>Gonane-rs.</span> <span class='ocrx_word' id='word_1_81' title='bbox 1125 875 1249 911; x_wconf 83' lang='grc'><strong>5980.</strong></span> <span class='ocrx_word' id='word_1_82' title='bbox 1279 874 1506 910; x_wconf 77' lang='lat' dir='ltr'>Ailalllhus</span> <span class='ocrx_word' id='word_1_83' title='bbox 1524 870 1650 922; x_wconf 82' lang='lat' dir='ltr'><em>DCSf.</em></span> 
     </span>
     <span class='ocr_line' id='line_1_17' title="bbox 238 925 781 972; baseline -0.007 -12"><span class='ocrx_word' id='word_1_84' title='bbox 238 925 284 972; x_wconf 87' lang='lat' dir='ltr'>f.</span> <span class='ocrx_word' id='word_1_85' title='bbox 307 925 454 959; x_wconf 76' lang='lat' dir='ltr'>Rhetsa</span> <span class='ocrx_word' id='word_1_86' title='bbox 477 925 613 967; x_wconf 71' lang='lat' dir='ltr'>lt&#39;igm</span> <span class='ocrx_word' id='word_1_87' title='bbox 631 929 668 957; x_wconf 76' lang='lat' dir='ltr'>er</span> <span class='ocrx_word' id='word_1_88' title='bbox 685 925 781 957; x_wconf 76' lang='lat' dir='ltr'>Ara.</span> 
     </span>
     <span class='ocr_line' id='line_1_18' title="bbox 404 967 1671 1016; baseline -0.006 4"><span class='ocrx_word' id='word_1_89' title='bbox 404 967 575 1011; x_wconf 70' lang='lat' dir='ltr'>Typalia</span> <span class='ocrx_word' id='word_1_90' title='bbox 592 967 752 1000; x_wconf 78' lang='lat' dir='ltr'>Deunsc.</span> <span class='ocrx_word' id='word_1_91' title='bbox 1241 974 1277 1015; x_wconf 90' lang='lat' dir='ltr'>G</span> <span class='ocrx_word' id='word_1_92' title='bbox 1292 988 1351 1016; x_wconf 88' lang='lat' dir='ltr'>en</span> <span class='ocrx_word' id='word_1_93' title='bbox 1367 987 1459 1015; x_wconf 84' lang='lat' dir='ltr'>era</span> <span class='ocrx_word' id='word_1_94' title='bbox 1491 974 1671 1014; x_wconf 76' lang='lat' dir='ltr'>dubia.</span> 
     </span>
     <span class='ocr_line' id='line_1_19' title="bbox 242 1011 629 1055; baseline -0.01 -10"><span class='ocrx_word' id='word_1_95' title='bbox 242 1021 280 1055; x_wconf 79' lang='lat' dir='ltr'>g.</span> <span class='ocrx_word' id='word_1_96' title='bbox 307 1011 494 1044; x_wconf 75' lang='lat' dir='ltr'>Aubertia</span> <span class='ocrx_word' id='word_1_97' title='bbox 516 1011 629 1054; x_wconf 70' lang='lat' dir='ltr'>Bury.</span> 
     </span>
     <span class='ocr_line' id='line_1_20' title="bbox 399 1049 1808 1129; baseline 0.009 -44"><span class='ocrx_word' id='word_1_98' title='bbox 399 1049 806 1129; x_wconf 39' lang='lat' dir='ltr'>{fig&#39;sstlt&#39;glrftlaltslssxxph⁶</span> <span class='ocrx_word' id='word_1_99' title='bbox 1126 1066 1249 1100; x_wconf 78' lang='lat'>5981.</span> <span class='ocrx_word' id='word_1_100' title='bbox 1282 1065 1551 1100; x_wconf 81' lang='lat' dir='ltr'>Pseudiostna</span> <span class='ocrx_word' id='word_1_101' title='bbox 1572 1060 1670 1097; x_wconf 68' lang='grc' dir='ltr'>Λᾶν.</span> <span class='ocrx_word' id='word_1_102' title='bbox 1689 1060 1808 1098; x_wconf 76' lang='lat' dir='ltr'>Jecss.</span> 
     </span>
     <span class='ocr_line' id='line_1_21' title="bbox 187 1118 1667 1185; baseline -0.007 -20"><span class='ocrx_word' id='word_1_103' title='bbox 187 1147 313 1182; x_wconf 53' lang='lat'><strong>5973·</strong></span> <span class='ocrx_word' id='word_1_104' title='bbox 346 1146 628 1182; x_wconf 48' lang='lat' dir='ltr'>Blaekbumia</span> <span class='ocrx_word' id='word_1_105' title='bbox 649 1141 790 1180; x_wconf 47' lang='lat' dir='ltr'>porsc-</span> <span class='ocrx_word' id='word_1_106' title='bbox 1127 1123 1252 1156; x_wconf 79' lang='lat'>5982.</span> <span class='ocrx_word' id='word_1_107' title='bbox 1286 1118 1667 1185; x_wconf 64' lang='lat' dir='ltr'>&#39;l&#39;etl·atlittiitL(1m·.</span> 
     </span>
     <span class='ocr_line' id='line_1_22' title="bbox 350 1175 1688 1228; baseline -0.003 -14"><span class='ocrx_word' id='word_1_108' title='bbox 350 1200 352 1202; x_wconf 39' lang='lat' dir='ltr'>v</span> <span class='ocrx_word' id='word_1_109' title='bbox 400 1194 665 1228; x_wconf 61' lang='lat' dir='ltr'>mackbumea</span> <span class='ocrx_word' id='word_1_110' title='bbox 681 1189 833 1226; x_wconf 53' lang='grc' dir='ltr'>Κηηῃι,</span> <span class='ocrx_word' id='word_1_111' title='bbox 989 1195 991 1197; x_wconf 96' lang='grc'>-</span> <span class='ocrx_word' id='word_1_112' title='bbox 1127 1180 1252 1212; x_wconf 82' lang='grc'>5983.</span> <span class='ocrx_word' id='word_1_113' title='bbox 1284 1179 1531 1220; x_wconf 78' lang='lat' dir='ltr'>Philagonta</span> <span class='ocrx_word' id='word_1_114' title='bbox 1549 1175 1688 1218; x_wconf 68' lang='lat' dir='ltr'>Blum.</span> 
     </span>
     <span class='ocr_line' id='line_1_23' title="bbox 187 1232 1645 1288; baseline -0.007 -6"><span class='ocrx_word' id='word_1_115' title='bbox 187 1246 311 1282; x_wconf 79' lang='grc'><strong>5974.</strong></span> <span class='ocrx_word' id='word_1_116' title='bbox 343 1247 517 1288; x_wconf 74' lang='lat' dir='ltr'>Boymia</span> <span class='ocrx_word' id='word_1_117' title='bbox 533 1242 634 1279; x_wconf 77' lang='lat' dir='ltr'>Acir.</span> <span class='ocrx_word' id='word_1_118' title='bbox 651 1243 770 1278; x_wconf 80' lang='lat' dir='ltr'>Juss.</span> <span class='ocrx_word' id='word_1_119' title='bbox 1127 1237 1251 1270; x_wconf 77' lang='lat'><strong>5984.</strong></span> <span class='ocrx_word' id='word_1_120' title='bbox 1283 1234 1489 1269; x_wconf 83' lang='lat' dir='ltr'>Bischofia</span> <span class='ocrx_word' id='word_1_121' title='bbox 1507 1232 1645 1268; x_wconf 75' lang='lat' dir='ltr'>Blam-</span> 
     </span>
     <span class='ocr_line' id='line_1_24' title="bbox 188 1287 1583 1339; baseline -0.006 0"><span class='ocrx_word' id='word_1_122' title='bbox 188 1303 312 1339; x_wconf 81' lang='lat'><strong>5975.</strong></span> <span class='ocrx_word' id='word_1_123' title='bbox 343 1303 543 1338; x_wconf 58' lang='lat' dir='ltr'>&#39;formaria</span> <span class='ocrx_word' id='word_1_124' title='bbox 560 1301 677 1336; x_wconf 72' lang='lat' dir='ltr'>Jnss.</span> <span class='ocrx_word' id='word_1_125' title='bbox 1124 1294 1249 1327; x_wconf 80' lang='lat'>5985.</span> <span class='ocrx_word' id='word_1_126' title='bbox 1279 1292 1473 1332; x_wconf 73' lang='lat' dir='ltr'>Asatmes</span> <span class='ocrx_word' id='word_1_127' title='bbox 1491 1287 1583 1322; x_wconf 76' lang='lat' dir='ltr'>DC-</span> 
     </span>
     <span class='ocr_line' id='line_1_25' title="bbox 400 1338 1646 1394; baseline -0.01 -10"><span class='ocrx_word' id='word_1_128' title='bbox 400 1350 581 1394; x_wconf 72' lang='lat' dir='ltr'>Scopulia</span> <span class='ocrx_word' id='word_1_129' title='bbox 604 1347 743 1382; x_wconf 79' lang='lat' dir='ltr'>Smich.</span> <span class='ocrx_word' id='word_1_130' title='bbox 1134 1385 1137 1389; x_wconf 92' lang='lat'>.</span> <span class='ocrx_word' id='word_1_131' title='bbox 1274 1357 1277 1360; x_wconf 61' lang='lat'><em>&gt;</em></span> <span class='ocrx_word' id='word_1_132' title='bbox 1339 1339 1477 1372; x_wconf 72' lang='lat' dir='ltr'>Roscia</span> <span class='ocrx_word' id='word_1_133' title='bbox 1498 1338 1646 1372; x_wconf 76' lang='lat' dir='ltr'>Tltunb.</span> 
     </span>
     <span class='ocr_line' id='line_1_26' title="bbox 401 1386 1766 1431; baseline -0.003 -5"><span class='ocrx_word' id='word_1_134' title='bbox 401 1393 583 1426; x_wconf 72' lang='lat' dir='ltr'>crantzia</span> <span class='ocrx_word' id='word_1_135' title='bbox 602 1390 756 1425; x_wconf 75' lang='lat' dir='ltr'>Schreb.</span> <span class='ocrx_word' id='word_1_136' title='bbox 1002 1429 1005 1431; x_wconf 64' lang='lat'>‚</span> <span class='ocrx_word' id='word_1_137' title='bbox 1337 1388 1538 1421; x_wconf 77' lang='lat' dir='ltr'>Duneania</span> <span class='ocrx_word' id='word_1_138' title='bbox 1555 1386 1766 1422; x_wconf 54' lang='lat' dir='ltr'>licit-lienb-</span> 
     </span>
     <span class='ocr_line' id='line_1_27' title="bbox 186 1435 1640 1487; baseline -0.003 -8"><span class='ocrx_word' id='word_1_139' title='bbox 186 1444 310 1480; x_wconf 82' lang='lat'><strong>5976.</strong></span> <span class='ocrx_word' id='word_1_140' title='bbox 341 1444 490 1487; x_wconf 79' lang='lat' dir='ltr'>Vepris</span> <span class='ocrx_word' id='word_1_141' title='bbox 512 1441 738 1476; x_wconf 75' lang='lat' dir='ltr'>Ctmzmers.</span> <span class='ocrx_word' id='word_1_142' title='bbox 1124 1440 1249 1476; x_wconf 81' lang='grc'><strong>5986.</strong></span> <span class='ocrx_word' id='word_1_143' title='bbox 1280 1440 1469 1475; x_wconf 78' lang='lat' dir='ltr'>Phelline</span> <span class='ocrx_word' id='word_1_144' title='bbox 1486 1435 1640 1475; x_wconf 61' lang='lat' dir='ltr'>Labra.</span> 
     </span>
     <span class='ocr_line' id='line_1_28' title="bbox 185 1492 1610 1537; baseline -0.004 -1"><span class='ocrx_word' id='word_1_145' title='bbox 185 1502 309 1537; x_wconf 80' lang='lat'><strong>5977.</strong></span> <span class='ocrx_word' id='word_1_146' title='bbox 340 1501 480 1536; x_wconf 78' lang='lat' dir='ltr'><strong>Ptelea</strong></span> <span class='ocrx_word' id='word_1_147' title='bbox 500 1497 623 1533; x_wconf 74' lang='lat' dir='ltr'>Le&#39;tm.</span> <span class='ocrx_word' id='word_1_148' title='bbox 1122 1497 1246 1534; x_wconf 78' lang='lat'><strong>5987.</strong></span> <span class='ocrx_word' id='word_1_149' title='bbox 1279 1495 1492 1532; x_wconf 84' lang='lat' dir='ltr'>Guindilia</span> <span class='ocrx_word' id='word_1_150' title='bbox 1511 1492 1610 1531; x_wconf 70' lang='lat' dir='ltr'><em>Gz‘ll.</em></span> 
     </span>
    </p>
   </div>
   <div class='ocr_carea' id='block_1_3' title="bbox 398 1547 761 1583">
    <p class='ocr_par' dir='ltr' id='par_1_3' title="bbox 398 1547 761 1583">
     <span class='ocr_line' id='line_1_29' title="bbox 398 1547 761 1583; baseline -0.006 -1"><span class='ocrx_word' id='word_1_151' title='bbox 398 1547 597 1582; x_wconf 82' lang='lat' dir='ltr'>Belluceia</span> <span class='ocrx_word' id='word_1_152' title='bbox 613 1547 761 1583; x_wconf 71' lang='lat' dir='ltr'>Atlans.</span> 
     </span>
    </p>
   </div>
   <div class='ocr_carea' id='block_1_4' title="bbox 63 1635 1903 2200">
    <p class='ocr_par' dir='ltr' id='par_1_4' title="bbox 63 1635 1903 2200">
     <span class='ocr_line' id='line_1_30' title="bbox 210 1635 1903 1686; baseline -0.004 -5"><span class='ocrx_word' id='word_1_153' title='bbox 210 1635 532 1681; x_wconf 75' lang='lat' dir='ltr'>Affinitas.</span> <span class='ocrx_word' id='word_1_154' title='bbox 592 1643 902 1686; x_wconf 78' lang='lat' dir='ltr'>Zanthoxyleae</span> <span class='ocrx_word' id='word_1_155' title='bbox 926 1639 1229 1678; x_wconf 85' lang='lat' dir='ltr'>Simarubaceis</span> <span class='ocrx_word' id='word_1_156' title='bbox 1253 1642 1291 1677; x_wconf 87' lang='lat' dir='ltr'>et</span> <span class='ocrx_word' id='word_1_157' title='bbox 1313 1638 1518 1677; x_wconf 88' lang='lat' dir='ltr'>Diosmeis</span> <span class='ocrx_word' id='word_1_158' title='bbox 1541 1637 1740 1675; x_wconf 83' lang='lat' dir='ltr'>affinitate</span> <span class='ocrx_word' id='word_1_159' title='bbox 1761 1637 1903 1682; x_wconf 88' lang='lat' dir='ltr'>proxi-</span> 
     </span>
     <span class='ocr_line' id='line_1_31' title="bbox 69 1695 1902 1748; baseline -0.003 -11"><span class='ocrx_word' id='word_1_160' title='bbox 69 1708 161 1737; x_wconf 84' lang='lat' dir='ltr'>mae</span> <span class='ocrx_word' id='word_1_161' title='bbox 186 1704 303 1748; x_wconf 87' lang='lat' dir='ltr'>sunt,</span> <span class='ocrx_word' id='word_1_162' title='bbox 336 1704 385 1736; x_wconf 87' lang='lat' dir='ltr'>ab</span> <span class='ocrx_word' id='word_1_163' title='bbox 411 1701 475 1736; x_wconf 88' lang='lat' dir='ltr'>his</span> <span class='ocrx_word' id='word_1_164' title='bbox 500 1700 665 1736; x_wconf 87' lang='lat' dir='ltr'>floribus</span> <span class='ocrx_word' id='word_1_165' title='bbox 691 1700 914 1735; x_wconf 89' lang='lat' dir='ltr'>diclinibus</span> <span class='ocrx_word' id='word_1_166' title='bbox 938 1703 975 1735; x_wconf 91' lang='lat' dir='ltr'>et</span> <span class='ocrx_word' id='word_1_167' title='bbox 999 1699 1190 1736; x_wconf 88' lang='lat' dir='ltr'>interiore</span> <span class='ocrx_word' id='word_1_168' title='bbox 1216 1698 1373 1733; x_wconf 84' lang='lat' dir='ltr'>fructus</span> <span class='ocrx_word' id='word_1_169' title='bbox 1400 1697 1578 1742; x_wconf 87' lang='lat' dir='ltr'>fabrica,</span> <span class='ocrx_word' id='word_1_170' title='bbox 1611 1699 1660 1732; x_wconf 87' lang='lat' dir='ltr'>ab</span> <span class='ocrx_word' id='word_1_171' title='bbox 1685 1695 1772 1732; x_wconf 88' lang='lat' dir='ltr'>illis</span> <span class='ocrx_word' id='word_1_172' title='bbox 1789 1706 1902 1740; x_wconf 85' lang='lat' dir='ltr'>gem-</span> 
     </span>
     <span class='ocr_line' id='line_1_32' title="bbox 69 1755 1901 1793; baseline -0.002 0"><span class='ocrx_word' id='word_1_173' title='bbox 69 1759 272 1793; x_wconf 90' lang='lat' dir='ltr'>mularum</span> <span class='ocrx_word' id='word_1_174' title='bbox 302 1767 467 1792; x_wconf 89' lang='lat' dir='ltr'>numero</span> <span class='ocrx_word' id='word_1_175' title='bbox 499 1760 536 1792; x_wconf 87' lang='lat' dir='ltr'>et</span> <span class='ocrx_word' id='word_1_176' title='bbox 567 1757 792 1793; x_wconf 88' lang='lat' dir='ltr'>seminibus</span> <span class='ocrx_word' id='word_1_177' title='bbox 824 1756 1097 1792; x_wconf 85' lang='lat' dir='ltr'>albuminosis</span> <span class='ocrx_word' id='word_1_178' title='bbox 1127 1756 1358 1791; x_wconf 73' lang='lat' dir='ltr'>distinctae.</span> <span class='ocrx_word' id='word_1_179' title='bbox 1417 1755 1500 1789; x_wconf 85' lang='lat' dir='ltr'>Nec</span> <span class='ocrx_word' id='word_1_180' title='bbox 1532 1757 1684 1788; x_wconf 87' lang='lat' dir='ltr'>remota</span> <span class='ocrx_word' id='word_1_181' title='bbox 1713 1757 1775 1788; x_wconf 81' lang='lat' dir='ltr'>est.</span> <span class='ocrx_word' id='word_1_182' title='bbox 1807 1762 1901 1790; x_wconf 90' lang='lat' dir='ltr'>cum</span> 
     </span>
     <span class='ocr_line' id='line_1_33' title="bbox 68 1809 1900 1859; baseline -0.002 -10"><span class='ocrx_word' id='word_1_183' title='bbox 68 1813 413 1859; x_wconf 84' lang='lat' dir='ltr'>Anacardiaceis,</span> <span class='ocrx_word' id='word_1_184' title='bbox 447 1814 713 1849; x_wconf 83' lang='lat' dir='ltr'>Burseraceis</span> <span class='ocrx_word' id='word_1_185' title='bbox 744 1817 866 1856; x_wconf 82' lang='lat' dir='ltr'>atque</span> <span class='ocrx_word' id='word_1_186' title='bbox 893 1813 1136 1855; x_wconf 75' lang='lat' dir='ltr'>Amyrideis</span> <span class='ocrx_word' id='word_1_187' title='bbox 1162 1811 1445 1856; x_wconf 71' lang='lat' dir='ltr'>necessitudo,</span> <span class='ocrx_word' id='word_1_188' title='bbox 1478 1810 1599 1845; x_wconf 80' lang='lat' dir='ltr'>etiam</span> <span class='ocrx_word' id='word_1_189' title='bbox 1631 1809 1900 1852; x_wconf 81' lang='lat' dir='ltr'>qualitatibus</span> 
     </span>
     <span class='ocr_line' id='line_1_34' title="bbox 68 1866 1899 1915; baseline -0.002 -9"><span class='ocrx_word' id='word_1_190' title='bbox 68 1870 316 1914; x_wconf 85' lang='lat' dir='ltr'>confirmata.</span> <span class='ocrx_word' id='word_1_191' title='bbox 374 1872 439 1914; x_wconf 91' lang='lat' dir='ltr'>Ad</span> <span class='ocrx_word' id='word_1_192' title='bbox 462 1871 797 1913; x_wconf 87' lang='lat' dir='ltr'>Euphorbiaceas</span> <span class='ocrx_word' id='word_1_193' title='bbox 828 1870 1012 1913; x_wconf 89' lang='lat' dir='ltr'>pluribus</span> <span class='ocrx_word' id='word_1_194' title='bbox 1043 1869 1171 1915; x_wconf 90' lang='lat' dir='ltr'>notis,</span> <span class='ocrx_word' id='word_1_195' title='bbox 1203 1869 1370 1904; x_wconf 87' lang='lat' dir='ltr'>floribus</span> <span class='ocrx_word' id='word_1_196' title='bbox 1395 1866 1664 1912; x_wconf 74' lang='lat' dir='ltr'><strong>imperfectis,</strong></span> <span class='ocrx_word' id='word_1_197' title='bbox 1699 1866 1833 1901; x_wconf 86' lang='lat' dir='ltr'>fructu</span> <span class='ocrx_word' id='word_1_198' title='bbox 1855 1866 1899 1902; x_wconf 89' lang='lat' dir='ltr'>in</span> 
     </span>
     <span class='ocr_line' id='line_1_35' title="bbox 68 1926 1901 1972; baseline -0.002 -10"><span class='ocrx_word' id='word_1_199' title='bbox 68 1936 212 1963; x_wconf 87' lang='lat' dir='ltr'>coccos</span> <span class='ocrx_word' id='word_1_200' title='bbox 228 1936 375 1964; x_wconf 89' lang='lat' dir='ltr'>mono-</span> <span class='ocrx_word' id='word_1_201' title='bbox 390 1937 429 1963; x_wconf 87' lang='lat' dir='ltr'>v.</span> <span class='ocrx_word' id='word_1_202' title='bbox 450 1928 673 1971; x_wconf 85' lang='lat' dir='ltr'>dispermos</span> <span class='ocrx_word' id='word_1_203' title='bbox 692 1928 916 1972; x_wconf 76' lang='lat' dir='ltr'>dilabente,</span> <span class='ocrx_word' id='word_1_204' title='bbox 949 1926 1149 1962; x_wconf 88' lang='lat' dir='ltr'>seminum</span> <span class='ocrx_word' id='word_1_205' title='bbox 1167 1926 1441 1969; x_wconf 80' lang='lat' dir='ltr'>integumento</span> <span class='ocrx_word' id='word_1_206' title='bbox 1460 1930 1585 1966; x_wconf 81' lang='lat' dir='ltr'>saepe</span> <span class='ocrx_word' id='word_1_207' title='bbox 1603 1927 1832 1969; x_wconf 79' lang='lat' dir='ltr'>crustaceo,</span> <span class='ocrx_word' id='word_1_208' title='bbox 1860 1927 1901 1959; x_wconf 86' lang='lat' dir='ltr'>et</span> 
     </span>
     <span class='ocr_line' id='line_1_36' title="bbox 68 1980 1899 2029; baseline -0.003 -9"><span class='ocrx_word' id='word_1_209' title='bbox 68 1987 287 2027; x_wconf 84' lang='lat' dir='ltr'>embryone</span> <span class='ocrx_word' id='word_1_210' title='bbox 310 1984 418 2020; x_wconf 90' lang='lat' dir='ltr'>intra</span> <span class='ocrx_word' id='word_1_211' title='bbox 441 1987 633 2020; x_wconf 77' lang='lat' dir='ltr'>albumen</span> <span class='ocrx_word' id='word_1_212' title='bbox 658 1993 875 2020; x_wconf 86' lang='lat' dir='ltr'>carnosum</span> <span class='ocrx_word' id='word_1_213' title='bbox 892 1984 1076 2029; x_wconf 76' lang='lat' dir='ltr'>inverso,</span> <span class='ocrx_word' id='word_1_214' title='bbox 1109 1984 1326 2026; x_wconf 88' lang='lat' dir='ltr'>accedunt,</span> <span class='ocrx_word' id='word_1_215' title='bbox 1360 1980 1560 2023; x_wconf 79' lang='lat' dir='ltr'>imprimis</span> <span class='ocrx_word' id='word_1_216' title='bbox 1578 1980 1899 2021; x_wconf 84' lang='lat' dir='ltr'>elementiscar-</span> 
     </span>
     <span class='ocr_line' id='line_1_37' title="bbox 64 2036 1899 2090; baseline -0.002 -14"><span class='ocrx_word' id='word_1_217' title='bbox 64 2040 172 2084; x_wconf 84' lang='lat' dir='ltr'>picis</span> <span class='ocrx_word' id='word_1_218' title='bbox 190 2041 422 2084; x_wconf 88' lang='lat' dir='ltr'>origetenus</span> <span class='ocrx_word' id='word_1_219' title='bbox 439 2041 581 2076; x_wconf 89' lang='lat' dir='ltr'>liberis</span> <span class='ocrx_word' id='word_1_220' title='bbox 599 2041 800 2090; x_wconf 81' lang='lat' dir='ltr'>diversae.</span> <span class='ocrx_word' id='word_1_221' title='bbox 852 2040 1004 2089; x_wconf 80' lang='lat' dir='ltr'>Habitu</span> <span class='ocrx_word' id='word_1_222' title='bbox 1022 2042 1245 2075; x_wconf 80' lang='lat' dir='ltr'>nonnullae</span> <span class='ocrx_word' id='word_1_223' title='bbox 1261 2038 1486 2074; x_wconf 83' lang='lat' dir='ltr'>Fraxinum</span> <span class='ocrx_word' id='word_1_224' title='bbox 1503 2036 1705 2082; x_wconf 86' lang='lat' dir='ltr'>referunt,</span> <span class='ocrx_word' id='word_1_225' title='bbox 1732 2038 1899 2072; x_wconf 87' lang='lat' dir='ltr'>Pteleae</span> 
     </span>
     <span class='ocr_line' id='line_1_38' title="bbox 64 2093 1898 2138; baseline -0.002 -6"><span class='ocrx_word' id='word_1_226' title='bbox 64 2097 201 2132; x_wconf 86' lang='lat' dir='ltr'>fructu</span> <span class='ocrx_word' id='word_1_227' title='bbox 224 2107 303 2132; x_wconf 91' lang='lat' dir='ltr'>non</span> <span class='ocrx_word' id='word_1_228' title='bbox 327 2101 542 2133; x_wconf 83' lang='lat' dir='ltr'>obscuram</span> <span class='ocrx_word' id='word_1_229' title='bbox 567 2106 657 2133; x_wconf 87' lang='lat' dir='ltr'>cum</span> <span class='ocrx_word' id='word_1_230' title='bbox 672 2097 795 2133; x_wconf 87' lang='lat' dir='ltr'>istius</span> <span class='ocrx_word' id='word_1_231' title='bbox 812 2105 979 2133; x_wconf 84' lang='lat' dir='ltr'>samara</span> <span class='ocrx_word' id='word_1_232' title='bbox 994 2096 1305 2133; x_wconf 87' lang='lat' dir='ltr'>similitudinem</span> <span class='ocrx_word' id='word_1_233' title='bbox 1319 2095 1526 2138; x_wconf 84' lang='lat' dir='ltr'>prodente.</span> <span class='ocrx_word' id='word_1_234' title='bbox 1584 2093 1788 2128; x_wconf 87' lang='lat' dir='ltr'>Remotior</span> <span class='ocrx_word' id='word_1_235' title='bbox 1805 2102 1898 2129; x_wconf 85' lang='lat' dir='ltr'>cum</span> 
     </span>
     <span class='ocr_line' id='line_1_39' title="bbox 63 2147 1144 2200; baseline -0.004 -9"><span class='ocrx_word' id='word_1_236' title='bbox 63 2153 356 2191; x_wconf 87' lang='lat' dir='ltr'>Aurantiaceis</span> <span class='ocrx_word' id='word_1_237' title='bbox 373 2153 566 2200; x_wconf 85' lang='lat' dir='ltr'>affinitas.</span> <span class='ocrx_word' id='word_1_238' title='bbox 1025 2147 1033 2155; x_wconf 85' lang='grc'><em>“</em></span> <span class='ocrx_word' id='word_1_239' title='bbox 1141 2160 1144 2163; x_wconf 55' lang='lat'><strong>⁴</strong></span> 
     </span>
    </p>
   </div>
   <div class='ocr_carea' id='block_1_5' title="bbox 64 2217 1900 2433">
    <p class='ocr_par' dir='ltr' id='par_1_5' title="bbox 64 2217 1900 2433">
     <span class='ocr_line' id='line_1_40' title="bbox 208 2217 1900 2276; baseline -0.005 -13"><span class='ocrx_word' id='word_1_240' title='bbox 208 2217 641 2276; x_wconf 70' lang='lat' dir='ltr'>Geogl&#39;aphia.</span> <span class='ocrx_word' id='word_1_241' title='bbox 700 2224 1015 2267; x_wconf 73' lang='lat' dir='ltr'>Zanthoxyleae</span> <span class='ocrx_word' id='word_1_242' title='bbox 1046 2223 1088 2259; x_wconf 90' lang='lat' dir='ltr'>in</span> <span class='ocrx_word' id='word_1_243' title='bbox 1119 2221 1356 2268; x_wconf 77' lang='lat' dir='ltr'>regionibus</span> <span class='ocrx_word' id='word_1_244' title='bbox 1387 2219 1728 2271; x_wconf 85' lang='lat' dir='ltr'>tropicis·Asiae,</span> <span class='ocrx_word' id='word_1_245' title='bbox 1761 2224 1800 2257; x_wconf 88' lang='lat' dir='ltr'>et</span> <span class='ocrx_word' id='word_1_246' title='bbox 1822 2221 1900 2256; x_wconf 86' lang='lat' dir='ltr'>im-</span> 
     </span>
     <span class='ocr_line' id='line_1_41' title="bbox 64 2278 1900 2326; baseline -0.002 -8"><span class='ocrx_word' id='word_1_247' title='bbox 64 2281 208 2326; x_wconf 82' lang='lat' dir='ltr'>primis</span> <span class='ocrx_word' id='word_1_248' title='bbox 239 2283 458 2318; x_wconf 84' lang='lat' dir='ltr'>Americae</span> <span class='ocrx_word' id='word_1_249' title='bbox 488 2282 740 2326; x_wconf 86' lang='lat' dir='ltr'>frequentes,</span> <span class='ocrx_word' id='word_1_250' title='bbox 781 2281 825 2316; x_wconf 93' lang='lat' dir='ltr'>in</span> <span class='ocrx_word' id='word_1_251' title='bbox 856 2281 1101 2324; x_wconf 89' lang='lat' dir='ltr'>subtropicis</span> <span class='ocrx_word' id='word_1_252' title='bbox 1133 2280 1419 2323; x_wconf 77' lang='lat' dir='ltr'>calidioribus,</span> <span class='ocrx_word' id='word_1_253' title='bbox 1458 2288 1603 2321; x_wconf 90' lang='lat' dir='ltr'>nempe</span> <span class='ocrx_word' id='word_1_254' title='bbox 1622 2278 1676 2313; x_wconf 88' lang='lat' dir='ltr'>-in</span> <span class='ocrx_word' id='word_1_255' title='bbox 1706 2278 1900 2314; x_wconf 85' lang='lat' dir='ltr'>America</span> 
     </span>
     <span class='ocr_line' id='line_1_42' title="bbox 66 2335 1898 2395; baseline -0.003 -20"><span class='ocrx_word' id='word_1_256' title='bbox 66 2340 340 2395; x_wconf 86' lang='lat' dir='ltr'>extratropica</span> <span class='ocrx_word' id='word_1_257' title='bbox 362 2343 556 2388; x_wconf 83' lang='lat' dir='ltr'>utraque,</span> <span class='ocrx_word' id='word_1_258' title='bbox 587 2338 631 2375; x_wconf 89' lang='lat' dir='ltr'>in</span> <span class='ocrx_word' id='word_1_259' title='bbox 649 2338 791 2382; x_wconf 83' lang='lat' dir='ltr'>Capite</span> <span class='ocrx_word' id='word_1_260' title='bbox 814 2340 942 2375; x_wconf 87' lang='lat' dir='ltr'>bonae</span> <span class='ocrx_word' id='word_1_261' title='bbox 967 2338 1058 2381; x_wconf 85' lang='lat' dir='ltr'>spei</span> <span class='ocrx_word' id='word_1_262' title='bbox 1082 2341 1120 2373; x_wconf 86' lang='lat' dir='ltr'>et</span> <span class='ocrx_word' id='word_1_263' title='bbox 1142 2337 1186 2374; x_wconf 89' lang='lat' dir='ltr'>in</span> <span class='ocrx_word' id='word_1_264' title='bbox 1201 2339 1316 2375; x_wconf 86' lang='lat' dir='ltr'>Nova</span> <span class='ocrx_word' id='word_1_265' title='bbox 1332 2335 1556 2372; x_wconf 88' lang='lat' dir='ltr'>Hollandia</span> <span class='ocrx_word' id='word_1_266' title='bbox 1578 2337 1704 2371; x_wconf 88' lang='lat' dir='ltr'>multo</span> <span class='ocrx_word' id='word_1_267' title='bbox 1721 2335 1898 2371; x_wconf 87' lang='lat' dir='ltr'>rariores</span> 
     </span>
     <span class='ocr_line' id='line_1_43' title="bbox 68 2396 1688 2433; baseline -0.002 0"><span class='ocrx_word' id='word_1_268' title='bbox 68 2396 270 2433; x_wconf 80' lang='lat' dir='ltr'>habitant.</span> <span class='ocrx_word' id='word_1_269' title='bbox 518 2410 522 2412; x_wconf 61' lang='grc'>’</span> <span class='ocrx_word' id='word_1_270' title='bbox 1685 2408 1688 2410; x_wconf 58' lang='grc'>’</span> 
     </span>
    </p>
   </div>
   <div class='ocr_carea' id='block_1_6' title="bbox 63 2460 1918 3536">
    <p class='ocr_par' dir='ltr' id='par_1_6' title="bbox 63 2460 1918 3190">
     <span class='ocr_line' id='line_1_44' title="bbox 212 2460 1898 2513; baseline -0.003 -8"><span class='ocrx_word' id='word_1_271' title='bbox 212 2460 577 2513; x_wconf 49' lang='lat' dir='ltr'>&amp;ualitates</span> <span class='ocrx_word' id='word_1_272' title='bbox 603 2470 833 2506; x_wconf 73' lang='lat' dir='ltr'>etusus.</span> <span class='ocrx_word' id='word_1_273' title='bbox 879 2467 976 2502; x_wconf 88' lang='lat' dir='ltr'>Oleo</span> <span class='ocrx_word' id='word_1_274' title='bbox 992 2468 1199 2513; x_wconf 84' lang='lat' dir='ltr'>aethereo,</span> <span class='ocrx_word' id='word_1_275' title='bbox 1224 2464 1388 2501; x_wconf 84' lang='lat' dir='ltr'>resinae</span> <span class='ocrx_word' id='word_1_276' title='bbox 1403 2467 1441 2500; x_wconf 89' lang='lat' dir='ltr'>et</span> <span class='ocrx_word' id='word_1_277' title='bbox 1458 2463 1715 2500; x_wconf 86' lang='lat' dir='ltr'>substantiae</span> <span class='ocrx_word' id='word_1_278' title='bbox 1732 2471 1898 2500; x_wconf 85' lang='lat' dir='ltr'>amarae</span> 
     </span>
     <span class='ocr_line' id='line_1_45' title="bbox 74 2516 1898 2574; baseline -0.001 -17"><span class='ocrx_word' id='word_1_279' title='bbox 74 2516 509 2569; x_wconf 71' lang='lat' dir='ltr'>(Xanthop2&#39;7t·r&#39;2·eae),</span> <span class='ocrx_word' id='word_1_280' title='bbox 542 2533 661 2574; x_wconf 78' lang='lat' dir='ltr'>quam</span> <span class='ocrx_word' id='word_1_281' title='bbox 691 2525 733 2559; x_wconf 90' lang='lat' dir='ltr'>in</span> <span class='ocrx_word' id='word_1_282' title='bbox 766 2523 972 2567; x_wconf 84' lang='lat' dir='ltr'>plerisque</span> <span class='ocrx_word' id='word_1_283' title='bbox 1001 2523 1187 2566; x_wconf 82' lang='lat' dir='ltr'>partibus</span> <span class='ocrx_word' id='word_1_284' title='bbox 1210 2525 1374 2569; x_wconf 87' lang='lat' dir='ltr'>gerunt,</span> <span class='ocrx_word' id='word_1_285' title='bbox 1405 2522 1595 2556; x_wconf 78' lang='lat' dir='ltr'>virtutem</span> <span class='ocrx_word' id='word_1_286' title='bbox 1619 2518 1898 2556; x_wconf 76' lang='lat' dir='ltr'>stimulantem</span> 
     </span>
     <span class='ocr_line' id='line_1_46' title="bbox 70 2574 1895 2626; baseline -0.003 -10"><span class='ocrx_word' id='word_1_287' title='bbox 70 2583 141 2616; x_wconf 80' lang='lat' dir='ltr'>aut</span> <span class='ocrx_word' id='word_1_288' title='bbox 166 2581 289 2616; x_wconf 91' lang='lat' dir='ltr'>simul</span> <span class='ocrx_word' id='word_1_289' title='bbox 313 2583 586 2626; x_wconf 84' lang='lat' dir='ltr'>roborantem,</span> <span class='ocrx_word' id='word_1_290' title='bbox 619 2580 861 2624; x_wconf 84' lang='lat' dir='ltr'>digestionis</span> <span class='ocrx_word' id='word_1_291' title='bbox 880 2584 917 2615; x_wconf 86' lang='lat' dir='ltr'>et</span> <span class='ocrx_word' id='word_1_292' title='bbox 933 2574 1175 2623; x_wconf 77' lang='lat' dir='ltr'>secretionis</span> <span class='ocrx_word' id='word_1_293' title='bbox 1194 2578 1360 2624; x_wconf 79' lang='lat' dir='ltr'>organis</span> <span class='ocrx_word' id='word_1_294' title='bbox 1376 2577 1576 2620; x_wconf 87' lang='lat' dir='ltr'>imprimis</span> <span class='ocrx_word' id='word_1_295' title='bbox 1592 2577 1895 2626; x_wconf 81' lang='lat' dir='ltr'>conducentem,</span> 
     </span>
     <span class='ocr_line' id='line_1_47' title="bbox 67 2633 1896 2680; baseline -0.002 -9"><span class='ocrx_word' id='word_1_296' title='bbox 67 2636 271 2680; x_wconf 76' lang='lat' dir='ltr'>plurimae</span> <span class='ocrx_word' id='word_1_297' title='bbox 296 2637 452 2672; x_wconf 86' lang='lat' dir='ltr'>debent.</span> <span class='ocrx_word' id='word_1_298' title='bbox 512 2639 771 2672; x_wconf 83' lang='lat' dir='ltr'>Nonnnullae</span> <span class='ocrx_word' id='word_1_299' title='bbox 794 2636 953 2672; x_wconf 85' lang='lat' dir='ltr'>viribus</span> <span class='ocrx_word' id='word_1_300' title='bbox 978 2635 1281 2671; x_wconf 86' lang='lat' dir='ltr'>antifebrilibus</span> <span class='ocrx_word' id='word_1_301' title='bbox 1306 2638 1461 2670; x_wconf 86' lang='lat' dir='ltr'>arctam</span> <span class='ocrx_word' id='word_1_302' title='bbox 1485 2635 1576 2669; x_wconf 79' lang='lat' dir='ltr'>cum</span> <span class='ocrx_word' id='word_1_303' title='bbox 1591 2633 1797 2668; x_wconf 87' lang='lat' dir='ltr'>Diosmeis</span> <span class='ocrx_word' id='word_1_304' title='bbox 1822 2643 1896 2669; x_wconf 91' lang='lat' dir='ltr'>ne-</span> 
     </span>
     <span class='ocr_line' id='line_1_48' title="bbox 67 2687 1895 2737; baseline -0.003 -8"><span class='ocrx_word' id='word_1_305' title='bbox 67 2693 359 2729; x_wconf 87' lang='lat' dir='ltr'>cessitudinem</span> <span class='ocrx_word' id='word_1_306' title='bbox 378 2695 563 2736; x_wconf 87' lang='lat' dir='ltr'>produnt.</span> <span class='ocrx_word' id='word_1_307' title='bbox 614 2695 820 2737; x_wconf 81' lang='lat' dir='ltr'>Quaedam</span> <span class='ocrx_word' id='word_1_308' title='bbox 837 2693 1083 2729; x_wconf 85' lang='lat' dir='ltr'>condimenti</span> <span class='ocrx_word' id='word_1_309' title='bbox 1100 2691 1274 2735; x_wconf 78' lang='lat' dir='ltr'>piperati</span> <span class='ocrx_word' id='word_1_310' title='bbox 1289 2694 1376 2727; x_wconf 91' lang='lat' dir='ltr'>loco</span> <span class='ocrx_word' id='word_1_311' title='bbox 1394 2691 1650 2726; x_wconf 84' lang='lat' dir='ltr'>adhibentur.</span> <span class='ocrx_word' id='word_1_312' title='bbox 1698 2687 1895 2724; x_wconf 78' lang='lat' dir='ltr'>Bruceae</span> 
     </span>
     <span class='ocr_line' id='line_1_49' title="bbox 65 2746 1894 2795; baseline 0 -12"><span class='ocrx_word' id='word_1_313' title='bbox 65 2747 460 2795; x_wconf 66' lang='lat' dir='ltr'>antidysencere‘cue</span> <span class='ocrx_word' id='word_1_314' title='bbox 490 2752 622 2786; x_wconf 88' lang='lat' dir='ltr'>Bruce</span> <span class='ocrx_word' id='word_1_315' title='bbox 653 2749 951 2795; x_wconf 73' lang='lat' dir='ltr'>(wooginosj),</span> <span class='ocrx_word' id='word_1_316' title='bbox 984 2749 1129 2785; x_wconf 79' lang='lat' dir='ltr'>frutici</span> <span class='ocrx_word' id='word_1_317' title='bbox 1154 2748 1426 2795; x_wconf 75' lang='lat' dir='ltr'>Abyssinico,</span> <span class='ocrx_word' id='word_1_318' title='bbox 1459 2748 1613 2791; x_wconf 83' lang='lat' dir='ltr'>primas</span> <span class='ocrx_word' id='word_1_319' title='bbox 1645 2746 1752 2782; x_wconf 89' lang='lat' dir='ltr'>inter</span> <span class='ocrx_word' id='word_1_320' title='bbox 1779 2749 1894 2783; x_wconf 85' lang='lat' dir='ltr'>Zan-</span> 
     </span>
     <span class='ocr_line' id='line_1_50' title="bbox 65 2797 1893 2854; baseline -0.002 -12"><span class='ocrx_word' id='word_1_321' title='bbox 65 2808 283 2850; x_wconf 67' lang='lat' dir='ltr'>thoxyleas</span> <span class='ocrx_word' id='word_1_322' title='bbox 313 2807 582 2843; x_wconf 88' lang='lat' dir='ltr'>medicinales</span> <span class='ocrx_word' id='word_1_323' title='bbox 614 2807 791 2842; x_wconf 86' lang='lat' dir='ltr'>tribuere</span> <span class='ocrx_word' id='word_1_324' title='bbox 820 2808 982 2854; x_wconf 67' lang='lat' dir='ltr'>solent,</span> <span class='ocrx_word' id='word_1_325' title='bbox 1004 2797 1169 2841; x_wconf 85' lang='lat' dir='ltr'>corticis</span> <span class='ocrx_word' id='word_1_326' title='bbox 1192 2807 1452 2849; x_wconf 86' lang='lat' dir='ltr'>Angosturae</span> <span class='ocrx_word' id='word_1_327' title='bbox 1485 2803 1652 2846; x_wconf 89' lang='lat' dir='ltr'>spuriae</span> <span class='ocrx_word' id='word_1_328' title='bbox 1681 2803 1893 2852; x_wconf 79' lang='lat' dir='ltr'>laudibus,</span> 
     </span>
     <span class='ocr_line' id='line_1_51' title="bbox 64 2859 1894 2907; baseline -0.003 -8"><span class='ocrx_word' id='word_1_329' title='bbox 64 2862 184 2906; x_wconf 80' lang='lat' dir='ltr'>quem</span> <span class='ocrx_word' id='word_1_330' title='bbox 207 2872 228 2898; x_wconf 84' lang='lat' dir='ltr'>e</span> <span class='ocrx_word' id='word_1_331' title='bbox 244 2864 444 2907; x_wconf 77' lang='lat' dir='ltr'>strychno</span> <span class='ocrx_word' id='word_1_332' title='bbox 461 2864 587 2899; x_wconf 78' lang='lat' dir='ltr'>Nucis</span> <span class='ocrx_word' id='word_1_333' title='bbox 611 2864 795 2899; x_wconf 84' lang='lat' dir='ltr'>vomicae</span> <span class='ocrx_word' id='word_1_334' title='bbox 818 2865 960 2898; x_wconf 87' lang='lat' dir='ltr'>arbore</span> <span class='ocrx_word' id='word_1_335' title='bbox 983 2862 1139 2898; x_wconf 86' lang='lat' dir='ltr'>detrahi</span> <span class='ocrx_word' id='word_1_336' title='bbox 1162 2862 1265 2897; x_wconf 87' lang='lat' dir='ltr'>satis</span> <span class='ocrx_word' id='word_1_337' title='bbox 1283 2861 1401 2907; x_wconf 79' lang='lat' dir='ltr'>hodie</span> <span class='ocrx_word' id='word_1_338' title='bbox 1418 2859 1601 2906; x_wconf 87' lang='lat' dir='ltr'>constat,</span> <span class='ocrx_word' id='word_1_339' title='bbox 1632 2869 1704 2903; x_wconf 86' lang='lat' dir='ltr'>per</span> <span class='ocrx_word' id='word_1_340' title='bbox 1720 2869 1894 2895; x_wconf 88' lang='lat' dir='ltr'>errorem</span> 
     </span>
     <span class='ocr_line' id='line_1_52' title="bbox 65 2912 1895 2964; baseline -0.002 -9"><span class='ocrx_word' id='word_1_341' title='bbox 65 2921 120 2956; x_wconf 83' lang='lat' dir='ltr'>ad</span> <span class='ocrx_word' id='word_1_342' title='bbox 142 2922 248 2956; x_wconf 88' lang='lat' dir='ltr'>hanc</span> <span class='ocrx_word' id='word_1_343' title='bbox 271 2921 435 2964; x_wconf 89' lang='lat' dir='ltr'>stirpem</span> <span class='ocrx_word' id='word_1_344' title='bbox 461 2920 687 2956; x_wconf 80' lang='lat' dir='ltr'>translatis,</span> <span class='ocrx_word' id='word_1_345' title='bbox 747 2921 960 2957; x_wconf 86' lang='lat' dir='ltr'>Caeterum</span> <span class='ocrx_word' id='word_1_346' title='bbox 983 2921 1168 2954; x_wconf 85' lang='lat' dir='ltr'>Bruceae</span> <span class='ocrx_word' id='word_1_347' title='bbox 1191 2912 1383 2954; x_wconf 85' lang='lat' dir='ltr'>corticem</span> <span class='ocrx_word' id='word_1_348' title='bbox 1406 2916 1639 2952; x_wconf 88' lang='lat' dir='ltr'>interiorem</span> <span class='ocrx_word' id='word_1_349' title='bbox 1655 2925 1837 2952; x_wconf 81' lang='lat' dir='ltr'>amarum</span> <span class='ocrx_word' id='word_1_350' title='bbox 1855 2920 1895 2951; x_wconf 87' lang='lat' dir='ltr'>et</span> 
     </span>
     <span class='ocr_line' id='line_1_53' title="bbox 64 2973 1894 3022; baseline -0.002 -10"><span class='ocrx_word' id='word_1_351' title='bbox 64 2976 156 3020; x_wconf 85' lang='lat' dir='ltr'>ipsa</span> <span class='ocrx_word' id='word_1_352' title='bbox 182 2976 282 3012; x_wconf 86' lang='lat' dir='ltr'>solia</span> <span class='ocrx_word' id='word_1_353' title='bbox 303 2978 464 3022; x_wconf 85' lang='lat' dir='ltr'>egregie</span> <span class='ocrx_word' id='word_1_354' title='bbox 485 2978 528 3013; x_wconf 91' lang='lat' dir='ltr'>in</span> <span class='ocrx_word' id='word_1_355' title='bbox 550 2977 733 3013; x_wconf 81' lang='lat' dir='ltr'>febribus</span> <span class='ocrx_word' id='word_1_356' title='bbox 756 2976 1115 3013; x_wconf 85' lang='lat' dir='ltr'>intermittentibus</span> <span class='ocrx_word' id='word_1_357' title='bbox 1138 2980 1176 3011; x_wconf 92' lang='lat' dir='ltr'>et.</span> <span class='ocrx_word' id='word_1_358' title='bbox 1199 2974 1447 3017; x_wconf 75' lang='lat' dir='ltr'>dysenteriis</span> <span class='ocrx_word' id='word_1_359' title='bbox 1471 2973 1662 3008; x_wconf 81' lang='lat' dir='ltr'>utilitatis</span> <span class='ocrx_word' id='word_1_360' title='bbox 1686 2983 1779 3009; x_wconf 85' lang='lat' dir='ltr'>esse</span> <span class='ocrx_word' id='word_1_361' title='bbox 1794 2983 1894 3009; x_wconf 89' lang='lat' dir='ltr'>con-</span> 
     </span>
     <span class='ocr_line' id='line_1_54' title="bbox 65 3030 1892 3080; baseline -0.002 -10"><span class='ocrx_word' id='word_1_362' title='bbox 65 3036 160 3070; x_wconf 84' lang='lat' dir='ltr'>stat.</span> <span class='ocrx_word' id='word_1_363' title='bbox 204 3030 378 3067; x_wconf 61' lang='lat' dir='ltr'>Brun-ea</span> <span class='ocrx_word' id='word_1_364' title='bbox 394 3037 653 3068; x_wconf 64' lang='lat' dir='ltr'>sumam-ana</span> <span class='ocrx_word' id='word_1_365' title='bbox 668 3036 795 3070; x_wconf 87' lang='lat' dir='ltr'>Roxb.</span> <span class='ocrx_word' id='word_1_366' title='bbox 808 3060 819 3080; x_wconf 90' lang='lat'>,</span> <span class='ocrx_word' id='word_1_367' title='bbox 851 3033 894 3068; x_wconf 91' lang='lat' dir='ltr'>in</span> <span class='ocrx_word' id='word_1_368' title='bbox 910 3032 1111 3069; x_wconf 89' lang='lat' dir='ltr'>Moluccis</span> <span class='ocrx_word' id='word_1_369' title='bbox 1128 3031 1279 3068; x_wconf 90' lang='lat' dir='ltr'>insulis</span> <span class='ocrx_word' id='word_1_370' title='bbox 1296 3034 1332 3067; x_wconf 91' lang='lat' dir='ltr'>et</span> <span class='ocrx_word' id='word_1_371' title='bbox 1348 3030 1490 3066; x_wconf 86' lang='lat' dir='ltr'>Indiae</span> <span class='ocrx_word' id='word_1_372' title='bbox 1506 3030 1737 3069; x_wconf 87' lang='lat' dir='ltr'>continente</span> <span class='ocrx_word' id='word_1_373' title='bbox 1753 3030 1892 3073; x_wconf 80' lang='lat' dir='ltr'>obvia,</span> 
     </span>
     <span class='ocr_line' id='line_1_55' title="bbox 64 3083 1918 3139; baseline -0.002 -13"><span class='ocrx_word' id='word_1_374' title='bbox 64 3088 234 3126; x_wconf 87' lang='lat' dir='ltr'>remedii</span> <span class='ocrx_word' id='word_1_375' title='bbox 262 3090 514 3127; x_wconf 84' lang='lat' dir='ltr'>amarissimi</span> <span class='ocrx_word' id='word_1_376' title='bbox 543 3091 691 3139; x_wconf 87' lang='lat' dir='ltr'>tonici,</span> <span class='ocrx_word' id='word_1_377' title='bbox 730 3089 944 3138; x_wconf 83' lang='lat' dir='ltr'>febrifugi,</span> <span class='ocrx_word' id='word_1_378' title='bbox 976 3083 1303 3126; x_wconf 59' lang='lat' dir='ltr'>anthei-minthici</span> <span class='ocrx_word' id='word_1_379' title='bbox 1332 3091 1372 3124; x_wconf 91' lang='lat' dir='ltr'>et</span> <span class='ocrx_word' id='word_1_380' title='bbox 1400 3086 1738 3130; x_wconf 84' lang='lat' dir='ltr'>antidysenterici</span> <span class='ocrx_word' id='word_1_381' title='bbox 1768 3087 1918 3123; x_wconf 64' lang='lat' dir='ltr'>laude‘</span> 
     </span>
     <span class='ocr_line' id='line_1_56' title="bbox 63 3147 225 3190; baseline -0.012 -7"><span class='ocrx_word' id='word_1_382' title='bbox 63 3147 225 3190; x_wconf 49' lang='lat' dir='ltr'>gaude&amp;</span> 
     </span>
    </p>

    <p class='ocr_par' dir='ltr' id='par_1_7' title="bbox 63 3197 1892 3536">
     <span class='ocr_line' id='line_1_57' title="bbox 200 3197 1892 3249; baseline -0.001 -13"><span class='ocrx_word' id='word_1_383' title='bbox 200 3197 473 3249; x_wconf 69' lang='lat' dir='ltr'>Zantlzoxyli</span> <span class='ocrx_word' id='word_1_384' title='bbox 484 3206 638 3240; x_wconf 86' lang='lat' dir='ltr'>multae</span> <span class='ocrx_word' id='word_1_385' title='bbox 654 3203 827 3247; x_wconf 87' lang='lat' dir='ltr'>species.</span> <span class='ocrx_word' id='word_1_386' title='bbox 858 3203 1133 3240; x_wconf 78' lang='lat' dir='ltr'>plurimarum</span> <span class='ocrx_word' id='word_1_387' title='bbox 1150 3206 1288 3238; x_wconf 86' lang='lat' dir='ltr'>cortex</span> <span class='ocrx_word' id='word_1_388' title='bbox 1298 3200 1521 3246; x_wconf 81' lang='lat' dir='ltr'>(imprimis</span> <span class='ocrx_word' id='word_1_389' title='bbox 1539 3199 1718 3244; x_wconf 83' lang='lat' dir='ltr'>radicis]</span> <span class='ocrx_word' id='word_1_390' title='bbox 1728 3208 1892 3236; x_wconf 86' lang='lat' dir='ltr'>amaro-</span> 
     </span>
     <span class='ocr_line' id='line_1_58' title="bbox 64 3256 1889 3306; baseline -0.001 -11"><span class='ocrx_word' id='word_1_391' title='bbox 64 3258 194 3306; x_wconf 79' lang='lat' dir='ltr'>acriS,</span> <span class='ocrx_word' id='word_1_392' title='bbox 227 3260 461 3295; x_wconf 86' lang='lat' dir='ltr'>substantia</span> <span class='ocrx_word' id='word_1_393' title='bbox 475 3261 721 3303; x_wconf 79' lang='lat' dir='ltr'>crystallina</span> <span class='ocrx_word' id='word_1_394' title='bbox 737 3261 938 3303; x_wconf 88' lang='lat' dir='ltr'>peculiari</span> <span class='ocrx_word' id='word_1_395' title='bbox 954 3258 1344 3305; x_wconf 80' lang='lat' dir='ltr'>(Xanthopikrita),</span> <span class='ocrx_word' id='word_1_396' title='bbox 1377 3258 1514 3293; x_wconf 87' lang='lat' dir='ltr'>resina</span> <span class='ocrx_word' id='word_1_397' title='bbox 1531 3258 1617 3292; x_wconf 87' lang='lat' dir='ltr'>acri</span> <span class='ocrx_word' id='word_1_398' title='bbox 1634 3260 1671 3291; x_wconf 87' lang='lat' dir='ltr'>et</span> <span class='ocrx_word' id='word_1_399' title='bbox 1686 3256 1889 3300; x_wconf 86' lang='lat' dir='ltr'>principio</span> 
     </span>
     <span class='ocr_line' id='line_1_59' title="bbox 65 3314 1889 3363; baseline -0.001 -12"><span class='ocrx_word' id='word_1_400' title='bbox 65 3316 170 3352; x_wconf 79' lang='lat' dir='ltr'>flavo</span> <span class='ocrx_word' id='word_1_401' title='bbox 182 3318 418 3352; x_wconf 86' lang='lat' dir='ltr'>-colorante</span> <span class='ocrx_word' id='word_1_402' title='bbox 440 3316 592 3363; x_wconf 83' lang='lat' dir='ltr'>foetus,</span> <span class='ocrx_word' id='word_1_403' title='bbox 623 3317 732 3352; x_wconf 88' lang='lat' dir='ltr'>varii</span> <span class='ocrx_word' id='word_1_404' title='bbox 747 3317 790 3352; x_wconf 93' lang='lat' dir='ltr'>in</span> <span class='ocrx_word' id='word_1_405' title='bbox 805 3318 1008 3354; x_wconf 84' lang='lat' dir='ltr'>medicina</span> <span class='ocrx_word' id='word_1_406' title='bbox 1025 3316 1214 3360; x_wconf 83' lang='lat' dir='ltr'>populari</span> <span class='ocrx_word' id='word_1_407' title='bbox 1231 3316 1484 3351; x_wconf 83' lang='lat' dir='ltr'>diversarum</span> <span class='ocrx_word' id='word_1_408' title='bbox 1500 3314 1680 3357; x_wconf 85' lang='lat' dir='ltr'>gentium</span> <span class='ocrx_word' id='word_1_409' title='bbox 1697 3323 1798 3349; x_wconf 89' lang='lat' dir='ltr'>usus</span> <span class='ocrx_word' id='word_1_410' title='bbox 1815 3316 1889 3351; x_wconf 80' lang='lat' dir='ltr'>est.</span> 
     </span>
     <span class='ocr_line' id='line_1_60' title="bbox 63 3367 1888 3410; baseline -0.001 -3"><span class='ocrx_word' id='word_1_411' title='bbox 63 3372 240 3408; x_wconf 80' lang='lat' dir='ltr'>Fructus</span> <span class='ocrx_word' id='word_1_412' title='bbox 271 3373 434 3409; x_wconf 87' lang='lat' dir='ltr'>corticis</span> <span class='ocrx_word' id='word_1_413' title='bbox 461 3367 652 3409; x_wconf 50' lang='lat' dir='ltr'>&#39;virtutem</span> <span class='ocrx_word' id='word_1_414' title='bbox 683 3376 951 3410; x_wconf 86' lang='lat' dir='ltr'>aemulantur.</span> <span class='ocrx_word' id='word_1_415' title='bbox 1011 3375 1156 3409; x_wconf 82' lang='lat' dir='ltr'>Partes</span> <span class='ocrx_word' id='word_1_416' title='bbox 1181 3375 1407 3407; x_wconf 82' lang='lat' dir='ltr'>herbaceae</span> <span class='ocrx_word' id='word_1_417' title='bbox 1430 3373 1518 3406; x_wconf 85' lang='lat' dir='ltr'>oleo</span> <span class='ocrx_word' id='word_1_418' title='bbox 1543 3373 1729 3406; x_wconf 86' lang='lat' dir='ltr'>aethereo</span> <span class='ocrx_word' id='word_1_419' title='bbox 1754 3370 1888 3406; x_wconf 86' lang='lat' dir='ltr'>foetae</span> 
     </span>
     <span class='ocr_line' id='line_1_61' title="bbox 64 3424 1887 3475; baseline -0.002 -10"><span class='ocrx_word' id='word_1_420' title='bbox 64 3433 173 3465; x_wconf 88' lang='lat' dir='ltr'>sunt.</span> <span class='ocrx_word' id='word_1_421' title='bbox 235 3424 508 3475; x_wconf 69' lang='lat' dir='ltr'>Zantlcoxylz‘</span> <span class='ocrx_word' id='word_1_422' title='bbox 526 3427 654 3463; x_wconf 71' lang='lat' dir='ltr'>nitidi</span> <span class='ocrx_word' id='word_1_423' title='bbox 666 3430 749 3465; x_wconf 85' lang='lat' dir='ltr'>DC.</span> <span class='ocrx_word' id='word_1_424' title='bbox 773 3430 952 3466; x_wconf 88' lang='lat' dir='ltr'>radicem</span> <span class='ocrx_word' id='word_1_425' title='bbox 976 3430 1367 3466; x_wconf 86' lang='lat' dir='ltr'>aromatico-acrem</span> <span class='ocrx_word' id='word_1_426' title='bbox 1383 3427 1507 3462; x_wconf 84' lang='lat' dir='ltr'>Sinae</span> <span class='ocrx_word' id='word_1_427' title='bbox 1533 3428 1638 3462; x_wconf 84' lang='lat' dir='ltr'>inter</span> <span class='ocrx_word' id='word_1_428' title='bbox 1660 3426 1887 3463; x_wconf 84' lang='lat' dir='ltr'>medicinas</span> 
     </span>
     <span class='ocr_line' id='line_1_62' title="bbox 64 3483 1887 3536; baseline -0.001 -15"><span class='ocrx_word' id='word_1_429' title='bbox 64 3484 375 3536; x_wconf 81' lang='lat' dir='ltr'>calefacientes,</span> <span class='ocrx_word' id='word_1_430' title='bbox 398 3485 661 3534; x_wconf 80' lang='lat' dir='ltr'>sudoriticas,</span> <span class='ocrx_word' id='word_1_431' title='bbox 684 3495 999 3532; x_wconf 75' lang='lat' dir='ltr'>emmenagogas</span> <span class='ocrx_word' id='word_1_432' title='bbox 1016 3490 1055 3524; x_wconf 88' lang='lat' dir='ltr'>et</span> <span class='ocrx_word' id='word_1_433' title='bbox 1070 3485 1297 3530; x_wconf 81' lang='lat' dir='ltr'>febrifugas</span> <span class='ocrx_word' id='word_1_434' title='bbox 1314 3484 1541 3521; x_wconf 85' lang='lat' dir='ltr'>numerant.</span> <span class='ocrx_word' id='word_1_435' title='bbox 1599 3483 1728 3521; x_wconf 82' lang='lat' dir='ltr'>Foliis</span> <span class='ocrx_word' id='word_1_436' title='bbox 1747 3483 1887 3520; x_wconf 83' lang='lat' dir='ltr'>condi-</span> 
     </span>
    </p>
   </div>
   <div class='ocr_carea' id='block_1_7' title="bbox 1466 3548 1535 3602">
    <p class='ocr_par' dir='ltr' id='par_1_8' title="bbox 1466 3548 1535 3602">
     <span class='ocr_line' id='line_1_63' title="bbox 1466 3548 1535 3602; baseline 0.029 -2"><span class='ocrx_word' id='word_1_437' title='bbox 1466 3548 1535 3602; x_wconf 84' lang='lat'>39</span> 
     </span>
    </p>
   </div>
  </div>
 </body>
</html>
