2147 3756
1034 115 1152 162 1120

927 193 1021 198 -ῌ--υ
1047 195 1053 197 >
1092 188 1268 198 ᾖ.-----------ι

336 293 485 334 Sponte
508 297 697 338 crescens
720 287 925 332 praetiosa
946 284 1345 323 arborinnomiullis
1363 287 1514 321 tantum
1531 283 1678 322 insulis
1694 284 1913 331 Moluecis,
1945 285 2008 322 in-

197 354 256 386 ter
277 348 485 384 meridiem
508 351 544 383 et
570 347 762 382 orientem
787 346 899 389 sitis,
933 348 1053 385 atque
1076 342 1118 378 in
1135 351 1206 378 ora
1223 341 1458 378 Ceramensi
1476 342 1691 388 reperitur,
1722 351 1829 377 nunc
1845 351 1940 377 vero
1957 345 2007 377 ab

194 405 426 443 hominibus
445 414 514 448 per
530 412 685 439 omnem
702 402 1007 444 archipelagum
1024 403 1083 434 est
1103 399 1301 443 dispersa.
1361 398 1530 434 Cultura
1546 401 1677 434 tamen
1694 398 1736 433 in
1752 398 1892 440 parvis
1910 407 2009 433 non-

194 462 278 499 nisi
295 462 535 505 quibusdam
552 459 699 495 insulis
716 457 996 500 praefecturae
1012 442 1216 500 Bcindzm,
1244 454 1398 490 scilicet
1417 451 1630 501 Lonclcor,
1655 451 2010 499 chdan-Neyra

196 523 236 556 et
259 517 390 564 Way,
418 526 533 562 quae,
557 516 759 559 ignivomo
776 513 899 548 monti
917 509 1096 558 Gunnng
1112 506 1224 557 Apie
1239 511 1521 552 circumjectae
1534 538 1543 555 ,
1568 511 1713 554 exiguo
1730 510 1832 546 mari
1848 510 1952 546 inter
1967 520 2011 546 se

195 576 368 621 distant,
399 576 518 617 pleno
536 581 624 607 cum
641 579 837 606 successu
853 572 1075 606 exercetur.
1112 570 1159 604 In
1175 568 1345 603 istarum
1362 567 1578 610 plantariis
1594 566 1756 602 ordi'nes
1773 566 2011 608 Myristica-

196 642 283 668 rum
296 631 337 667 in
353 630 619 674 quincuncem
636 630 728 662 sunt
747 625 952 672 dispositi,
984 628 1023 660 et
1038 624 1133 660 altis
1151 624 1380 669 arboribus,
1412 623 1612 665 imprimis
1631 634 1652 658 e
1668 622 1833 658 Canarii
1847 633 2007 668 genere,

195 689 358 734 quibus,
376 696 451 729 quo
468 684 630 720 liberior
646 683 698 719 sit
716 683 824 718 aeris
840 686 1012 726 meatus,
1030 680 1244 716 inferiores
1261 679 1528 716 succiduntur
1542 679 1662 726 rami,
1689 688 1713 714 a
1729 678 1876 714 sideris
1893 683 2009 715 aestu

195 749 235 782 et
257 753 283 780 a
304 743 440 779 ventis
462 740 632 776 marinis
656 739 938 774 defenduntur.
994 739 1114 774 Anno
1139 736 1275 780 quinto
1299 746 1337 772 v.
1364 740 1478 772 sexto
1502 735 1658 771 fructus
1677 735 1778 770 ferre
1794 734 2009 782 incipiunt,

196 805 341 837 octavo
371 804 408 834 et
441 806 544 833 nono
565 796 808 832 uberrimam
829 794 993 831 messim
1016 795 1199 830 reddunt.
1258 794 1354 828 Toto
1378 796 1511 828 autem
1534 801 1640 828 anno
1665 794 1782 827 arbor
1803 791 1948 827 florens
1972 794 2010 826 et

196 856 407 894 fructifera
436 853 658 900 invenitur,
690 862 783 888 nam
812 861 955 887 novem
978 851 1177 887 mensium
1201 850 1334 893 spatio
1361 850 1412 885 ad
1434 850 1717 885 maturandum
1739 848 1900 890 penitus
1923 847 2010 883 fru-

197 918 304 950 ctum
323 915 430 957 eget,
455 910 514 945 ita
531 913 592 955 ut,
618 909 750 952 prima
766 911 904 945 sobole
919 909 1094 943 nondum
1111 909 1301 952 exclusa,
1326 915 1457 942 novae
1475 906 1694 941 succedant
1712 904 1890 947 nuptiae.
1936 905 2012 939 Ter

196 972 241 1007 in
271 969 420 1004 insulis
444 966 652 1002 Bandanis
683 966 866 1016 metitur,
898 965 1007 1000 Julio
1039 967 1212 1000 exeunte
1245 966 1283 998 et
1304 964 1508 1009 Augusto,
1540 961 1683 997 deinde
1705 959 1941 1008 Novembri,
1973 964 2012 995 et.

143 1032 147 1034 “
194 1028 340 1063 iterum
369 1024 519 1060 Martio
547 1032 587 1059 v.
617 1022 765 1066 Aprili.
839 1021 1090 1056 maturitatis
1122 1020 1282 1064 signum
1311 1022 1481 1055 habetur
1515 1019 1735 1062 pericarpii
1773 1017 2010 1060 pelliculam

194 1082 342 1120 leviter
364 1080 570 1116 rufescere
587 1083 624 1114 et
640 1080 733 1115 hinc
750 1078 843 1113 inde
859 1077 967 1113 findi.
1025 1079 1138 1112 Tunc
1155 1076 1283 1119 leguli
1299 1079 1464 1111 arbores
1480 1076 1775 1120 conscendunt,
1808 1083 2011 1116 nucesque

194 1139 331 1182 longis
347 1137 480 1174 hamis
497 1136 714 1182 adductas,
748 1139 786 1170 et
802 1134 925 1170 celeri
941 1137 1071 1170 tractu
1087 1135 1278 1177 avulsas,
1310 1131 1516 1167 interram
1533 1131 1761 1173 projiciunt.
1806 1131 2010 1165 collectae

196 1197 336 1234 statim
365 1197 492 1230 cultro
524 1192 777 1238 aperiuntur3
808 1190 1041 1234 pericarpia
1070 1198 1244 1225 carnosa
1273 1188 1316 1224 in
1345 1188 1478 1230 sylvis
1509 1188 1653 1222 relicta
1683 1186 1905 1222 acervatim
1935 1195 2011 1229 pu-

195 1256 398 1297 trescunt,
430 1252 587 1287 semina
611 1250 770 1284 domum
790 1251 1005 1288 vehuntur.
1064 1247 1164 1282 Cum
1183 1247 1341 1281 domum
1364 1246 1537 1280 advecta
1561 1243 1731 1289 fuerint,
1763 1240 1917 1277 arillus
1939 1252 2013 1278 seu

195 1310 328 1345 mucis
349 1303 692 1353 (limga-Pala,
717 1303 905 1349 Romus,
933 1303 1121 1349 Suro-ng,
1147 1300 1354 1336 Sarom‘e-
1369 1299 1480 1334 Pala
1501 1300 1685 1335 insulani
1707 1303 1882 1346 vocant,
1908 1299 2011 1342 quod

194 1375 366 1401 saecum
390 1370 423 1400 s.
437 1364 765 1410 integumentum
782 1360 900 1395 nucis
917 1359 1102 1402 denotat)
1127 1361 1255 1394 cultro
1278 1358 1504 1402 deraditur,
1536 1360 1573 1391 et
1597 1366 1667 1399 per
1689 1356 1842 1399 aliquot
1866 1355 1953 1391 dies
1969 1355 2012 1390 in

195 1426 282 1459 sole
311 1422 511 1466 siccatur,
541 1429 618 1462 quo
649 1423 826 1460 tempore
849 1427 870 1452 e
894 1419 1028 1452 colore
1049 1415 1277 1451 kei-mesino
1299 1414 1342 1449 in
1365 1417 1535 1449 obscure
1556 1416 1741 1460 rubrum,
1774 1415 2014 1454 tandemque

195 1480 241 1515 in
257 1473 446 1515 croceum
458 1476 612 1513 sensim
629 1474 786 1511 transit.
845 1473 979 1509 Macis
997 1472 1144 1515 optime
1160 1471 1318 1507 siccata
1334 1478 1441 1512 aqua
1455 1469 1614 1505 marina
1631 1469 1930 1515 conspergitur,
1961 1477 2014 1503 ne

196 1536 361 1580 fragilis
385 1534 427 1569 in
449 1542 579 1577 parva
594 1530 728 1568 frusta
744 1531 975 1575 delabatur,
1008 1528 1152 1563 deinde
1167 1527 1211 1563 in
1227 1536 1374 1563 saccos
1392 1525 1485 1569 (qui
1501 1522 1656 1559 Sokkol
1668 1525 1881 1570 dicuntur]
1899 1524 2014 1568 pedi-

195 1596 273 1630 bus
290 1594 518 1637 compacta,
551 1592 587 1625 et
602 1588 832 1625 firmissime
847 1584 1154 1632 consarcinata,
1184 1583 1374 1626 imposito
1391 1583 1525 1629 titulo,
1557 1582 1735 1618 navibus
1750 1581 1792 1616 in
1808 1583 2010 1624 Europam

195 1647 487 1686 transvehitur.
533 1645 699 1682 Semina
714 1646 878 1680 sublata
892 1642 998 1679 maci
1015 1650 1086 1684 per
1101 1645 1182 1677 tres
1198 1640 1285 1676 dies
1302 1640 1380 1676 soli
1394 1639 1601 1687 exposita,
1625 1642 1659 1674 et
1679 1638 1825 1680 quavis
1841 1645 2015 1681 vespera

195 1706 239 1742 in
263 1706 386 1741 aedes
410 1704 594 1749 reducta,
629 1702 771 1737 deinde
792 1700 900 1736 lenis
924 1698 1032 1743 ignis
1059 1698 1166 1733 fumo
1182 1696 1344 1740 penitus
1359 1696 1590 1741 siccantur,
1621 1695 1740 1730 trium
1758 1698 1828 1730 aut
1844 1698 2016 1737 quatuor

195 1761 489 1799 hebdomadum
514 1759 667 1805 spati03
699 1761 781 1793 tum
806 1758 907 1792 dura
929 1764 1064 1791 eorum
1091 1758 1194 1790 testa
1218 1753 1326 1789 suste
1343 1763 1380 1788 v.
1398 1761 1500 1789 saxo
1517 1752 1793 1799 contunditur,
1825 1750 2016 1787 etnuclei

195 1819 347 1864 [nuces
371 1814 619 1852 moschacae
641 1814 920 1858 officinarum,
951 1809 1063 1845 Pala
1087 1820 1119 1847 s.
1144 1807 1389 1844 Bon-Pala
1406 1808 1575 1852 malai.)
1601 1808 1886 1854 exquiruntur,
1918 1812 1954 1843 et
1973 1807 2016 1842 in

195 1879 279 1912 tres
297 1877 556 1911 cumulantur
571 1880 753 1908 acervos.
804 1868 978 1906 Maximi
995 1872 1033 1904 et
1048 1867 1188 1911 optimi
1204 1867 1246 1902 in
1261 1868 1464 1908 Europam
1484 1867 1821 1911 transvehuntur,
1844 1863 2015 1900 viliores

193 1933 241 1969 in
256 1932 372 1967 India
388 1933 700 1975 consumuntur,
732 1936 784 1962 ex
798 1924 1017 1962 vilissimis
1035 1927 1167 1959 oleum
1184 1922 1356 1959 elicitur.
1417 1923 1600 1957 Selectos
1616 1923 1785 1956 nucleos
1803 1929 1910 1963 aqua
1926 1922 2014 1955 cal-

196 1990 260 2025 cis
284 1998 356 2032 per
376 1987 579 2023 octiduum
595 1985 835 2030 infundunt,
867 1992 943 2025 quo
961 1981 1087 2017 tutius
1102 1989 1129 2016 a
1145 1980 1253 2016 carie
1270 1982 1307 2014 et
1323 1978 1491 2014 insectis
1508 1977 1651 2013 intacti
1666 1981 1870 2013 maneant.
1927 1977 2014 2012 Va-

195 2046 364 2082 rietates
379 2043 514 2091 nucis,
535 2051 637 2086 quas
654 2041 871 2084 indigenae
886 2038 1160 2083 distinguunt,
1192 2039 1231 2072 et
1245 2035 1419 2079 propriis
1434 2034 1665 2071 nominibus
1681 2035 1889 2077 appellant
1901 2059 1912 2080 ,
1942 2042 2016 2076 po-

195 2101 402 2138 tissimum
425 2103 502 2136 hae
525 2103 638 2136 sunt:
670 2093 1066 2131 Pala-Baeombar
1092 2103 1126 2130 s.
1143 2090 1255 2127 Pala
1270 2089 1398 2126 kende
1413 2088 1561 2136 tende,
1592 2091 1618 2126 i.
1635 2101 1667 2127 e.
1685 2100 1811 2126 nuces
1828 2089 2015 2134 geminae

199 2169 233 2196 s.
257 2159 467 2204 didymae,
498 2156 672 2192 istarum
692 2153 924 2198 pericarpia
946 2150 1055 2187 binis
1071 2149 1202 2187 sulcis
1216 2148 1260 2184 in
1273 2148 1427 2185 vertice
1443 2147 1674 2183 decussatis
1690 2146 1946 2193 aperiuntur,
1977 2148 2016 2181 et

197 2215 298 2252 bina
320 2213 500 2260 semina,
530 2214 877 2255 plano-convexa
894 2207 1115 2244 continent.
1171 2202 1283 2239 Pala
1299 2200 1564 2248 Pentsjnrie,
1594 2204 1621 2239 i.
1639 2213 1672 2238 e.
1689 2212 1776 2238 nux
1791 2202 2015 2248 furunculi,

198 2273 319 2314 cujus
350 2279 489 2307 semen
519 2272 581 2305 est
610 2267 763 2303 formae
792 2264 1052 2310 irregularis,
1083 2262 1358 2305 integumento
1386 2260 1650 2305 incompleto,
1682 2260 1741 2294 ita
1764 2262 1806 2294 ut
1828 2261 2014 2303 nucleus,

198 2331 309 2364 totus
326 2330 394 2364 aut
411 2336 462 2362 ex
478 2327 591 2369 parte
608 2324 696 2368 ipso
714 2323 834 2359 arillo
851 2322 903 2358 sit
920 2323 1116 2357 obtectus.
1160 2313 1479 2362 Pala-Radja,
1503 2316 1530 2353 i.
1548 2325 1582 2352 e.
1598 2325 1686 2352 nux
1700 2315 1834 2364 regia,
1857 2315 2017 2352 semina

197 2392 421 2431 perparvo,
454 2386 519 2419 ast
535 2381 655 2417 arillo
671 2379 848 2416 maximo
863 2377 1063 2422 praedita.
1687 2378 1690 2380 ’

339 2467 467 2506 Nucis
483 2469 521 2503 et
538 2465 649 2502 arilli
664 2465 706 2501 in
724 2461 960 2501 condiendis
978 2460 1082 2498 cibis
1098 2462 1137 2497 et
1151 2459 1259 2496 inter
1272 2459 1499 2496 medicinas
1515 2457 1759 2495 aromaticas
1776 2456 2016 2494 notissimus

198 2535 304 2564 usus
327 2529 402 2562 est.
459 2525 561 2560 Nam
577 2526 736 2566 praeter
752 2520 952 2569 resinam,
985 2516 1210 2555 extractum
1227 2526 1497 2563 gummosum,
1531 2516 1651 2551 etiam
1669 2518 1799 2550 oleum
1817 2513 2017 2559 unguino—

197 2593 293 2620 sum
315 2585 354 2618 et
375 2583 605 2617 aethereum
622 2578 845 2623 continent,
878 2576 1025 2620 quibus
1043 2574 1231 2610 virtutem
1248 2573 1409 2617 egregie
1424 2573 1699 2609 stimulantem
1716 2573 1872 2607 debent.
1930 2571 2018 2606 Du-

197 2642 298 2684 plex
319 2641 479 2686 praeter
495 2637 651 2673 semina
668 2640 703 2671 et
721 2635 885 2670 arillum
901 2634 1034 2668 oleum
1051 2641 1072 2666 e
1086 2630 1306 2673 Myristica
1322 2630 1365 2665 in
1380 2629 1623 2665 medicorum
1639 2638 1746 2672 penu
1763 2631 1843 2674 est,
1875 2626 2019 2662 destil-

198 2699 328 2733 latum
351 2697 389 2730 et
411 2703 617 2739 pressum,
650 2696 862 2733 utrumque
883 2689 926 2725 in
941 2687 1072 2725 natali
1088 2686 1244 2723 arboris
1260 2690 1367 2722 terra
1382 2686 1635 2729 potissimum
1651 2688 1849 2727 paratum.
1907 2683 2018 2726 Quod

200 2751 475 2789 destillatione
491 2761 512 2786 e
529 2749 754 2786 seminibus
772 2757 808 2783 v.
825 2745 932 2782 maci
947 2744 1160 2790 obtinetur,
1183 2742 1386 2781 fervidum
1401 2746 1483 2790 est,
1507 2745 1627 2784 atque
1643 2740 1797 2776 diutius
1812 2742 2018 2775 servatum

199 2810 244 2846 in
274 2806 524 2850 stearopteni
554 2804 788 2849 crystallini
817 2801 994 2846 speciem
1026 2797 1379 2846 (Myristice‘nam)
1414 2800 1619 2834 densatur.
1676 2795 1895 2832 Pressione
1919 2797 2017 2831 sub-

201 2865 357 2903 stantia
379 2863 628 2907 unguinosa,
661 2861 810 2897 coloris
832 2859 907 2895 rufi
928 2867 968 2894 v.
993 2856 1274 2902 flavescentis,
1305 2854 1466 2898 saporis
1489 2852 1719 2899 aromatici,
1751 2851 1886 2887 odoris
1910 2850 2017 2896 grati

202 2921 424 2968 obtinetur,
455 2927 558 2962 quae
574 2928 624 2954 ex
640 2920 727 2953 oleo
742 2915 885 2960 pingui
901 2912 1078 2959 duplici,
1109 2914 1237 2948 altero
1253 2911 1426 2957 liquido,
1458 2913 1583 2945 altero
1600 2912 1735 2945 autem
1751 2910 1945 2954 sebace0,
1977 2911 2016 2943 et

202 2988 255 3015 ex
278 2980 366 3013 oleo
388 2978 574 3012 aethereo
597 2973 841 3020 composita,
876 2967 969 3005 Olez'
981 2966 1174 3003 nucistae
1194 2967 1357 3003 nomine
1377 2966 1419 3002 in
1437 2964 1610 3002 officinis
1625 2968 1825 3001 servatur.
1881 2965 2016 3001 Nuces

201 3036 245 3072 in
262 3037 370 3070 hunc
386 3033 502 3069 finem
517 3030 561 3066 in
586 3029 794 3074 sartagine
817 3025 1059 3063 torrefactae
1080 3024 1399 3070 contunduntur,
1432 3023 1562 3058 denuo
1586 3022 1776 3057 calefiunt
1798 3023 1837 3057 et
1856 3019 1899 3056 in
1922 3029 2017 3058 sac-

204 3091 267 3128 cis
298 3100 320 3126 e
350 3092 511 3125 textura
533 3085 704 3129 Calappi
737 3084 912 3128 (Cocoes
933 3079 1168 3124 nuciferae]
1193 3079 1328 3122 pilosa
1350 3078 1547 3115 confectis
1568 3081 1679 3122 prelo
1702 3076 2015 3123 committuntur,

204 3149 332 3184 donec
348 3147 482 3182 oleum
497 3143 687 3190 profluat,
717 3139 854 3184 butyri
870 3137 1045 3175 recentis
1061 3136 1192 3172 instar
1206 3135 1419 3179 liquefacti
1434 3144 1637 3181 crassum,
1663 3136 1766 3178 quod
1781 3134 1824 3170 in
1840 3134 2017 3176 quadra-

204 3204 260 3240 tis
283 3202 425 3239 formis
449 3203 661 3243 exceptum
684 3198 965 3233 condensatur.
1025 3193 1134 3237 Quod
1152 3202 1172 3228 e
1189 3191 1299 3227 Maci
1315 3196 1484 3229 contusa
1500 3196 1538 3227 et
1552 3191 1752 3227 calefacta
1765 3189 2015 3236 exprimitur,

205 3258 427 3305 sanguinei
450 3257 618 3302 coloris,
650 3264 810 3297 semper
831 3254 971 3298 molle,
1003 3249 1166 3293 saporis
1180 3248 1345 3293 pinguis
1362 3252 1397 3284 et
1415 3248 1699 3294 amaricantis,
1731 3249 1884 3290 absque
1899 3247 2016 3281 nota-

206 3317 283 3353 bili
299 3318 452 3362 calore,
483 3322 575 3350 raro
592 3313 634 3348 in
650 3313 854 3354 Europam
870 3307 1094 3344 advehitur.
1136 3308 1374 3341 Immaturos
1391 3305 1629 3348 Myris-ticae
1645 3304 1804 3340 fructus
1819 3294 2027 3339 saccharo‘

207 3373 251 3408 in
266 3372 384 3407 India
399 3371 561 3407 condire
576 3371 720 3406 solent.
779 3367 905 3402 Caute
921 3368 1003 3400 tum
1021 3365 1162 3400 arbore
1177 3362 1354 3404 decerpti
1370 3370 1475 3404 aqua
1492 3361 1761 3406 ebulliuntur,
1786 3359 1907 3402 stylis
1924 3366 2015 3400 per-

208 3428 412 3473 forantur,
444 3431 483 3463 et.
503 3436 576 3470 per
599 3429 687 3461 octo
711 3427 750 3460 et
772 3425 907 3459 decem
931 3420 1017 3457 dies
1040 3419 1082 3455 in
1106 3419 1258 3454 recenti
1279 3427 1404 3464 aqua,
1437 3417 1588 3453 sensim
1604 3417 1864 3459 renovanda,
1889 3415 2015 3448 donec

210 3484 341 3523 onmis
364 3486 527 3522 tollatur
548 3481 770 3529 acerbitas,
800 3480 1068 3517 macerantur.
1126 3476 1280 3514 Deinde
1304 3475 1346 3512 in
1369 3474 1557 3515 sacchari
1573 3473 1793 3520 solutione,
1825 3478 1927 3515 quae
1943 3479 2014 3514 per
