2147 3756
908 114 914 119 ’
978 132 1098 181 475

153 358 156 359 ⁷
274 301 599 362 Affinitas.
629 307 966 346 Frankeniaceae
980 307 1086 344 inter
1100 304 1263 343 ordines
1279 299 1502 347 parietales
1518 304 1662 346 calyce
1677 301 1951 350 gamophyllo‚

133 379 222 406 cum
255 370 407 404 corolla
439 371 475 402 et
507 366 775 412 staminibuS,
807 375 910 408 (niae
939 364 1088 409 petalis
1117 361 1328 399 rarissime
1350 368 1516 395 numero
1541 363 1637 395 sunt
1659 368 1857 402 congrua,
1890 367 1954 393 re-

132 427 344 470 ceptaculo
363 424 529 458 insertis
546 424 648 458 satis
666 424 920 467 singulares,
939 419 1231 464 Sauvagesieis
1247 415 1596 458 Turneraceisque
1612 415 1794 457 proxime
1810 415 1955 450 affines

131 493 222 518 esse
253 481 454 516 videntur.
516 480 709 515 Pluribus
742 479 847 513 notis
878 478 1001 514 etiam
1032 479 1083 513 ad
1107 475 1482 529 Carxophyllaceas
1512 473 1722 516 SileneaS,
1752 479 1777 506 a
1809 470 1955 512 quibus

130 537 538 580 trophospermiorum
576 536 659 571 situ
695 539 733 570 et
771 535 970 571 seminum
1008 533 1166 569 fabrica
1202 536 1299 569 sunt
1335 528 1696 573 distinctissimae,
1743 527 1954 562 accedunt.

130 595 264 630 Etiam
283 604 373 629 cum
390 591 731 640 '1¹an1ariseineis,
763 601 843 627 non
860 590 1118 627 obstantibus
1134 589 1360 625 seminibus
1376 584 1667 631 albuminosis,
1700 582 1955 626 aliquomodo
2018 598 2033 602 —

129 651 356 694 comparari
373 654 588 685 merentur.
1666 668 1676 686 s

270 708 372 741 Ordo
390 704 690 752 Auis-atteniae,
715 703 877 749 generis
894 706 938 738 ut
954 705 996 738 ut
1013 701 1201 745 pluribus
1217 699 1525 736 characteribus
1543 701 1568 734 a
1582 693 1844 733 Frankeniae
1860 696 1955 737 typo

130 763 379 809 aberrantis,
413 761 578 796 indubie
596 765 728 796 tamen
745 760 901 806 affinis,
934 758 1174 794 accessione
1190 757 1434 792 illustratur.
1626 748 1629 752 ’

272 824 702 879 Geographia.
760 828 1098 864 Frankeniaceae
1119 827 1259 862 littora
1279 825 1406 862 mar1s
1430 821 1724 868 extratropica,
1755 818 1957 863 imprimis

131 889 429 926 mediterranea
454 892 490 922 et
516 888 575 921 cis
593 895 784 921 cancrum
809 884 1008 920 atlantica
1030 883 1281 930 inhabitant,
1312 883 1418 918 inter
1442 882 1618 924 tropicos
1636 883 1674 916 et
1690 882 1804 914 trans
1821 875 1958 920 capri-

129 955 296 983 cornum
314 944 526 979 admodum
543 950 674 977 rarae.
732 935 1001 975 Am‘sadenz'a
1017 941 1060 975 in
1077 942 1111 975 N
1115 940 1275 982 epaliae
1289 939 1461 982 rupibus
1480 937 1640 973 crescit.

271 1006 636 1058 &ualitates
661 1013 699 1048 et
722 1017 892 1051 usus.
946 1010 1222 1047 Levissimum
1240 1009 1282 1045 in
1297 1008 1544 1045 Frankeniis
1561 1006 1683 1043 cultis
1705 1011 1847 1041 aroma
1866 1010 1959 1038 cum

124 1073 251 1108 multo
268 1080 386 1105 muco
404 1073 586 1105 observo.
645 1066 909 1103 Beatsmn'ae
919 1065 1278 1115 portulacv'foh'ae
1294 1068 1422 1101 Roxb.
1438 1092 1448 1109 ,
1471 1065 1514 1099 in
1537 1064 1707 1106 rupibus
1725 1059 1956 1106 maritimis,

125 1129 175 1163 ad
200 1128 315 1162 littus
339 1128 523 1162 australe
545 1126 711 1162 insulae
735 1127 792 1161 St.
810 1127 994 1162 Helenae
1017 1124 1265 1172 crescentis,
1296 1122 1398 1160 folia
1413 1124 1550 1158 Theae
1564 1123 1652 1157 loco
1669 1127 1694 1156 a
1709 1116 1866 1154 colonis
1883 1116 1958 1153 ad-

121 1184 326 1221 hibentur.

236 1274 820 1331 *Fouquiel‘assea80
894 1276 1143 1328 Fouqm‘era
1174 1278 1221 1316 et
1245 1275 1442 1313 Bromzz‘a
1471 1281 1644 1326 genera
1672 1272 1784 1309 sunt
1814 1265 1956 1307 mexi-

125 1347 262 1386 cana,
314 1332 402 1374 hoc
435 1335 702 1385 arboreum,
737 1332 855 1373 illud
884 1332 1190 1384 fruticosum,
1228 1330 1410 1380 habitu,
1448 1328 1630 1370 corolla
1658 1322 1958 1380 gamopetala

125 1398 172 1433 et
189 1392 443 1445 embryone
463 1391 698 1444 antitropo
719 1390 965 1431 admodum
985 1390 1204 1430 distincta
1228 1394 1277 1430 et
1302 1388 1470 1429 dubiae
1493 1383 1759 1432 affinitatis,
1788 1379 1957 1421 verisi-

122 1449 300 1490 militer
323 1457 475 1487 tamen
500 1449 548 1488 in
566 1447 871 1487 Parietali-um
895 1448 1017 1488 serie
1041 1445 1335 1487 collocanda.
1401 1446 1595 1482 Truncus
1619 1439 1792 1481 ramive
1816 1439 1860 1476 in
1885 1434 1956 1475 his

123 1506 269 1558 spinis
296 1506 468 1558 sparsis
496 1505 662 1546 armati
690 1510 819 1553 sunt,
853 1505 899 1544 in
925 1515 1122 1558 quorum
1155 1502 1312 1543 axillis
1345 1499 1463 1541 folia
1495 1499 1719 1550 oblonga,
1749 1495 1956 1547 integer-

119 1563 269 1612 rima,
287 1561 641 1602 membranacea
657 1575 700 1602 v.
718 1561 1021 1613 subcarnosa,
1048 1560 1264 1601 solitarie
1286 1573 1330 1600 v.
1349 1555 1666 1598 fasciculatim
1683 1557 1956 1592 nascuntur.

118 1620 272 1658 Floras
302 1619 511 1659 coccinei
540 1619 586 1658 in
611 1618 823 1671 apicibus
847 1630 1080 1658 ramorum
1105 1623 1233 1657 arcte
1258 1614 1428 1669 spicati
1452 1615 1731 1661 nascuntur,
1761 1622 1802 1649 v.
1826 1606 1955 1661 pani-

119 1675 249 1715 culas
281 1675 642 1727 ramosissimas,
682 1674 1097 1728 subcorymbosas,
1132 1674 1397 1714 bracteatas
1431 1669 1698 1711 efformant.
1759 1667 1956 1715 Calycem

120 1730 290 1773 habent
320 1729 701 1785 pentaphyllum,
731 1730 1318 1782 imbricato-biseriatum,
1352 1733 1397 1769 et
1422 1728 1628 1767 corollam
1651 1719 1954 1775 receptaculo

115 1789 361 1838 insertam,
398 1788 762 1842 gamopetalam‚
806 1787 950 1842 longe
979 1787 1268 1837 tubulorum,
1315 1785 1458 1826 limbo
1488 1781 1703 1823 breviter
1732 1779 1957 1833 quinque-

118 1845 228 1886 fido.
305 1845 505 1884 Stamina
539 1846 588 1885 in
627 1844 779 1886 altero
813 1857 987 1898 genere
1015 1844 1199 1894 decem,
1245 1843 1300 1890 in,
1323 1843 1499 1893 altero,
1545 1843 1600 1880 ut
1629 1842 1684 1878 ut
1714 1835 1878 1889 calyce
1907 1836 1957 1873 et

120 1900 302 1943 corolla
329 1907 599 1956 pentamera
625 1901 826 1952 donato,
856 1897 1101 1942 duodecim
1124 1899 1422 1954 receptaculo
1448 1898 1629 1940 inserta,
1647 1897 1778 1945 sunt,
1808 1904 1831 1932 e
1844 1891 1955 1941 fila·

113 1962 268 1998 mentis
288 1957 606 2011 filiformibus,
644 1958 940 2013 compressis,
973 1959 1197 2009 exsertis,
1226 1955 1408 1998 inferne
1435 1949 1844 2001 villoso-ciliatis,
1877 1958 1954 1988 co-

116 2014 436 2065 haerent-ibus,
469 2021 516 2056 et
537 2028 594 2057 ex
617 2018 813 2055 antheris
834 2015 1201 2067 bilo-cularibus,
1234 2009 1642 2061 ovato-cordatis,
1676 2007 1954 2048 submucro-

116 2073 270 2125 natis„
293 2072 475 2113 dem-um
493 2071 915 2126 inflexo-pendulis
929 2102 939 2120 ‚
965 2071 1219 2117 secundum
1235 2068 1584 2123 longitudinem
1601 2061 1955 2106 dehiscentibus

118 2133 483 2184 componuntur.
532 2131 713 2168 German
728 2130 773 2176 in
790 2129 1056 2183 Fouquiera
1076 2128 1277 2169 liberum
1291 2158 1302 2177 ‚
1328 2126 1514 2175 sessile,
1537 2121 1750 2164 loculum
1767 2117 1956 2161 exhibet

117 2188 324 2238 unicum,
357 2184 735 2240 trophospermia
763 2190 922 2226 autem
955 2186 1072 2235 tria,
1103 2184 1292 2238 singula
1313 2185 1533 2235 gemmulis
1559 2192 1662 2231 sex,
1694 2176 1953 2228 biseriatis‚

116 2243 525 2295 adscendentibus,
558 2255 700 2296 supra
728 2243 875 2284 basim
905 2242 1096 2283 insertis
1131 2247 1322 2291 onusta,
1360 2245 1499 2293 atque
1524 2238 1578 2281 jn
1611 2234 1791 2288 Stylum
1822 2234 1954 2286 3910ss

119 2300 284 2340 obtuse
311 2300 521 2340 trifidum
555 2300 739 2349 desinit.
806 2300 959 2354 Hujus
979 2302 1182 2352 fructum
1214 2299 1506 2352 ignoramus3
1546 2291 1779 2343 Bronnia,
1820 2290 1954 2343 cujus

116 2368 303 2410 germen
337 2357 647 2397 examinatum
680 2356 885 2397 nondum
919 2360 1012 2406 est,
1057 2357 1278 2406 capsulam
1315 2353 1411 2394 fert
1448 2351 1651 2405 oblongo
1671 2349 1952 2401 -trigonam,

112 2414 230 2466 styli
259 2414 359 2453 basi
381 2420 724 2465 mucronatam,
757 2412 1107 2465 trilocularem,
1143 2424 1262 2466 quae
1286 2408 1539 2451 loculicide
1569 2407 1618 2447 in
1649 2405 1806 2447 valvas
1837 2410 1952 2457 tres,

118 2470 377 2522 coriaceus,
411 2481 638 2509 concavas
663 2483 690 2510 a
713 2470 930 2510 columna
953 2468 1223 2510 seminifera
1253 2465 1559 2520 triangulari,
1592 2463 1775 2509 demum
1805 2460 1955 2501 libera

117 2526 328 2575 soluta-s,
377 2524 693 2566 medio'linea
731 2526 1084 2579 longitudinali,
1132 2526 1376 2571 columnae
1415 2523 1590 2575 angulo
1637 2518 1952 2573 respondente

117 2590 304 2623 notatas
337 2583 546 2623 dehiscit.
621 2585 791 2622 Semina
820 2584 867 2622 in
899 2583 1066 2623 loculis
1097 2582 1311 2623 solitaria
1341 2584 1449 2620 sunt
1486 2582 1534 2619 et:
1570 2579 1775 2628 inversa,
1822 2574 1954 2628 apice

116 2639 341 2680 interiore
373 2638 535 2692 affixa,
585 2639 810 2693 oblonga,
860 2651 1154 2694 compressa,
1195 2639 1336 2679 dorso
1370 2647 1598 2688 convexa,
1643 2633 1765 2674 facie
1797 2632 1949 2686 plana,

115 2697 440 2750 integumento
472 2696 747 2736 tenuissime
775 2696 1153 2747 membranaceo,
1197 2695 1247 2735 in
1278 2694 1398 2735 alam
1432 2693 1736 2741 ambientem,
1776 2689 1878 2729 basi
1908 2696 1954 2728 et

114 2754 248 2806 apice
275 2753 611 2805 emarginatam
639 2765 858 2807 expanso.
916 2754 1103 2802 Embryo
1120 2753 1249 2792 intra
1265 2751 1479 2791 albumen
1499 2759 1745 2789 carnosum
1764 2757 1953 2799 parcum

117 2815 188 2860 est
217 2811 506 2864 antitropus,
546 2823 764 2865 magnus,
806 2811 1119 2860 cotyledom‘bus
1151 2806 1388 2861 foliacei's,
1429 2804 1752 2856 subcarnosis,
1785 2801 1951 2854 ovatis,

116 2866 317 2920 obtusis,
349 2866 450 2907 basi
476 2868 701 2920 cordatis,
734 2869 934 2906 radicula
958 2866 1241 2922 cylindrica,
1272 2871 1433 2919 acuta,
1465 2863 1781 2916 cotyledom'bas
1811 2857 1949 2914 triplo

113 2922 355 2978 breviore,
387 2921 483 2966 hilo
505 2925 772 2977 contraria,
804 2922 973 2966 infera.

887 3030 1205 3066 GENERA.‘

680 3114 806 3150 5054.
837 3113 1072 3157 Fouquiera
1090 3110 1148 3146 H.
1167 3109 1220 3148 B.
1241 3109 1297 3147 K.

682 3172 806 3208 5055.
837 3171 1022 3207 Bronnia
1038 3167 1096 3207 H.
1114 3167 1166 3204 B.
1182 3166 1241 3204 K.

1433 3158 1450 3173 Χ

550 3320 722 3366 ordo
753 3319 978 3367 CXCV.
1046 3320 1516 3367 Turneraceae.

261 3421 477 3481 Herbae,
523 3419 804 3487 suffi‘utz‘ces
833 3440 875 3471 v.
895 3421 1140 3486 frutices,
1188 3421 1310 3485 pube
1343 3420 1540 3485 simplici
1572 3437 1616 3467 v.
1651 3420 1804 3467 rarius
1834 3418 1948 3465 sicl-

122 3494 229 3541 lata.
308 3494 449 3542 Fole'a
490 3493 694 3553 alterna,
746 3494 998 3559 simplIcia,
1045 3493 1296 3558 petiolata,
1343 3492 1648 3555 integerrima
1685 3507 1727 3539 v.
1761 3490 1946 3554 saepius
