2147 3756
1036 94 1158 146 526

328 259 653 308 Affinitas.
691 267 795 303 Ordo
810 266 1006 304 Tiliaceis
1021 266 1311 311 Elaeocarpeis
1328 271 1367 303 et
1382 268 1610 305 Malvaceis
1627 269 1842 307 manifeste
1858 271 2006 320 affinis,

188 326 240 361 ab
274 324 361 362 illis
392 325 540 369 petalis
571 325 761 370 integris,
795 325 898 359 disci
922 328 956 359 et
982 324 1204 359 albuminis
1229 323 1388 359 defectu
1415 329 1454 360 et
1477 328 1759 368 cotyledonum
1782 328 2008 365 conforma-

190 384 299 419 tione
329 381 568 427 distinctus,
599 384 649 417 ab
676 382 740 416 bis
765 380 1009 416 staminibus
1032 381 1174 430 liberis
1198 391 1236 417 v.
1261 380 1353 416 basi
1378 385 1532 418 tantum
1560 384 1845 431 subconnatis,
1878 387 2009 421 corol-

187 441 255 476 lae
288 439 580 482 aestivatione,
619 440 878 473 antherarum
908 440 1111 472 structura
1141 441 1178 472 et
1212 441 1504 481 gemmularum
1536 439 1617 474 situ
1647 440 1856 487 diversus,
1890 445 1929 476 et
1958 444 2007 477 ob

188 496 347 539 calycis
379 495 687 531 aestivationem
718 494 759 527 in
783 493 969 535 pluribus
996 494 1212 536 generibus
1238 494 1454 529 manifeste
1478 495 1729 531 imbricatam
1753 507 1774 532 e
1801 497 2010 533 Columni-

187 552 364 588 ferarum
391 553 526 586 classe
553 550 851 595 excludendus,
885 553 924 585 et
949 548 1165 586 Guttiferis
1192 550 1348 596 potius,
1381 551 1621 592 quibuscum
1646 557 1804 594 praeter
1828 554 2009 596 qualita-

188 612 266 644 tem
291 609 517 644 resinosam
542 606 661 642 etiam
688 606 782 640 aliis
806 607 913 641 notis
937 607 1147 655 convenit,
1179 608 1480 656 accensendus,
1512 608 1617 643 inter
1640 611 1715 645 1133
1740 610 2009 647 Ciilaenaceis

187 669 226 703 et
242 662 602 702 Ternstromiaceis
619 662 800 704 proxime
816 662 966 699 affinis.

331 725 758 783 Geogl'aphia·
857 734 1199 777 Dipterocarpeae
1236 733 1277 769 in
1312 733 1542 770 nemoribus
1579 711 1832 780 archipelagi
1867 735 2008 784 indici,

187 791 323 830 rarius
341 792 381 827 in
401 796 505 826 terra
521 789 746 825 cominente
763 799 890 832 usque
911 791 960 825 ad
978 790 1222 833 Himalayae
1239 791 1398 827 radices
1413 791 1612 827 habitant.

330 853 692 908 Qualitates
737 863 775 895 et
806 867 974 901 usus.
1031 860 1372 905 Dipterocarpeae
1401 862 1537 897 succis
1568 860 1763 898 resinosis
1785 862 2010 899 balsameis

188 922 368 965 turgent,
400 919 623 954 nonnullae
645 920 777 953 oleum
800 922 1031 954 aethereum
1049 921 1220 964 vehunt,
1254 920 1371 960 cujus
1388 921 1690 961 stearoptenum
1705 918 1871 955 nativae
1888 920 2008 956 Cam-

186 982 338 1024 phorae
354 974 529 1028 speciem
548 976 731 1020 praeben
762 975 921 1011 semina
937 978 1024 1010 oleo
1041 974 1183 1019 pingui
1200 978 1371 1010 scatent.

326 1028 657 1079 Drysobalcmops
677 1028 918 1075 Compleora
937 1032 1091 1068 Colebr.
1116 1031 1157 1065 in
1181 1031 1314 1074 sylvis
1336 1031 1563 1066 insularum
1581 1032 1771 1073 Sumatra
1794 1034 1831 1067 et
1848 1032 2006 1068 Borneo

185 1089 392 1136 nascitur,
425 1088 746 1130 centumpedalis
772 1091 902 1124 arbor.
960 1087 1122 1130 Proprii
1145 1088 1184 1122 in
1203 1088 1313 1130 ligno
1331 1090 1499 1122 canales
1515 1090 1645 1123 oleum
1663 1078 1891 1124 aethereum
1911 1099 2007 1124 con-

186 1149 335 1193 tinent,
368 1145 470 1188 quod
495 1144 537 1179 in
562 1144 717 1179 truncis
737 1145 968 1186 junioribus
992 1144 1176 1190 fluidum,
1208 1144 1251 1178 in
1276 1143 1445 1179 annosis
1468 1146 1702 1186 elaeopteno
1726 1139 1864 1188 fugaci
1886 1145 2006 1180 indu-

186 1209 339 1249 ratum,
372 1201 771 1245 praestantissimam
794 1201 1059 1244 camphoram
1091 1203 1275 1246 praebet,
1309 1208 1428 1241 quam
1452 1209 1503 1235 ex
1525 1200 1671 1236 incisis
1693 1201 1828 1236 securi
1850 1201 2006 1237 truncis

185 1261 405 1303 indigenae
437 1254 620 1294 studiose
654 1258 872 1305 colligunt,
918 1257 1055 1300 magni
1086 1255 1205 1300 pretii
1233 1263 1419 1292 mercem:
1476 1258 1578 1291 Nam
1609 1266 1634 1292 a
1662 1257 1845 1303 vulgari,
1885 1266 2005 1300 quam

187 1316 430 1353 destinando
449 1325 469 1350 e
492 1313 675 1349 Laurina
691 1316 832 1349 arbore
850 1313 988 1357 parari
1011 1312 1118 1348 allas
1143 1313 1343 1359 diximus,
1376 1315 1661 1348 elementorum
1684 1313 1943 1349 cohaerentia
1967 1317 2007 1349 et

184 1375 363 1412 mixtura
386 1370 559 1407 arctiore
582 1371 730 1414 differt,
763 1379 888 1412 quare
910 1369 994 1405 ae'ri
1018 1369 1207 1412 exposita
1229 1380 1308 1404 non
1340 1371 1491 1405 avolat.
1550 1370 1653 1404 Hinc
1685 1370 1836 1405 tardior
1864 1379 2004 1406 suma-

186 1435 305 1468 trana
328 1429 554 1471 camphora
582 1426 786 1462 medicina
818 1430 900 1470 est,
932 1434 1052 1468 quam
1082 1426 1268 1470 vulgaris
1299 1425 1375 1461 1113
1396 1426 1586 1461 Sinarum
1615 1430 1654 1461 et
1679 1428 1901 1473 Japonum,
1933 1428 2004 1462 sed

185 1485 453 1524 continentior
475 1488 514 1519 et
535 1482 800 1525 aequabilior.
858 1484 1008 1525 Ingens
1029 1482 1124 1518 huic
1152 1482 1344 1526 pretium,
1378 1490 1502 1524 quare
1526 1482 1599 1517 vix
1621 1491 1798 1524 unquam
1814 1484 1856 1518 in
1873 1485 2004 1518 Euro-

184 1554 279 1590 pam
296 1541 506 1592 adfertur,
538 1539 760 1583 frequentis
783 1539 826 1575 in
850 1539 980 1575 Cliina
1010 1542 1048 1575 et
1069 1539 1246 1583 Japonia
1273 1539 1383 1574 inter
1410 1539 1589 1575 remedia
1620 1539 2004 1576 lonico-stimulan-

183 1603 244 1639 tia
258 1610 374 1638 usus.

325 1654 737 1701 Dv‘pteroearporum
755 1651 1019 1696 complurium
1038 1652 1178 1688 resina
1191 1654 1403 1688 balsamea
1418 1652 1548 1695 picem
1565 1651 1763 1699 navibus,
1794 1654 1887 1688 thus
1904 1654 2005 1688 tem-

183 1715 288 1762 plis,
322 1717 360 1749 et
374 1712 530 1748 medico
548 1710 647 1746 artis
662 1719 763 1745 suae
782 1710 1033 1746 adminicula
1048 1712 1224 1752 praebet.
1282 1709 1486 1744 Primaria
1501 1708 1605 1744 inter
1620 1718 1868 1749 congeneres
1881 1710 2004 1751 java-

183 1774 302 1810 nicas
333 1769 491 1813 species
514 1765 854 1812 Dipteroempus
888 1765 1088 1800 trinervis
1113 1767 1244 1801 Blum.
1275 1765 1497 1808 [Palaglar
1528 1766 1708 1810 minjak]
1743 1769 1822 1812 est,
1855 1765 2002 1809 ingens

184 1833 318 1868 arbor.
391 1827 608 1868 Unguenta
648 1833 699 1859 ex
729 1825 852 1866 nujus
883 1823 1022 1858 resina
1053 1822 1242 1858 confecta
1273 1826 1412 1857 contra
1442 1823 1716 1858 ulcerationes
1748 1822 2002 1859 inveteratas

182 1887 343 1931 valent,
373 1882 444 1918 ubi
466 1884 618 1916 vulnus
651 1882 832 1916 excitare
865 1883 904 1914 et
935 1889 1011 1922 pus
1041 1878 1244 1921 corrigere
1274 1881 1445 1924 oporte13
1477 1878 1621 1922 spiritu
1655 1878 1743 1914 vini
1773 1881 1928 1925 soluta,
1960 1888 2000 1914 v.

181 1943 324 1981 vitello
347 1939 390 1974 in
415 1937 677 1974 emulsionem
702 1939 892 1983 subacta,
923 1936 1099 1972 balsami
1124 1935 1330 1978 Copaivae
1352 1935 1435 1970 vim
1458 1935 1500 1970 in
1524 1938 1780 1970 membranas
1811 1944 2002 1971 mucosas

184 1999 426 2037 aemulatur.
482 1994 705 2038 Indigenae
735 1997 950 2029 Musarum
980 1993 1079 2028 10113
1106 1991 1388 2034 Dipterocarpi
1418 1991 1555 2026 resina
1584 1991 1710 2027 oblita
1738 2001 1810 2035 pro
1839 1990 2002 2029 facibus

182 2055 394 2097 adhibent,
427 2060 529 2094 quae
544 2053 676 2086 lucem
692 2050 928 2095 candidam,
960 2059 1034 2085 nec
1050 2049 1308 2084 inamoenum
1327 2048 1564 2092 dispergunt
1583 2049 1755 2084 odorem.
1799 2049 1832 2084 E
1850 2045 2003 2094 13111ιο-

183 2110 360 2155 rucarpv’
374 2107 507 2142 laevis
524 2107 712 2153 Hamilt.,
744 2107 787 2141 in
805 2106 1037 2141 continente
1054 2105 1297 2150 crescentis,
1329 2108 1468 2139 trunco
1486 2104 1620 2140 securi
1637 2104 1792 2152 inciso,
1825 2113 2000 2141 accenso

178 2171 300 2214 juxta
323 2166 408 2202 leni
430 2164 542 2209 igne,
576 2163 654 2198 olei
676 2163 876 2199 balsamei
900 2160 1046 2205 (vulgo
1072 2158 1207 2196 Wood
1220 2158 1302 2204 oz‘l)
1325 2160 1444 2204 copia
1468 2161 1704 2209 effunditur,
1735 2160 1872 2204 magni
1894 2160 2003 2197 inter

182 2224 362 2263 remedia
375 2219 613 2257 vulneraria
627 2222 666 2254 et
681 2219 859 2254 vernicis
874 2220 963 2253 1000
980 2226 1093 2253 113113.

324 2276 488 2313 Slcorea
510 2274 688 2310 robusta
712 2277 839 2311 Roxb.
863 2275 904 2309 in
927 2274 1044 2310 India
1064 2272 1289 2310 borealiore
1312 2273 1517 2320 nascitur,
1549 2273 1712 2308 resinae
1735 2269 2000 2308 Dammarae

181 2337 362 2384 speciem
380 2338 559 2378 plorans.
619 2332 795 2376 Lignum
813 2331 957 2366 duritie
974 2334 1214 2377 praestans,
1244 2330 1487 2373 multiplicis
1505 2329 1710 2366 utilitatis.
2026 2359 2028 2362 ,

329 2390 512 2428 Παιονίη
539 2386 681 2423 indica
709 2388 829 2424 Linn.
860 2385 1165 2430 [Elaeocarpus
1196 2386 1461 2430 conalliferus
1490 2384 1653 2433 Rem),
1691 2386 1735 2422 in
1765 2383 2025 2423 Malabaria*

181 2460 392 2495 crescenS,
426 2446 666 2490 conallifera
682 2446 870 2480 Indorum
888 2447 1007 2480 arbor
1022 2446 1096 2480 est.
1140 2445 1174 2479 E
1192 2443 1418 2481 seminibus
1433 2443 1583 2481 oleosis
1599 2444 1791 2480 materies
1807 2446 1996 2491 sebacea‚

179 2505 482 2547 subaromatica
499 2501 645 2547 (vulgo
660 2498 792 2548 Pe'ney
812 2499 979 2546 tallow]
997 2500 1212 2537 obtinetur.

319 2610 821 2668 *Laphiraceaeo
880 2607 1072 2652 Arbores
1093 2607 1278 2651 Africae
1303 2607 1533 2663 tropicae,
1562 2606 1899 2662 pyramidales,
1922 2614 1998 2649 'ra-

179 2685 358 2723 mosae,
389 2672 563 2712 cortice
587 2671 725 2709 sicco.
782 2669 908 2707 Folia
926 2668 1131 2717 alterna,
1161 2666 1405 2720 petiolata,
1437 2666 1757 2718 integerrima,
1787 2669 1996 2705 costato-

178 2742 378 2777 venosa‚
425 2727 604 2781 petiolo
640 2725 910 2766 articulato.
985 2725 1178 2773 stipulae
1203 2723 1443 2771 minimae,
1488 2721 1709 2775 utrinque
1741 2721 1798 2760 ad
1832 2720 1998 2773 petioli

177 2787 327 2829 basim
357 2784 615 2834 solitariae,
656 2781 894 2821 deciduae.
954 2782 1105 2819 Flores
1136 2777 1355 2832 perfecti,
1391 2778 1655 2832 regulares,
1694 2775 1912 2817 axillares
1949 2782 1997 2818 et

179 2842 468 2892 terminales,
500 2838 776 2893 paniculati,
809 2837 944 2889 lutei,
976 2837 1213 2890 pedicellis
1233 2835 1518 2886 divaricatis,
1551 2846 1693 2887 supra
1714 2833 1861 2873 basim
1884 2834 1993 2875 arti—

178 2899 373 2951 culatis,
405 2897 463 2937 ad
488 2895 738 2936 articulum
763 2894 1062 2933 minutissime
1078 2892 1444 2933 bibracteolatis.
1492 2887 1994 2944 {Iazyx-pentaphyllus,

179 2956 357 2998 foliolis
381 2953 533 2994 tribus
557 2950 868 2991 interioribus
891 2949 1172 3001 minoribus,
1206 2949 1439 3000 concavis,
1474 2945 1656 2986 duobus
1681 2946 1994 2987 exterioribus

180 3012 426 3067 oppositis,
471 3007 744 3060 maj0ribus,
790 3006 971 3046 demum
1000 3005 1047 3044 in
1079 3004 1176 3045 alas
1207 3004 1448 3056 elongatas
1488 3003 1720 3056 expansis.
1798 3005 1995 3042 Cot-ollae

179 3068 333 3124 petala
365 3067 586 3121 quinque,
625 3062 917 3116 receptaculo
949 3062 1143 3113 inserta,
1183 3059 1567 3114 exunguiculata‚
1606 3071 1686 3113 per
1719 3060 1993 3099 aestivatio-

180 3138 282 3166 nem
315 3122 523 3177 apicibus
555 3119 826 3170 convoluta,
864 3117 1051 3158 tandem
1083 3117 1305 3171 patentia.
1366 3117 1564 3155 Stamina
1595 3114 1892 3170 receptaculo
1923 3116 1992 3155 in·

180 3186 324 3231 serta,
353 3177 617 3228 indefinita,
650 3175 977 3225 subbiseriata3
1005 3175 1240 3224 filamenta
1273 3171 1530 3222 filiformia‚
1564 3171 1742 3224 brevia,
1782 3173 1992 3210 antherae

177 3236 484 3286 biloculares‚
521 3232 689 3273 loculis
721 3231 999 3282 linearibus,
1037 3230 1287 3284 oppositis,
1326 3228 1589 3283 parallelis,
1620 3228 1832 3279 adnatis‚
1861 3228 1992 3282 apice

178 3293 348 3334 rimula
376 3290 562 3332 laterali
592 3288 949 3330 dehiscentibus.
1005 3288 1163 3326 Discus
1187 3285 1361 3326 nullus.
1422 3288 1601 3325 Germen
1626 3285 1856 3337 conicum,
1888 3284 1990 3324 uni-

179 3349 409 3400 locuiare3
445 3349 662 3398 gemmzdae‘s
691 3345 923 3399 plurimis,
962 3341 1336 3396 trophospermio
1367 3341 1584 3392 basHari,
1623 3353 1799 3393 crasso,
1838 3339 1988 3380 libero

179 3405 383 3454 adnatiS,
426 3403 676 3456 elongatis,
716 3401 946 3451 recurvis,
985 3398 1343 3448 unciformibus‚
1375 3398 1423 3437 in
1456 3397 1706 3451 capitulum
1739 3396 1989 3450 dispositis.

181 3464 396 3513 Stigmata
426 3459 537 3513 duo,
570 3459 779 3511 minima,
814 3456 1018 3508 tortilia,
1055 3454 1244 3497 reflexa.
1314 3455 1417 3495 Nux
1448 3454 1683 3505 coriacea,
1719 3451 1989 3504 fusiformis,
