2147 3756
941 119 1061 170 623

229 289 554 337 Affinitas.
593 296 696 334 Ordo
714 291 980 334 Geraniac'eis
997 295 1230 342 proximuS,
1255 293 1537 336 carpophyltis
1555 296 1708 337 absque
1727 298 1916 333 columna

92 355 265 395 centrall
282 356 469 390 connatis
482 358 800 402 ,gemmularum
820 353 1073 397 pluralitate,
1091 350 1292 387 seminum
1309 350 1554 392 epidermide
1573 360 1765 399 carnosa
1784 352 1918 387 soliis-

92 421 169 455 que
200 411 435 454 compositis
461 413 564 447 satis
589 415 631 446 ut
657 412 814 446 v-idetui
837 409 1076 455 distinctus,
1109 418 1181 451 per
1210 415 1359 452 genera
1391 396 1587 442 fruticosa
1611 411 1649 442 et
1670 411 1841 444 arborea
1865 408 1917 443 ad

90 469 155 512 Zy
157 470 396 512 gophylleas
414 473 449 504 et
470 468 757 504 Coiiriaraceas
774 466 943 502 accedit.

234 531 665 588 Geographia.
727 537 920 572 oxalides
946 536 985 574 in
1010 534 1202 571 Amerina
1226 533 1380 576 trop'ica
1404 537 1442 568 et
1467 532 1639 569 australi
1665 533 1915 578 subtronica,

93 602 168 631 nec
190 604 272 631 non
295 594 335 630 in
356 594 498 636 Capite
522 598 651 630 bonae
674 593 763 636 spei
787 592 1070 636 copiosissime
1092 591 1297 635 habitant,
1321 590 1508 636 naticae,
1541 598 1692 632 eaeque
1715 591 1917 626 latissime

91 652 284 693 diffusae,
316 652 597 694 intemperata
613 646 826 692 utriusnue
842 650 951 684 orbis
966 651 1092 693 plaga
1108 652 1373 691 generantur,
1392 657 1428 683 ve
1446 646 1607 691 frigidis
1624 649 1781 682 exules.
1811 647 1919 683 Asia

91 708 247 751 tropica
269 710 495 745 herbaceas
519 716 678 751 paucas
701 707 795 753 alit,
827 707 899 742 sed
923 705 1095 741 istarum
1118 706 1206 740 loco
1229 706 1504 751 Averrhoam,
1535 712 1665 747 genus
1688 705 1915 749 arboreum,

87 766 222 800 habet.

232 828 594 881 (finalitates
620 834 659 870 et
680 838 850 871 usus.
895 832 960 867 Ex
976 831 1091 867 acido
1108 830 1292 878 oxalico,
1317 832 1421 873 quod
1439 830 1479 866 in
1499 822 1687 874 partibus
1702 830 1917 866 herbaceis

88 890 163 928 vix
184 901 271 927 non*
292 892 487 935 oninium,
520 891 563 925 in
587 889 854 933 pauclssimis
871 888 1106 923 substantia
1123 896 1265 923 amara
1282 888 1620 934 contaminatum,
1652 887 1749 923 etin
1765 890 1916 923 bacca-

87 952 218 984 tarum
239 948 438 983 fructibus
457 947 626 993 residet,
659 946 849 981 virtutem
873 948 1057 987 repetunt
1083 944 1409 989 refrigerantem,
1442 944 1721 980 antlbiliosam
1745 948 1783 980 et
1808 944 1919 980 anti-

88 1005 297 1047 septicam.
356 1003 581 1040 Acaunum
612 1005 756 1038 tubera
785 1003 923 1045 amylo
947 1001 1097 1038 referta
1119 1003 1332 1036 esculenta
1354 1005 1461 1037 sunt.
1518 1001 1794 1038 Plurimarum
1815 1001 1918 1038 solia

83 1060 317 1111 sensibilia.

235 1125 392 1167 Oxalaes
411 1126 652 1166 Acetosella
667 1128 788 1166 Linn.
808 1127 970 1173 (Herba
985 1130 1275 1165 Acetosellas.
1291 1128 1502 1171 Allelujae
1519 1138 1557 1164 v.
1577 1128 1739 1164 Trifolii
1761 1128 1918 1165 acetosi

87 1169 419 1231 s.0xytrip113-lli
442 1187 553 1223 offic.
557 1186 602 1234 J,
634 1189 803 1230 elegans
826 1187 1015 1229 Europae
1039 1189 1077 1221 et
1100 1186 1229 1221 Asiae
1251 1185 1430 1221 borealis
1454 1188 1600 1231 herba,
1631 1194 1714 1221 una
1738 1186 1917 1222 omnium

85 1245 170 1282 xim
200 1245 377 1281 exhibet.
436 1246 503 1281 Ex
532 1246 609 1286 hac
641 1244 714 1278 Sal
744 1244 1006 1279 Acetosellae
1035 1241 1236 1285 imprimis
1267 1246 1448 1286 paratur.
1507 1242 1845 1278 Americanarum
1876 1246 1915 1278 et

85 1302 325 1345 cunensium
355 1309 429 1344 par
458 1301 591 1337 virtus
623 1303 662 1335 et
692 1300 842 1335 similis
873 1308 988 1335 usus.
1056 1298 1292 1342 Specierum
1325 1298 1669 1343 americanarum,
1714 1296 1916 1334 (jx-alifis

88 1356 368 1394 crossia-aulis
391 1360 535 1404 Zucc.,
572 1353 770 1391 Oxale'dis
790 1353 1094 1401 ,tetraphyllae
1113 1355 1211 1392 Cav.
1237 1359 1275 1391 et
1295 1351 1493 1390 O-rale‘de‘s
1526 1354 1766 1390 esculentae
1789 1356 1913 1393 Link.

87 1419 126 1451 et
157 1416 245 1451 Otto
277 1417 420 1450 tubera
450 1416 666 1457 amylacea
698 1417 814 1449 cocta
843 1414 1118 1449 comeduntur.
1182 1409 1382 1461 Oxalz‘di's
1413 1410 1653 1456 (Biophyti)
1685 1412 1916 1447 sensv‘ti‘cae

85 1472 231 1517 Linn.,
262 1473 412 1508 herbae
441 1471 623 1513 indicae,
657 1469 759 1505 folia
791 1470 1084 1516 amaricantia,
1116 1469 1307 1505 virtutem
1331 1471 1586 1504 roborantem
1610 1473 1647 1504 et
1670 1469 1816 1505 leniter
1839 1469 1916 1505 sti-

83 1531 307 1567 mulantem
323 1531 529 1564 exserunt.
567 1527 762 1563 Radicem
778 1529 980 1564 adversus
997 1529 1202 1562 calculum
1219 1530 1258 1562 et
1273 1517 1415 1562 cont'ra
1429 1526 1690 1569 scorpionum
1705 1535 1915 1562 morsuras

83 1587 267 1622 laudant.
1045 1601 1047 1604 ⁴

227 1650 474 1690 Averrhoae
501 1652 783 1690 Carambolae
805 1655 948 1701 Linn.,
983 1653 1140 1690 arboris
1171 1653 1356 1699 indicae,
1389 1653 1609 1696 sylvestris
1639 1656 1794 1690 baccae
1824 1653 1915 1690 aci-

86 1711 284 1749 dissimae
322 1712 438 1755 sunt,
478 1710 620 1756 stirpis
660 1715 797 1748 cultae
829 1711 1194 1757 acidulo-dulces,
1233 1713 1383 1747 crudae
1415 1714 1454 1746 et
1489 1710 1606 1746 varie
1643 1714 1914 1754 praeparatae

85 1772 362 1806 comeduntur.
427 1762 660 1805 Fructuum'
682 1765 931 1803 Acerrhoae
962 1766 1136 1802 Bz’le'mbz‘
1156 1768 1277 1804 Linn.
1310 1769 1437 1809 major
1467 1765 1663 1812 aciditas,
1696 1777 1771 1804 nec
1801 1767 1915 1803 crudi

83 1828 275 1872 eduntur,
309 1826 414 1861 cocti
440 1837 478 1861 v.
504 1827 655 1862 conditi
678 1826 776 1862 aliis
801 1826 905 1862 cibis
928 1825 1141 1862 miscendi.
1200 1825 1422 1868 Utriusque
1446 1823 1548 1860 folia
1571 1825 1623 1860 ad
1646 1825 1912 1861 maturandos

84 1887 261 1920 tumores
276 1882 496 1928 languidos
513 1884 719 1920 adhibent.

423 2085 425 2088 ,
493 2035 664 2107 (prelo
692 2030 956 2105 (mmlx.
1030 2032 1504 2081 Balsamineae.

225 2133 420 2185 Herbae
458 2137 756 2200 potissimum·
788 2154 993 2195 annuae,
1041 2146 1261 2193 erectae,
1308 2145 1526 2191 tenerae,
1575 2150 1719 2182 succo
1759 2140 1910 2198 aque'o

83 2206 333 2270 turgidae,
387 2207 549 2261 radice
603 2208 777 2255 fibrosa
830 2218 908 2254 aut
962 2210 1115 2255 rarius
1161 2208 1401 2254 tuberosa.
1489 2208 1632 2254 Folia
1678 2205 1912 2253 interdum

85 2279 241 2325 omnia
285 2277 535 2337 radicalia,
584 2279 726 2342 longe
765 2280 1013 2343 petiolata,
1062 2278 1257 2326 cordata
1295 2295 1337 2325 v.
1379 2279 1677 2335 reniformia,
1726 2277 1912 2324 caulina

83 2350 264 2397 alterna
303 2366 345 2396 v.
388 2352 626 2413 opposita,
674 2351 825 2397 rarius
871 2359 1029 2407 terna,
1078 2350 1580 2412 bre'x‘iter‘petiolata,
1612 2347 1910 2412 quandoque

84 2421 292 2478 sessilia,
333 2421 588 2483 simplicia,
634 2422 966 2484 penninervia,
1016 2421 1281 2468 lanceolata
1311 2421 1423 2467 sive-
1446 2421 1669 2477 linearia,
1719 2419 1912 2466 dentata

83 2507 128 2538 v.
161 2500 683 2539 mucronato-serrata.
761 2493 986 2555 Sczfflclae
1018 2492 1196 2547 nullae,
1230 2489 1314 2537 sed
1346 2491 1510 2554 petioli
1542 2489 1775 2538 interdum
1798 2490 1912 2537 -basi

83 2562 248 2626 pilosi,
296 2571 495 2625 utroque
535 2562 746 2625 margine
780 2561 1014 2625 glandulis
1047 2562 1454 2625 cupuliformibus,
1500 2561 1809 2624 substipitatis
1840 2562 1911 2607 in-

84 2633 268 2680 structi.
321 2635 594 2680 Pcdunculz
620 2634 863 2691 axillares,
896 2650 942 2680 v.
975 2633 1192 2680 foliorum
1226 2634 1518 2696 superiorum
1552 2632 1910 2679 abbreviatione

83 2719 320 2750 racemum
354 2705 646 2752 terminalem
678 2706 958 2762 formantes,
999 2705 1100 2750 uni·
1080 2705 1187 2750 -tri-
1168 2704 1443 2768 -pluiissori,
1477 2703 1700 2771 solitarii,
1734 2703 1910 2766 gemini

81 2790 124 2822 v.
172 2775 318 2832 terni,
365 2774 623 2842 bracteati,
673 2774 922 2839 pedicellis
969 2776 1201 2831 unilloris,
1256 2774 1486 2821 interdum
1531 2773 1633 2820 basi
1678 2790 1721 2820 v.
1769 2790 1910 2837 supra

84 2844 287 2894 medium
317 2845 645 2904 bracteolatis,
685 2848 871 2910 saepius
903 2845 1057 2893 nudis.
1135 2848 1306 2893 Florcs
1335 2839 1561 2920 perfecti,
1580 2845 1906 2908 irregulares,

83 2933 176 2964 non
214 2917 490 2981 resupinati.
573 2919 731 2980 Calyx
767 2917 1120 2981 pentaphyllus,
1169 2918 1468 2980 irregularis,
1517 2915 1779 2973 coloratus,
1829 2932 1906 2963 ca-

85 2986 254 3056 ducus:
295 2986 485 3053 foliola
525 2986 615 3035 duo
657 2990 830 3035 extima
872 2989 1112 3046 lateralia,
1162 2990 1401 3052 opposita,
1449 3004 1589 3050 parva
1626 3004 1670 3035 v.
1704 2988 1907 3045 minima,

84 3059 396 3107 aestivatione
429 3060 553 3106 inter
584 3075 635 3107 se
669 3060 776 3106 hinc
809 3060 1014 3118 valvata,
1060 3060 1189 3106 illinc
1230 3060 1397 3106 anticis
1437 3058 1776 3115 incumbentia,
1823 3075 1909 3122 po-

85 3131 252 3177 sticum
300 3131 568 3188 maximum,
630 3140 1146 3187 seccato-concavum,
1208 3130 1308 3176 basi
1355 3131 1401 3176 in
1446 3129 1615 3192 gibber
1658 3147 1702 3176 v.
1751 3128 1938 3176 calcar²'

86 3216 247 3247 cavum
285 3200 585 3263 productum,
632 3203 943 3249 aestivatione
977 3202 1201 3249 corollam
1237 3201 1578 3264 complectens,
1629 3199 1718 3247 (luo
1752 3200 1910 3247 antica

83 3287 205 3318 nunc
239 3271 510 3318 lateralibus
541 3271 867 3336 subaequafia,
916 3274 1023 3320 hinc
1056 3272 1112 3319 ab
1153 3270 1318 3318 iisdem
1362 3272 1576 3334 obtecta,
1623 3271 1752 3318 illinc
1792 3270 1910 3319 dex-

84 3350 204 3388 trum
258 3342 450 3388 sinistro
501 3342 804 3400 incumbens,
868 3361 991 3390 nunc
1047 3344 1375 3400 minutissima,
1439 3341 1777 3389 rudimentaria
1829 3351 1910 3389 aut

86 3413 272 3459 omnino
306 3412 446 3461 nulla.
526 3415 725 3461 Corolla
756 3415 1061 3479 receptaculo
1095 3415 1296 3470 inserta,
1333 3422 1627 3477 pentamera‚
1661 3413 1908 3460 elementis
1973 3472 1975 3477 f

86 3492 189 3531 c‘um
222 3482 400 3548 calycis
430 3483 605 3531 foliolis
637 3484 1002 3545 alternantibus,
1049 3501 1170 3532 nunc
1210 3485 1373 3533 liberis
1414 3484 1738 3549 pentapctala,
1786 3501 1908 3532 nunc

1489 3567 1559 3621 40
