2147 3756
1040 83 1155 134 602

193 267 521 316 nonnunquam
552 260 706 300 tamen
738 250 1003 308 imbricata,
1044 249 1128 297 sub
1160 248 1344 295 anthesi
1377 255 1539 295 erecta
1570 264 1611 297 v.
1644 249 1872 312 patentia,
1920 245 2003 295 de-

195 322 347 371 cidua.
426 324 646 370 Stamina
692 339 794 369 cum
839 322 1006 386 petalis
1052 321 1250 377 inserta,
1305 318 1443 381 duplo
1491 318 1745 365 eorundem
1791 333 2002 375 numero,

194 393 348 438 omnia
379 393 578 451 fertilia,
622 394 801 440 alterna
832 392 1000 455 petalis
1035 391 1253 453 opposita
1284 390 1551 452 plerumque
1584 389 1799 452 reliquis,
1848 389 2005 434 omnia

194 463 358 510 iisdem
391 464 626 511 breviora.
698 465 971 510 Ft'lamenta
1002 460 1236 516 subulata,
1286 458 1436 506 libera
1468 477 1509 505 v.
1543 460 1765 505 ima'hasi
1797 462 1921 504 inter
1951 473 2002 505 se

194 542 373 581 etcum
413 534 547 580 disco
589 534 773 580 coalita.
846 532 1104 579 Atztlzer‘ae
1143 531 1399 585 introrsae,
1444 529 1751 585 biloculares,
1800 530 2006 591 longitu-

196 603 417 651 dinaliter
450 604 762 650 dehiscentes.
842 604 1039 649 Germen
1080 601 1299 657 liberum,
1347 600 1534 656 sessile,
1583 599 2007 663 bi-quinquelocu-

193 675 308 721 lare.
401 676 669 721 Gemmezlae
715 674 837 719 intra
882 672 1063 719 loculos
1109 672 1347 733 geminae,
1401 670 1558 732 anguli
1606 671 1828 717 centralis
1880 669 2005 731 apici
2053 676 2060 681 ’

195 745 535 792 collateraliter
579 760 839 807 appensae,
885 752 1157 804 anatropae.
1233 743 1397 803 Stylus
1442 741 1640 802 simplex
1683 757 1726 787 v.
1776 739 2005 786 interdum

194 816 369 873 nullus,
403 818 579 877 ste'gvna
613 814 859 860 indivisum
889 830 931 861 v.
963 812 1433 876 bi-quinquelobum.
1492 813 1698 858 Fructus
1729 809 2005 873 drupaceus,

193 887 427 950 putamine
461 894 985 949 mono—pentapyreno,
1026 885 1216 947 pyrenis
1250 883 1420 941 osseis,
1453 882 1619 928 abortu
1652 881 2006 943 monospermis,

195 957 435 1019 epicarpio
469 957 621 1013 sicco,
657 956 887 1003 interdum
920 954 1132 1001 valvatim
1159 953 1443 1013 secedente,
1477 954 1748 1015 plerumque
1775 952 2005 1009 resin‘oso,

193 1028 343 1074 rarius
377 1027 652 1088 capsularis,
687 1025 918 1089 septicidc
953 1025 1224 1082 dehiscens,
1258 1025 1423 1071 loculis
1455 1024 1621 1070 abortu
1652 1023 2006 1085 monospermis,

195 1096 482 1160 endocarpio
515 1096 759 1143 subosseo.
833 1098 1028 1144 Semina
1060 1097 1271 1152 inversa,
1305 1095 1476 1140 teretia
1508 1111 1549 1140 v.
1584 1094 1824 1156 angulata,
1864 1093 2010 1138 raris-

194 1169 307 1214 sime
355 1183 626 1231 compressa
672 1176 719 1214 ct
769 1168 980 1230 margine
1032 1166 1392 1212 membranaceo
1446 1165 1616 1211 cincta.
1720 1163 2010 1224 Embryom‘s

195 1238 555 1295 exalbuminosi,
590 1238 853 1301 orthotropi
878 1238 1190 1299 cotyledones
1213 1235 1737 1299 corrugato-plicatae,
1769 1234 2006 1280 rarissime

196 1309 380 1368 laeves,
413 1309 864 1373 plano-convexae,
894 1308 1120 1357 radicula
1150 1306 1333 1366 brevis,
1367 1315 1524 1366 recta,
1556 1321 1743 1370 supera.

957 1425 991 1461 G
1009 1433 1034 1460 R
1052 1432 1083 1460 Ν
1103 1432 1128 1460 Ε
1148 1431 1177 1460 n
1195 1432 1244 1461 A.

304 1511 430 1548 5928.
461 1509 687 1547 Bosweliia
706 1506 844 1546 Rmrb.
1447 1496 1721 1544 §Caproxyion
1740 1498 1851 1533 Tus-5.

517 1559 682 1592 Libanus
703 1559 845 1593 colem,
1448 1549 1650 1584 §Knorrea
1663 1549 1768 1595 Μος.
1786 1552 1825 1582 et:
1843 1546 1944 1583 Seu.

308 1610 433 1646 5929.
463 1611 643 1646 Pretium
661 1608 811 1644 Burm-
1236 1635 1237 1642 ,
1555 1608 1579 1634 *
1634 1631 1636 1635 f

307 1668 431 1704 5930.
461 1667 838 1703 Baisamodendron
860 1662 1023 1702 Kvmtlz.
1239 1671 1365 1709 5938,
1396 1672 1560 1714 Garuga
1581 1668 1718 1705 Ray-b,

519 1715 751 1749 Hendelotia
766 1717 811 1748 A.
830 1714 944 1749 Rich.
1448 1714 1622 1754 Ku‘nthia
1637 1719 1797 1754 Denngc,

516 1765 697 1799 Niotoutt
713 1766 861 1798 Atlans.
1555 1779 1579 1804 >k

519 1814 717 1848 Balsamea
738 1814 846 1848 Gled.

518 1864 711 1898 Balessam
730 1864 869 1898 Bruce.

519 1913 785 1958 Commipliora
801 1914 913 1960 Jacq.

310 1973 435 2009 5931.
465 1973 704 2015 Elapnrium
722 1970 848 2019 Jacq.

1238 1843 1363 1878 5939.
1394 1842 1493 1880 Hem
1499 1841 1657 1885 prichia
1673 1837 1856 1875 Elii-enh.

1311 1942 1532 1984 Genera
1561 1943 1654 1983 vix
1683 1946 1829 1982 nota.

309 2031 432 2065 5932.
463 2030 574 2066 Icica
588 2024 714 2065 Aram.
1238 2034 1363 2068 5940.
1393 2034 1685 2073 Pagarastrum
1704 2028 1814 2064 Drm.

307 2087 431 2122 5933.
463 2088 641 2121 Bursera
657 2085 785 2131 Jaeq.
1241 2092 1364 2126 5941.
1397 2090 1632 2124 Picramnia
1649 2085 1830 2122 Smartz.

309 2143 433 2178 5934-
465 2142 739 2177 Trattinickla
762 2137 906 2177 l‘Vr’lld-
1239 2148 1365 2182 5942.
1395 2146 1794 2188 Metnyscophyllum
1812 2139 1928 2177 Eekl.
1946 2144 1986 2178 et

520 2191 765 2232 'lDaci-yodes
789 2189 898 2223 l'ahl.
1881 2195 2012 2245 Zeylg‚

309 2249 434 2285 5⁰35·
464 2249 671 2289 Marii-'nia
691 2246 916 2283 Cmnmers.
1239 2260 1365 2294 5943.
1396 2257 1564 2301 'Papiria
1580 2255 1696 2292 Jnss.

520 2297 719 2330 Dafflmffl'a
740 2296 878 2330 Glifcn·
1454 2306 1686 2348 Joncqnetia
1705 2301 1858 2339 Schreb.

310 2355 434 2391 5936.
466 2355 683 2391 Canarium
708 2352 829 2387 Lt'mz.
1238 2360 1364 2394 5944,
1393 2358 1592 2394 Low-eim
1611 2354 1755 2391 Meisn.

520 2403 691 2436 Pimelea
708 2402 826 2435 Lonr.
1453 2405 1657 2440 Toluifera
1674 2404 1791 2438 [μην.

522 2452 759 2497 colophonia
778 2452 983 2485 Commers.
1239 2459 1290 2493 59
1300 2459 1362 2492 45,
1394 2457 1579 2492 Triceros
1598 2452 1728 2491 [μων.

312 2512 435 2547 5937.
466 2511 686 2551 Ι-Ῑεᾶκνίεῑίη
704 2509 885 2545 Swarlz.
1240 2516 1363 2551 5946.
1395 2515 1601 2556 Barbylus
1622 2510 1668 2548 Ρ.
1686 2509 1763 2545 Br.

522 2559 786 2601 'reti-agastris
809 2558 947 2591 Gic'rtn.
1270 2589 1316 2596 ,-
1394 2571 1656 2613 Pachylobus
1677 2565 1725 2602 G·
1741 2564 1854 2602 Don·

473 2622 479 2638 ο
522 2607 857 2651 Sclnviigrichenia
872 2605 1080 2641 Reiclzenb.

337 2710 659 2756 Affinitas.
714 2714 1009 2751 Burseraceae
1025 2714 1130 2750 inter
1143 2712 1326 2756 reliquas
1341 2710 1677 2748 Terebinthineas
1694 2707 1872 2753 germine
1887 2705 2016 2750 pluri-

196 2772 389 2819 Ioculari,
422 2778 457 2809 et
476 2775 689 2818 gemmulis
706 2773 814 2809 intra
830 2772 1015 2815 quemvis
1031 2773 1205 2807 loculum
1225 2772 1405 2813 duabus,
1439 2767 1648 2812 pendulis,
1671 2775 1746 2801 nec
1764 2774 1842 2800 non
1859 2765 2015 2806 cotyle-

198 2829 369 2865 donibus
400 2833 635 2874 plerumque
664 2828 1083 2873 plicato-convolutis
1113 2827 1269 2872 optime
1286 2826 1525 2872 distinctae,
1557 2824 1849 2868 gemmularum
1872 2820 1954 2857 situ
1977 2822 2017 2856 et

197 2893 362 2922 numero
379 2887 429 2922 ad
446 2887 779 2930 Eupliorbiaceas
795 2886 1008 2922 accedunt.

340 2964 767 3021 Geographia.
827 2971 974 3005 Omnes
998 2968 1103 3004 inter
1125 2966 1303 3010 tropicos
1318 2964 1526 3010 habitant,
1559 2962 1646 3007 pari
1664 2961 1747 2998 fere
1761 2970 1928 2997 numero
1944 2969 2017 3004 per

199 3023 443 3071 tripartitam
461 3028 570 3063 orbis
588 3031 751 3071 plagam
768 3029 1026 3072 segregatae,
1053 3024 1135 3061 nisi
1153 3023 1403 3074 frequentius
1421 3022 1560 3064 paullo
1577 3020 1617 3055 in
1635 3018 1777 3056 Africa
1791 3018 1987 3054 habitent.

283 3120 301 3134 ·
339 3105 702 3157 unalitates
728 3113 765 3146 et
789 3115 955 3148 usus.
1002 3110 1183 3153 Succus,
1215 3106 1283 3150 qui
1301 3115 1352 3142 ex
1367 3105 1433 3142 liis
1450 3104 1664 3142 arboribus
1682 3105 1826 3146 sponte
1840 3108 2016 3138 manans

200 3169 446 3215 secernitur,
476 3179 515 3205 v.
540 3178 591 3204 ex
609 3167 758 3203 inflicto
774 3169 943 3203 vulnere
958 3165 1063 3210 fluit,
1097 3163 1303 3200 acredinis
1320 3172 1485 3207 expers,
1516 3163 1634 3197 odore
1652 3161 1859 3195 balsameo
1875 3160 1913 3193 et
1929 3157 2015 3193 vir·-

201 3228 284 3260 tute
306 3225 541 3261 stimulante
565 3225 687 3261 simul
712 3227 751 3259 et
771 3226 983 3259 roborante
1006 3221 1173 3265 nobilis,
1205 3220 1275 3256 ubi
1298 3221 1346 3254 ad
1365 3222 1475 3255 ae'ris
1489 3221 1715 3253 contactum
1733 3216 1773 3250 in
1790 3217 2016 3257 lacrymam

201 3281 398 3328 durescit,
433 3285 524 3318 thus
549 3285 629 3327 est,
661 3280 972 3316 vetustissimae
994 3278 1099 3314 inter
1121 3277 1351 3313 suffimenta
1373 3276 1548 3319 gloriae,
1579 3283 1654 3309 nec
1670 3273 1775 3308 inter
1788 3270 2015 3306 medicinas

202 3340 393 3380 spretum.
451 3341 582 3374 Multa
613 3338 661 3373 de
691 3337 821 3373 thuris
844 3336 1044 3372 varietate
1066 3337 1104 3370 et
1126 3333 1336 3370 natalibus
1360 3333 1467 3375 apud
1493 3330 1681 3372 antiquos
1704 3327 1907 3371 quaestio,
1939 3334 2014 3361 nec

202 3393 321 3430 hodie
344 3394 394 3428 ad
409 3393 608 3437 liquidum
624 3394 819 3437 perducta
834 3395 908 3428 est.
964 3393 1066 3427 Nam
1081 3390 1317 3426 hodiernam
1333 3387 1462 3425 thuris
1479 3395 1651 3424 mercem
1668 3386 1719 3421 ad
1736 3392 1835 3421 suas
1851 3384 2015 3425 plantas

203 3449 323 3485 dubIe
339 3449 580 3498 referentes,
612 3459 701 3488 cum
719 3448 973 3493 antiquorum
988 3446 1205 3492 speciebus
1222 3445 1433 3482 incassum
1448 3450 1746 3487 comparamus.
1794 3436 2015 3475 olibanum
