2147 3756
973 125 1090 177 445

118 307 348 349 lacrymam
372 302 552 340 obtinent
574 301 834 347 nigerrimam
857 306 897 339 et
921 301 1097 347 exiguae
1117 296 1296 338 virtutis.
1353 299 1618 342 praeparatio
1633 302 1884 346 potissimum
1902 303 1946 342 in

124 372 170 399 eo
186 360 401 407 'consistit,
433 364 478 396 ut
499 369 630 403 aquae
653 361 838 403 pauxillo
861 362 1157 404 humectatum,
1189 359 1340 400 spatha
1359 357 1500 402 lignea
1522 358 1710 394 continuo
1735 363 1770 395 et
1789 360 1947 398 fortiter

125 419 299 454 ducatur
314 421 353 453 et
367 417 586 452 reducatur
600 416 642 451 in
660 416 802 460 patina
818 418 963 464 plana,
993 414 1147 460 pariter
1162 423 1183 450 e
1198 413 1310 457 ligno
1327 412 1461 460 facta,
1492 414 1617 449 donec
1633 414 1740 457 picis
1757 419 1945 453 elabora-

124 474 311 512 tissimae
341 472 670 519 consistentiam,
703 474 962 509 tenacitatem
995 477 1034 508 et
1056 472 1225 507 nitorem
1247 470 1426 506 inducat.
1481 471 1546 506 Ita
1568 471 1636 505 diu
1659 473 1871 508 subactum
1893 475 1947 509 ad

122 530 312 567 ultimum
334 538 458 567 manu
480 533 750 573 pertractatur
771 531 900 576 nuda,
934 533 973 565 et
994 528 1038 564 in
1056 531 1269 571 placentas
1293 529 1332 562 et
1347 526 1555 570 cylindros
1570 529 1714 563 breves
1731 527 1948 566 formatum

121 587 406 624 venumdatur.
463 585 597 623 Vilem
619 586 796 630 speciem
813 597 834 622 e
849 595 971 622 succo
987 587 1251 628 capsularum
1266 592 1481 634 expresse,
1510 582 1759 621 vilissimam
1782 582 1945 629 (Meco-

123 642 257 689 m’um)
277 651 329 680 ex
344 642 505 688 integra
519 644 662 686 planta
677 651 823 687 pressa
838 644 877 679 et
893 644 1007 677 cocta
1023 640 1216 676 obtinent.

265 729 422 764 Succus
446 727 506 763 ita
530 729 797 771 praeparatus
819 723 1063 762 substantiis
1085 732 1254 767 prorsus
1274 722 1556 766 peculiaribus
1572 722 1668 761 aliis
1684 722 1947 761 alcaloideis:

124 781 377 830 Morphae'mt,
413 781 616 829 Codez’na,
648 780 890 817 Narcotina
909 778 1115 826 [Opiana]
1141 782 1180 815 et
1201 776 1418 814 Thebaina
1435 778 1826 829 [Caram01·phina),
1851 781 1951 817 aliis

125 841 386 878 extractivis:
431 836 651 874 Narceae‘tm
673 842 711 873 et
734 836 978 884 Meconem,
1010 836 1222 878 acidisque
1250 836 1317 872 sui
1339 837 1522 884 generis,
1553 836 1781 886 meconico,
1812 847 1950 871 come-

126 898 221 934 nz'co
252 901 290 933 et
305 895 628 943 pyromeconieo
661 897 811 941 scatet;
840 897 883 930 ut
915 895 964 929 de
993 892 1179 936 pluribus
1209 892 1324 940 aliis,
1356 902 1524 936 quarum
1546 897 1695 930 natura
1717 894 1759 930 in
1784 894 1951 930 dubium

125 956 316 999 vocatur,
348 951 414 988 hic
431 960 597 994 prorsus
615 953 782 987 taceam.
842 949 994 986 Mercis
1009 957 1160 993 magna
1175 950 1377 996 varietaS,
1408 953 1538 986 multa
1554 951 1750 987 miscelae
1767 950 1889 988 etiam
1906 951 1951 987 in

123 1008 406 1055 placentis‘ex
426 1009 566 1043 eodem
582 1010 699 1051 portu
716 1006 900 1043 advectis
916 1005 1167 1042 diversitate.
1226 1007 1338 1050 Quod
1355 1007 1530 1049 Smyrna
1543 1017 1582 1043 v.
1601 1006 1954 1051 Constantinopoli

123 1065 359 1112 advehitur,
390 1064 434 1101 in
456 1064 562 1101 Asia
583 1064 737 1100 minore
753 1066 963 1110 paratum,
994 1064 1209 1106 placentas
1225 1062 1336 1099 sistit
1352 1064 1644 1110 subrotundas,
1678 1064 1952 1108 sesquilibrae

122 1123 320 1167 pondere,
353 1124 474 1157 extus
505 1122 650 1167 duras,
681 1121 792 1157 intus
821 1121 1048 1166 molliores,
1080 1119 1267 1157 Rumicis
1298 1120 1511 1163 cujusdam
1535 1120 1733 1157 fructibus
1757 1130 1953 1164 consper-

124 1187 218 1225 sas,
251 1182 289 1214 et
308 1177 536 1222 Papaveris
554 1177 650 1213 folio
675 1180 903 1214 obvolutas.
960 1174 1179 1211 Persicum
1197 1173 1343 1222 Opz'um
1361 1176 1404 1212 in
1420 1177 1627 1219 cylindros
1647 1176 1860 1213 formatum
1877 1180 1952 1223 est,

126 1235 297 1279 digitum
327 1235 538 1271 minimum
568 1243 733 1271 crassos
758 1238 797 1270 et
818 1237 983 1281 longos,
1016 1236 1159 1269 charta
1180 1233 1410 1279 laevigata,
1443 1233 1509 1269 filo
1534 1233 1756 1277 gossypino
1778 1234 1951 1279 firmata,

122 1290 365 1328 involutum.
424 1291 637 1329 Minimam
665 1294 740 1328 hoc
771 1290 1011 1335 Morphinae
1044 1290 1312 1333 quantitatem
1342 1289 1546 1326 continere
1575 1289 1810 1337 perhibent,
1843 1293 1952 1325 tanto

121 1350 220 1393 plus
242 1348 402 1384 farinae
419 1349 578 1391 oryzae
603 1348 826 1384 admixtum
844 1350 1006 1384 babere.
1069 1343 1238 1393 Opima,
1271 1347 1375 1390 quod
1390 1355 1443 1381 ex
1457 1347 1646 1391 Aegypto
1664 1349 1825 1392 petunt,
1860 1342 1957 1392 opis

127 1402 312 1440 thebaici
331 1405 494 1441 nomine
518 1405 768 1448 percelebris
793 1406 902 1449 apud
925 1407 1086 1441 veteres
1106 1413 1261 1440 merces
1285 1405 1367 1449 est,
1400 1403 1548 1439 duritie
1572 1412 1598 1439 a
1621 1398 1853 1448 Smyrnaeo
1871 1403 1956 1444 dis&

123 1461 266 1498 tincta.
324 1462 447 1498 Acidi
471 1461 670 1498 meconici
692 1463 885 1504 majorem
908 1462 951 1496 in
974 1461 1053 1497 isto
1076 1461 1257 1507 copiam,
1294 1460 1551 1503 Morphinam
1580 1459 1791 1496 difficilius
1811 1468 1957 1503 puram

126 1518 221 1554 elici
251 1521 454 1555 asserunt.
512 1519 628 1553 Nunc
659 1518 831 1561 quodvis
859 1514 1006 1563 Opima
1036 1527 1181 1560 purum
1216 1514 1452 1551 thebaicum
1484 1516 1619 1553 dicere
1648 1516 1956 1563 consuevimus,

126 1574 419 1618 antiquissima
454 1574 604 1610 mercis
641 1575 774 1619 gloria
805 1575 857 1610 ad
886 1574 1020 1618 ipsius
1051 1573 1330 1621 substantiae,
1367 1572 1505 1609 ubivis
1535 1576 1727 1619 paratae,
1765 1571 1957 1609 virtutem

128 1633 346 1668 translata.
418 1630 562 1675 opium
595 1632 703 1674 apud
726 1632 848 1667 Indos
879 1635 1067 1674 paratum
1098 1630 1141 1666 in
1171 1631 1322 1666 nostris
1354 1629 1548 1674 emporiis
1587 1629 1845 1665 rarissimum
1880 1633 1956 1665 est.

124 1687 419 1731 Experimenta
435 1687 580 1730 opium
601 1688 644 1723 in
668 1689 834 1730 Europa
856 1687 1031 1731 parandi
1054 1687 1266 1723 incassum
1296 1686 1407 1723 facta
1435 1689 1550 1736 sunt;
1579 1694 1676 1722 nam
1698 1686 1804 1731 quod
1828 1688 1960 1722 Grae-

126 1744 212 1781 culi
227 1754 249 1781 e
264 1746 545 1788 Peloponneso
561 1748 600 1781 et
615 1744 766 1780 insulis
783 1745 1010 1792 advehunt,
1040 1743 1291 1780 vilissimum
1307 1747 1385 1781 est.

270 1825 511 1873 Papaveris
534 1826 761 1877 sommferz·
781 1829 828 1865 L.
852 1828 1033 1865 incertae
1053 1829 1231 1864 natales.
1287 1828 1464 1864 Plantae
1485 1825 1593 1863 inter
1613 1826 1826 1864 hor-tenses
1843 1827 1960 1864 satae

129 1884 296 1930 egregia
318 1885 498 1929 imagine
521 1889 637 1921 vates
660 1885 811 1921 iliacus
835 1885 984 1933 utitur,
1014 1884 1223 1923 vulnerati
1243 1883 1288 1922 in
1308 1887 1471 1929 pectore
1494 1884 1786 1930 Gorgytlrionis
1808 1888 1962 1924 nutans

127 1944 204 1980 sub
221 1942 399 1980 cassidis
412 1942 590 1987 pondere
604 1945 727 1986 caput
744 1941 1001 1979 describens.

478 2005 656 2061 „minem
673 2004 712 2049 δ’
734 2005 788 2054 ὥς
803 2006 973 2063 ἕτερώσε
987 2005 1097 2064 κάοη
1114 2004 1270 2060 βάλεν,
1299 2001 1363 2061 σῖτ’
1382 2004 1443 2048 ἕνὶ
1457 2002 1600 2063 κήπῳ,

481 2066 671 2120 „naoncfi
687 2066 879 2121 βοιθομ’
846 2080 933 2118 ενη
949 2064 1113 2133 νοτίῃοί
1128 2080 1171 2105 τε
1190 2063 1446 2120 εἰαρινῇσιν·

482 2137 572 2174 „mg
589 2120 748 2177 {tepom'
766 2119 900 2175 ἤμυσε
915 2119 1025 2178 κάρη
1042 2110 1204 2176 πήληκι
1218 2119 1495 2177 βαρυνθένὲι

129 2196 249 2233 Hanc
270 2194 314 2232 in
336 2194 476 2241 regiae
499 2197 616 2234 aedis
638 2200 750 2234 horto
775 2199 927 2234 cultam
943 2197 1066 2233 etiam
1083 2196 1372 2240 antiquissima
1385 2197 1660 2233 Romanorum
1676 2194 1725 2233 de
1738 2194 1962 2240 Tarquinio
2016 2226 2019 2229 ,

129 2255 314 2296 Superbo
339 2258 651 2290 commemorant
673 2254 869 2291 carmina.
926 2254 1074 2290 Latius
1098 2256 1149 2291 ab
1173 2253 1384 2290 Arabibus
1407 2257 1633 2298 propagata
1654 2257 1729 2290 est.
1787 2253 1962 2290 carolus

129 2312 310 2354 Magnus
333 2310 377 2346 in
400 2311 529 2347 hortis
553 2312 676 2355 regiis
693 2313 885 2354 Papaver
907 2311 965 2348 ali
982 2312 1125 2354 juben·
1170 2311 1342 2347 cultura
1364 2311 1482 2346 hodie
1499 2320 1571 2353 per
1586 2319 1743 2346 omnem
1757 2311 1960 2354 Europam

130 2365 176 2402 in
191 2366 317 2402 hortis
334 2367 505 2414 obtinet,
537 2377 613 2404 nec
630 2369 793 2416 desunt,
828 2370 876 2404 ob
894 2368 1115 2415 seminum,
1147 2376 1266 2410 quem
1281 2367 1421 2404 statim
1435 2369 1686 2414 memorabO,
1717 2376 1837 2403 usum
1854 2367 1962 2409 apud

131 2431 209 2459 nos
234 2422 323 2467 agri
338 2424 550 2466 Papavere
572 2421 748 2471 consiti,
773 2424 874 2461 mire
897 2424 1063 2461 floribus
1079 2426 1317 2468 plerumque
1333 2423 1571 2467 semiplenis
1587 2422 1733 2460 decori.
1793 2422 1962 2466 Species

132 2479 187 2515 ad
209 2480 329 2515 Indos
361 2483 400 2514 et
429 2479 553 2516 Sinas
583 2482 841 2523 Japonesque
870 2484 1098 2525 propagata
1127 2485 1207 2527 est3
1237 2480 1281 2516 in
1310 2480 1508 2516 America
1537 2489 1724 2517 crescere
1753 2480 1962 2516 detrectat.

134 2535 306 2571 Nomina
325 2536 530 2579 Papaveri
552 2537 770 2573 somnifero
793 2537 967 2581 primum
988 2537 1140 2583 indita,
1173 2538 1334 2573 tandem
1358 2538 1410 2573 ad
1424 2535 1663 2573 universum
1679 2545 1809 2580 genus
1824 2540 1963 2572 trans-

131 2593 233 2629 lata.
292 2592 430 2628 Honor
456 2600 482 2627 a
503 2593 580 2628 vili
602 2593 741 2636 specie
762 2593 868 2630 inter
889 2597 1051 2639 segetes
1075 2597 1285 2630 crescente
1308 2598 1347 2630 et
1363 2592 1501 2630 Cereri
1522 2601 1645 2630 sacra
1666 2593 1719 2629 ad
1738 2592 1962 2629 nobiliores

133 2648 330 2686 manavit.
381 2641 550 2710 Μήκων
568 2642 749 2694 (μάκων)
767 2650 942 2686 fueritne
957 2659 983 2686 a
996 2650 1253 2695 longitudine
1268 2642 1437 2698 (μῆκος)
1454 2649 1624 2697 dictum,
1655 2650 1723 2686 vel
1746 2651 1796 2685 ab
1820 2648 1961 2685 insula

133 2705 310 2748 quadam
333 2697 526 2766 μήκωνα,
556 2706 627 2742 ubi
650 2707 881 2750 Papaveris
905 2707 1082 2744 fructum
1098 2706 1221 2743 Ceres
1244 2707 1448 2750 reperisse
1469 2705 1618 2753 fertur,
1649 2715 1724 2742 seu
1738 2708 1783 2741 ut
1798 2705 1873 2741 alii
1887 2713 1962 2740 vo-
2015 2727 2019 2728 ν

133 2762 225 2798 lunt
242 2769 266 2797 a
282 2752 365 2808 „cd
383 2773 441 2811 μη
459 2757 612 2798 κυνεῖν(
619 2758 725 2799 ‘non
742 2771 906 2806 quaero.
964 2765 1181 2799 slavorum
1198 2760 1301 2797 Mak
1315 2766 1354 2799 et
1370 2761 1611 2799 theotiscum
1628 2759 1730 2808 Mag
1746 2759 1844 2805 (nos
1861 2758 1961 2795 Ma-

131 2826 213 2864 gen
244 2817 438 2865 dicimuS,
468 2828 539 2862 pro
560 2819 662 2867 illo,
693 2822 798 2863 quod
826 2819 869 2856 in
899 2820 1059 2863 reliqua
1082 2819 1301 2856 Germania
1323 2819 1477 2855 obtinet
1499 2816 1647 2862 Mohn]
1679 2827 1730 2854 ex
1752 2820 1827 2853 hoc
1851 2816 1962 2853 fonte

132 2878 317 2911 manant.
374 2872 577 2920 Papaver
592 2884 618 2912 a
627 2874 857 2923 pappando
874 2877 1026 2913 dictum
1042 2886 1122 2912 non
1137 2876 1302 2919 penitus
1318 2874 1541 2921 ineptiunt3
1570 2882 1666 2911 nam
1683 2874 1806 2910 etiam
1821 2875 1962 2917 petala

136 2924 461 2978 (πλαταγώνια)
485 2935 534 2968 ob
559 2942 726 2982 sonum,
759 2943 876 2978 quem
898 2941 1135 2976 compressa
1158 2934 1282 2968 edunt
1296 2930 1319 2975 (
1322 2933 1427 2968 unde
1448 2934 1634 2968 nostrum
1648 2931 1810 2975 Pippau
1832 2939 1866 2967 s,
1889 2929 1962 2965 Pi-

134 2990 302 3036 patscli,
325 2990 451 3033 vulgo
468 2989 754 3037 Klatschrose,
786 2990 1015 3034 Papaveris
1031 2989 1239 3026 Rhoeadis
1257 2991 1432 3035 ,vulgare
1452 2987 1643 3035 nomen),
1675 2985 1961 3032 cognominata

138 3047 256 3089 sunt,
285 3045 492 3083 veteribus
507 3045 550 3081 in
567 3046 858 3090 experimentis
876 3046 1088 3083 amatoriis
1104 3046 1274 3083 famosa.
1318 3045 1533 3088 Duplicem
1549 3041 1787 3090 Papaveris
1802 3041 1960 3078 somna·-

126 3097 229 3149 feri
247 3100 486 3137 varietatem
505 3102 780 3151 distinguunt,
812 3106 984 3140 alteram
1006 3103 1231 3140 seminibus
1254 3102 1384 3149 albist,
1414 3100 1564 3145 petalis
1587 3103 1713 3138 multo
1737 3102 1872 3137 colore
1893 3101 1961 3135 lu-

138 3156 348 3203 dentibus,
377 3156 548 3202 integris
580 3169 656 3196 seu
683 3160 795 3196 fissis
825 3153 987 3208 (μήκων
1002 3151 1161 3209 ἥμερος
1186 3169 1221 3196 s.
1244 3153 1509 3204 θυλακὶτις),
1539 3160 1712 3194 alterum
1734 3156 1962 3193 seminibus

137 3212 290 3260 nigris3
312 3213 377 3249 his
395 3213 568 3262 tertiam,
586 3225 638 3251 ex
654 3216 783 3253 hortis
798 3217 995 3261 aufugam
1011 3226 1086 3254 seu
1102 3216 1229 3253 seram
1246 3209 1405 3264 (μήκων
1421 3207 1570 3265 ἄγριος
1584 3209 1707 3278 ῥοὶας
1721 3223 1756 3251 s.
1771 3207 1961 3256 πιθίτις)

139 3269 307 3306 addunt.
364 3269 510 3314 opium
525 3280 552 3306 v
554 3275 706 3309 eterum
722 3273 797 3309 alii
811 3282 864 3310 ex
877 3273 1080 3311 varietate
1095 3275 1421 3316 melanosperma
1437 3267 1603 3314 (unde‘
1583 3265 1725 3323 ροὶας,
1742 3269 1846 3313 quod
1863 3279 1961 3306 suo-

138 3328 214 3362 cus
236 3335 289 3362 ex
310 3334 361 3362 ea
375 3325 548 3370 defluat)
571 3329 708 3371 parari
718 3330 882 3377 jubent,
912 3329 1010 3366 aliis
1025 3332 1310 3373 leucosperma
1322 3330 1466 3372 planta
1480 3327 1655 3372 opiifera
1670 3330 1748 3374 est3
1778 3334 1832 3362 ex
1846 3329 1962 3364 utra-

139 3390 219 3425 que
233 3383 319 3419 fieri
335 3383 440 3419 satis
455 3384 574 3420 hodie
588 3388 762 3422 constat.
821 3386 988 3423 Semina
1001 3389 1141 3424 oleosa
1156 3388 1252 3423 sunt
1267 3387 1306 3421 et
1320 3383 1437 3421 mitia
1447 3411 1458 3431 ‚
1473 3387 1564 3420 utut
1577 3382 1727 3420 veneni
1739 3382 1783 3419 in
1798 3383 1961 3428 integu-

138 3439 288 3475 mentis
323 3439 479 3476 residui
515 3449 597 3477 non
633 3443 1026 3487 penitus÷expertia.
1081 3444 1192 3480 Alba
1218 3450 1310 3478 cum
1340 3440 1446 3477 cibis
1474 3439 1696 3477 farinaceis
1724 3439 1960 3487 miscentur,

140 3494 462 3543 frequentissimi
482 3500 522 3534 et
544 3496 663 3536 nimii
685 3499 795 3546 apud
814 3498 1016 3539 ruricolas
1039 3501 1244 3539 nostrates
1266 3500 1390 3547 usus,
1419 3500 1460 3535 et
1481 3496 1526 3534 in
1547 3495 1845 3536 emulsionibus
1867 3505 1959 3542 pro-
