2147 3756
921 117 1037 166 287

801 196 892 201 -—-—-
974 193 1150 200 ---.-.-.-..--

181 294 304 330 3354.
334 291 587 329 Fontanesia
602 286 756 325 Labm.
1125 284 1250 341 3353.
1280 288 1505 326 Schrebera
1520 286 1658 324 Rooeb.

393 339 713 374 Desfontainesia
728 337 952 386 Hoffmam.

179 393 304 429 3355.
332 391 512 435 Syringa
528 387 652 425 Lime.
1238 381 1460 425 Genera
1491 382 1672 423 dubia.

393 438 504 473 Lilac
530 437 721 483 Tournef.
1433 472 1442 480 ,

182 492 304 528 3356,
334 490 555 534 Forsymia
576 486 702 525 Vam-
1125 473 1250 510 3357.
1280 474 1514 516 'retrapnus
1530 469 1662 506 Lour.

499 553 523 580 ἦρ
1127 531 1251 567 3358.
1281 532 1557 575 Myxopyrum
1573 526 1712 564 Blum.

214 652 540 699 Affinitas.
600 660 706 696 Ordo
730 657 832 696 solis
848 655 1073 695 Jasmineis
1096 656 1254 704 arfiniS,
1287 666 1313 693 a
1336 656 1483 700 quibus
1507 655 1680 700 partium
1699 655 1808 692 floris
1826 665 1903 692 nu-

72 726 183 756 mero
200 717 557 764 lii-quaternario,
576 716 802 753 seminibus
818 714 1031 762 pendulis,
1061 714 1107 751 in
1122 713 1256 750 fructu
1274 714 1481 757 capsulari
1496 713 1698 750 interdum
1716 712 1906 749 indefini-

72 775 149 822 tis,
182 778 219 810 et
245 777 462 818 embryone
483 773 741 809 albuminoso
765 772 1043 815 distinguitur.
1102 771 1262 806 Genera
1285 771 1524 813 capsularia
1545 780 1570 808 a
1592 770 1777 806 baccatis
1793 771 1905 805 haud

76 832 340 877 removenda,
373 833 563 873 apetalae
580 831 702 865 oleae
728 829 888 872 species
906 829 1196 863 demonstrant.
1253 828 1422 863 Remota
1438 831 1498 863 est
1514 827 1707 871 Fraxini,
1740 826 1906 870 generis

80 887 193 924 foliis
218 886 453 929 compositis
477 886 764 930 quodammodo
787 884 989 932 anomali,
1022 893 1114 921 cum
1135 883 1372 933 Acer-ineis,
1403 884 1604 929 imprimis
1627 893 1719 921 cum
1739 885 1908 928 Negun-

77 944 192 992 dine,
224 943 432 987 analogia.

217 1004 651 1063 Geographia.
710 1013 911 1049 Oleaceae
927 1010 1115 1056 regiones
1133 1014 1400 1059 temperatas,
1431 1010 1631 1055 imprimis
1647 1011 1907 1054 hemisphae-

74 1078 145 1106 rae
159 1071 340 1107 borealis
357 1071 610 1117 inhabitant,
638 1070 743 1105 inter
761 1069 936 1113 tropicos
954 1069 1086 1105 Asiae
1103 1072 1141 1105 et
1156 1068 1373 1105 Americae
1390 1077 1520 1104 rarae.
1559 1069 1750 1105 Oleineae
1766 1077 1906 1115 verae,

77 1130 246 1170 excepto
261 1127 467 1174 Ligustro,
491 1127 616 1163 clima
632 1130 897 1170 temperatum
914 1125 1092 1162 calidius
1109 1129 1147 1162 et
1163 1125 1439 1169 subtrepicum
1456 1125 1644 1175 diligunt,
1673 1125 1778 1161 inter
1793 1125 1908 1169 ipsos

77 1192 233 1226 quoque
272 1183 450 1220 circulos
488 1183 684 1230 tropicos,
731 1192 807 1219 nec
836 1193 917 1218 non
948 1187 1062 1219 trans
1095 1182 1379 1226 capricornum
1410 1186 1608 1226 repertae.
1674 1182 1909 1219 Fraxineae

76 1249 216 1275 omnes
248 1239 309 1276 cis
334 1248 525 1275 cancrum
556 1240 764 1286 habitant,
797 1249 849 1275 ex
871 1239 1017 1276 Africa
1043 1243 1200 1276 exules.
1258 1238 1432 1275 Fraxini
1456 1240 1618 1282 species
1641 1239 1843 1282 plurimae
1864 1238 1910 1274 in

77 1296 274 1332 America
288 1297 447 1332 boreali
464 1296 707 1343 gignuntur,
740 1297 923 1339 reliquae
939 1306 1011 1339 per
1025 1298 1232 1340 Europam
1247 1299 1286 1331 et
1301 1296 1449 1332 Asiam
1466 1300 1730 1339 temperatam
1749 1296 1909 1339 disper-

80 1362 174 1400 sae,
205 1361 329 1388 unam
344 1363 383 1389 v.
401 1355 573 1389 alteram
588 1352 788 1397 Nepaliae
802 1356 960 1390 montes
977 1355 1107 1390 alunt.
1150 1352 1354 1397 Syringae
1371 1361 1424 1388 ex
1439 1352 1600 1389 Oriente
1616 1361 1689 1397 per
1702 1353 1910 1397 Europam

76 1409 313 1446 universam
328 1413 592 1455 propagatae.

219 1474 583 1526 Qualitates
607 1482 647 1518 et
667 1487 837 1523 usus.
894 1482 1163 1518 Oleacearum
1186 1480 1296 1517 aliae
1313 1481 1362 1517 ob
1378 1479 1537 1524 lignum
1553 1481 1718 1527 durum,
1747 1478 1911 1525 egregie

77 1538 252 1575 aetatem
275 1537 412 1574 serens
425 1565 435 1585 ‚
468 1538 579 1574 aliae
596 1541 643 1575 ob
663 1540 883 1580 druparum
898 1541 1091 1582 putamen
1107 1538 1249 1583 pingui
1265 1540 1452 1584 scatens,
1483 1539 1682 1580 quaedam
1697 1539 1745 1574 ob
1762 1535 1911 1573 secreti

79 1593 213 1630 dulcis
243 1593 560 1640 praestantiam,
591 1597 816 1629 nonnullae
845 1597 893 1629 ob
918 1595 1084 1629 corticis
1108 1597 1147 1628 et
1169 1595 1371 1630 seminum
1394 1594 1642 1643 amaritiem,
1673 1593 1838 1638 aliquae
1859 1595 1910 1630 ob

77 1651 217 1687 florum
234 1651 481 1694 elegantiam
498 1653 537 1685 et
551 1651 713 1686 odorem
730 1658 756 1686 a
770 1650 1011 1686 mortalibus
1028 1651 1301 1688 celebrantur.

223 1705 328 1742 olea
350 1707 544 1743 indecora
560 1709 681 1743 arbor
697 1709 778 1753 est,
810 1707 884 1743 sed
899 1706 1079 1751 ingentis
1096 1706 1290 1743 utilitatis
1307 1708 1346 1742 et
1362 1705 1664 1750 antiquissimis
1679 1705 1912 1746 cerimoniis

79 1766 267 1813 sacrata,
299 1772 405 1807 quae
427 1772 453 1800 a
466 1763 616 1807 priscis
633 1772 687 1799 ex
703 1762 866 1798 Oriente
882 1763 1031 1810 petita,
1063 1765 1102 1798 et
1120 1772 1192 1806 per
1206 1762 1446 1800 universam
1461 1763 1782 1800 mediterraneae
1798 1771 1913 1802 oram

79 1821 249 1868 diffusa,
275 1820 491 1856 hodiedum
506 1821 638 1856 multa
650 1819 852 1856 varietate
869 1819 1028 1856 colitur.
1070 1816 1199 1854 oleae
1215 1829 1454 1865 europaeae
1471 1822 1624 1864 drupae
1640 1820 1783 1856 olivae
1800 1824 1911 1869 sunt,

81 1886 186 1920 quae
216 1879 305 1913 sale
338 1880 378 1913 et
399 1880 515 1913 aceto
542 1875 731 1912 conditae
752 1875 859 1911 inter
879 1876 1116 1919 regionibus
1138 1876 1450 1913 mediterraneis
1474 1877 1580 1912 inter
1601 1879 1816 1914 esculenta
1835 1880 1913 1913 ha-

79 1936 238 1972 bentur.
296 1935 330 1970 E
354 1933 579 1978 putaminis
604 1932 771 1969 cellulis
792 1932 988 1979 lignosis,
1020 1935 1108 1969 oleo
1124 1933 1270 1977 pingui
1286 1933 1497 1981 distentis⁷
1525 1930 1669 1969 oleum
1691 1930 1913 1968 Olivarum

81 1989 343 2038 exprimitur,
373 1999 515 2027 semen
542 1989 655 2026 iners
684 1992 760 2025 est.
833 1991 1023 2026 Olearum
1052 1993 1193 2026 cortex
1222 1993 1262 2026 et
1289 1990 1394 2027 folia
1423 1982 1913 2036 amaro-adstringentia.

79 2047 345 2084 Vetustarum
369 2049 559 2084 arborum
581 2048 792 2090 lacrymae
807 2046 1017 2082 resinosae
1032 2046 1228 2084 Vanillae
1245 2051 1426 2084 aromate
1440 2051 1722 2095 praestantes,
1754 2045 1916 2084 Storaci

81 2102 262 2152 similes,
293 2103 567 2141 substantiam
595 2102 844 2146 peculiarem
873 2103 1162 2146 crystallinam
1194 2100 1452 2149 (mininam)
1478 2107 1721 2141 concellant.
1785 2101 1916 2139 oleae

86 2159 361 2195 ameria-anae
381 2160 503 2196 Linn.
527 2163 567 2196 et
586 2156 714 2194 oleae
731 2159 1027 2206 enmrgae‘natae
1041 2161 1157 2197 Lam.
1175 2160 1366 2205 capensis
1383 2162 1538 2205 drupae
1554 2163 1790 2199 esculentae
1805 2163 1915 2198 sunt.

86 2213 215 2252 Oleae
219 2216 481 2267 fragrantis
495 2217 618 2254 Vahl.
635 2216 754 2253 flores
771 2225 797 2253 a
812 2216 927 2253 Sinis
943 2226 1034 2253 cum
1050 2219 1187 2261 'rheae
1202 2217 1315 2254 foliis
1331 2217 1569 2255 miscentur.
1599 2218 1736 2255 Etiam
1751 2215 1917 2264 Philly-
1971 2227 1976 2232 ·

84 2282 188 2309 reae
210 2279 378 2319 amarae
401 2277 509 2312 sunt.
566 2271 768 2321 Lae‘gustri
785 2273 980 2311 nostratis
1003 2273 1104 2312 folia
1125 2275 1221 2311 olim
1240 2274 1351 2311 inter.
1368 2276 1550 2312 remedia
1570 2274 1719 2312 leniter
1735 2275 1917 2316 adstrin-

86 2330 227 2375 gentia
241 2331 402 2379 habita;
432 2334 584 2368 baccae
600 2330 858 2368 avicularum
874 2340 990 2380 esca,
1021 2333 1196 2368 colorem
1211 2331 1483 2376 nigricantem
1498 2335 1706 2377 praebent.
1765 2329 1918 2379 Syrin-

84 2397 182 2434 gam
206 2396 232 2424 a
247 2388 478 2426 Busbeckio
500 2387 620 2425 nobis
636 2389 850 2424 advectam
867 2390 1048 2437 constat,
1079 2388 1266 2430 fruticem
1280 2389 1391 2426 floris
1409 2391 1553 2425 decore
1569 2388 1694 2437 nulli,
1726 2390 1918 2432 quotquot

85 2454 157 2488 per
173 2447 372 2481 terrarum
381 2448 515 2482 orbem
532 2444 782 2489 conquisitos
801 2438 1019 2492 habemus,
1043 2447 1280 2482 secundum.
1334 2446 1542 2490 capsulae
1561 2443 1752 2487 (Semina
1767 2442 1915 2489 Lilac)

89 2509 116 2537 a
129 2501 335 2539 veteribus
351 2502 456 2538 inter
470 2502 698 2539 medicinas
715 2502 1195 2546 amaro-adstringentes
1211 2502 1390 2539 habitae.
1441 2499 1737 2538 Fram‘norum
1755 2499 1918 2550 (μέλια,

86 2556 247 2601 Escbe]
277 2559 519 2596 nostratium
547 2560 707 2604 lignum
736 2559 858 2607 utile,
895 2562 1035 2595 cortex
1062 2568 1462 2606 mucoso-amarus,
1498 2559 1607 2596 inter
1635 2559 1791 2597 Chinae
1819 2569 1920 2598 suc-

89 2615 273 2650 cedanea
294 2615 519 2652 adhibetur.
577 2612 772 2652 Fraxini
787 2618 929 2663 plures
944 2617 1150 2660 Europam
1173 2619 1398 2653 australem
1410 2616 1638 2654 incolentes
1651 2643 1662 2664 ,
1693 2613 1920 2652 Fraxinus

93 2667 234 2706 Ormcs
255 2671 400 2720 Linn.,
429 2668 656 2708 Fraxinus
685 2671 972 2722 rotundz'folia
991 2673 1123 2727 ‘Linn.
1153 2676 1194 2710 et
1213 2673 1324 2710 aliae
1345 2673 1528 2722 species,
1559 2675 1712 2710 corolla
1734 2675 1920 2722 decorae,

91 2737 114 2763 e
140 2727 274 2764 trunci
297 2728 459 2765 fissuris
481 2732 639 2765 aestate
663 2728 826 2765 fervida
846 2728 962 2766 succi
979 2729 1215 2766 saccharati
1230 2729 1411 2773 speciem
1425 2732 1665 2776 secernunt,
1697 2730 1767 2773 qui
1783 2739 1805 2765 6
1820 2731 1921 2766 sub-

91 2784 248 2821 stantia
277 2785 390 2822 dulci
418 2785 681 2835 crystallina,
711 2785 756 2822 in
785 2784 1134 2822 fermentationem
1163 2786 1275 2822 haud
1303 2788 1479 2823 abeunte
1510 2784 1768 2833 (Manum),
1799 2788 1838 2822 et
1868 2794 1922 2822 ex

93 2844 274 2877 extracto
304 2841 430 2890 flavo,
461 2850 667 2879 nauseoso
697 2841 966 2890 compositus,
997 2852 1140 2880 recens
1165 2842 1348 2879 dulcium
1370 2844 1422 2880 ad
1444 2843 1577 2879 instar
1598 2842 1754 2880 modice
1777 2842 1920 2892 nutrit,

95 2897 250 2934 diutius
280 2901 524 2937 asservatus
552 2901 694 2937 alvum
721 2902 877 2948 movet,
908 2903 949 2937 et
977 2899 1086 2938 inter
1112 2900 1360 2946 medicorum
1382 2899 1545 2939 auxilia
1565 2898 1818 2945 eccoprotica
1839 2908 1921 2938 nu-

94 2957 283 2992 meratur.
902 2959 910 2968 ¹

1279 3021 1284 3041 i

489 3089 664 3138 ssrdo
693 3089 994 3138 cxxxu.
1061 3091 1528 3152 Laganiaceae.

238 3189 464 3239 Arbores
491 3208 540 3240 v.
559 3191 799 3255 frutices,
832 3196 1072 3243 rarissime
1103 3195 1311 3254 herbae,
1352 3211 1498 3243 succo
1529 3210 1702 3259 aqueo.
1777 3194 1921 3243 Folia

103 3261 340 3324 opposita,
385 3263 634 3324 petiolata,
679 3265 934 3329 simplicia,
979 3267 1172 3331 petiolis
1207 3266 1336 3325 basi,
1384 3267 1473 3314 nisi
1512 3266 1714 3330 stipulae
1751 3263 1920 3325 adsint,

103 3331 149 3377 in
187 3331 446 3394 marginem
483 3333 809 3383 brevissimum
846 3337 1256 3401 amplexicanlem,
1302 3336 1535 3385 interdum
1578 3339 1683 3385 fere
1728 3335 1922 3394 obsole-

102 3408 198 3447 tum
245 3403 447 3450 coalitis.
535 3406 758 3469 StzPulae
799 3408 985 3468 variae,
1038 3415 1160 3456 nunc
1205 3408 1394 3472 petiolis
1439 3409 1656 3472 utrinque
1702 3404 1920 3466 adnatae,

105 3487 227 3520 nunc
258 3473 645 3538 interpetiolares
676 3476 856 3529 liberae
886 3495 930 3530 v.
960 3479 1009 3529 in
1046 3481 1263 3545 vaginam
1303 3478 1640 3540 cohaerenteS,
1684 3476 1919 3528 interdum
