<?xml version="1.0" encoding="UTF-8"?>
<!DOCTYPE html PUBLIC "-//W3C//DTD XHTML 1.0 Transitional//EN"
    "http://www.w3.org/TR/xhtml1/DTD/xhtml1-transitional.dtd">
<html xmlns="http://www.w3.org/1999/xhtml" xml:lang="en" lang="en">
 <head>
  <title>
</title>
<meta http-equiv="Content-Type" content="text/html;charset=utf-8" />
  <meta name='ocr-system' content='tesseract 3.04.00' />
  <meta name='ocr-capabilities' content='ocr_page ocr_carea ocr_par ocr_line ocrx_word'/>
</head>
<body>
  <div class='ocr_page' id='page_1' title='image "./enchiridionbotan00endl/enchiridionbotan00endl_0411.png"; bbox 0 0 2147 3756; ppageno 0'>
   <div class='ocr_carea' id='block_1_1' title="bbox 1052 156 1170 236">
    <p class='ocr_par' dir='ltr' id='par_1_1' title="bbox 1052 156 1170 236">
     <span class='ocr_line' id='line_1_1' title="bbox 1052 156 1170 236; baseline -0.008 -29"><span class='ocrx_word' id='word_1_1' title='bbox 1052 156 1170 236; x_wconf 64' lang='lat'><strong>593</strong></span> 
     </span>
    </p>
   </div>
   <div class='ocr_carea' id='block_1_2' title="bbox 195 325 2026 887">
    <p class='ocr_par' dir='ltr' id='par_1_2' title="bbox 195 325 2026 887">
     <span class='ocr_line' id='line_1_2' title="bbox 197 325 2025 394; baseline -0.002 -16"><span class='ocrx_word' id='word_1_2' title='bbox 197 329 414 387; x_wconf 83' lang='lat' dir='ltr'><strong>connati,</strong></span> <span class='ocrx_word' id='word_1_3' title='bbox 447 325 725 394; x_wconf 86' lang='lat' dir='ltr'><strong>quandoque</strong></span> <span class='ocrx_word' id='word_1_4' title='bbox 757 327 1050 386; x_wconf 82' lang='lat' dir='ltr'><strong>brevissimi3</strong></span> <span class='ocrx_word' id='word_1_5' title='bbox 1085 325 1399 389; x_wconf 74' lang='lat' dir='ltr'><strong>stigmatibus</strong></span> <span class='ocrx_word' id='word_1_6' title='bbox 1435 325 1741 390; x_wconf 78' lang='lat' dir='ltr'><strong>simplicibus.</strong></span> <span class='ocrx_word' id='word_1_7' title='bbox 1817 328 2025 377; x_wconf 70' lang='lat' dir='ltr'><strong>Fructus</strong></span> 
     </span>
     <span class='ocr_line' id='line_1_3' title="bbox 198 396 2025 463; baseline -0.001 -16"><span class='ocrx_word' id='word_1_8' title='bbox 198 399 452 457; x_wconf 80' lang='lat' dir='ltr'><strong>baccatuS,</strong></span> <span class='ocrx_word' id='word_1_9' title='bbox 485 416 709 447; x_wconf 82' lang='lat' dir='ltr'><strong>carnosus</strong></span> <span class='ocrx_word' id='word_1_10' title='bbox 740 417 784 447; x_wconf 90' lang='lat' dir='ltr'><strong>v.</strong></span> <span class='ocrx_word' id='word_1_11' title='bbox 818 401 996 457; x_wconf 83' lang='lat' dir='ltr'><strong>siccuS‚</strong></span> <span class='ocrx_word' id='word_1_12' title='bbox 1030 398 1209 463; x_wconf 84' lang='lat' dir='ltr'><strong>calycis</strong></span> <span class='ocrx_word' id='word_1_13' title='bbox 1241 397 1384 444; x_wconf 87' lang='lat' dir='ltr'><strong>limbo</strong></span> <span class='ocrx_word' id='word_1_14' title='bbox 1417 406 1697 455; x_wconf 85' lang='lat' dir='ltr'><strong>coronatus,</strong></span> <span class='ocrx_word' id='word_1_15' title='bbox 1740 396 2025 462; x_wconf 87' lang='lat' dir='ltr'><strong>bi-quindc—</strong></span> 
     </span>
     <span class='ocr_line' id='line_1_4' title="bbox 200 467 2025 534; baseline -0.001 -16"><span class='ocrx_word' id='word_1_16' title='bbox 200 470 540 528; x_wconf 81' lang='lat' dir='ltr'><strong>cimlocularis,</strong></span> <span class='ocrx_word' id='word_1_17' title='bbox 588 470 849 518; x_wconf 92' lang='lat' dir='ltr'><strong>loculorum</strong></span> <span class='ocrx_word' id='word_1_18' title='bbox 889 469 1176 534; x_wconf 84' lang='lat' dir='ltr'><strong>cndocarpio</strong></span> <span class='ocrx_word' id='word_1_19' title='bbox 1209 469 1395 532; x_wconf 88' lang='lat' dir='ltr'><strong>saepius</strong></span> <span class='ocrx_word' id='word_1_20' title='bbox 1426 467 1605 525; x_wconf 90' lang='lat' dir='ltr'><strong>soluto,</strong></span> <span class='ocrx_word' id='word_1_21' title='bbox 1651 483 1855 531; x_wconf 71' lang='lat' dir='ltr'><strong>pyrenas</strong></span> <span class='ocrx_word' id='word_1_22' title='bbox 1888 469 2025 516; x_wconf 79' lang='lat' dir='ltr'><strong>char-</strong></span> 
     </span>
     <span class='ocr_line' id='line_1_5' title="bbox 199 538 2024 602; baseline -0.003 -13"><span class='ocrx_word' id='word_1_23' title='bbox 199 549 365 589; x_wconf 75' lang='lat' dir='ltr'><strong>taceus</strong></span> <span class='ocrx_word' id='word_1_24' title='bbox 399 558 440 588; x_wconf 91' lang='lat' dir='ltr'><strong>v.</strong></span> <span class='ocrx_word' id='word_1_25' title='bbox 473 541 858 589; x_wconf 81' lang='lat' dir='ltr'><strong>membranaceas</strong></span> <span class='ocrx_word' id='word_1_26' title='bbox 896 543 1117 598; x_wconf 79' lang='lat' dir='ltr'><strong>sistente,</strong></span> <span class='ocrx_word' id='word_1_27' title='bbox 1163 539 1400 586; x_wconf 88' lang='lat' dir='ltr'><strong>nonnullis</strong></span> <span class='ocrx_word' id='word_1_28' title='bbox 1438 538 1715 602; x_wconf 83' lang='lat' dir='ltr'><strong>saepissime</strong></span> <span class='ocrx_word' id='word_1_29' title='bbox 1755 538 1940 585; x_wconf 84' lang='lat' dir='ltr'><strong>effoetis</strong></span> <span class='ocrx_word' id='word_1_30' title='bbox 1979 555 2024 585; x_wconf 89' lang='lat' dir='ltr'><strong>v.</strong></span> 
     </span>
     <span class='ocr_line' id='line_1_6' title="bbox 199 607 2025 673; baseline -0.002 -15"><span class='ocrx_word' id='word_1_31' title='bbox 199 612 446 658; x_wconf 82' lang='lat' dir='ltr'><strong>obsoletis.</strong></span> <span class='ocrx_word' id='word_1_32' title='bbox 548 613 745 660; x_wconf 69' lang='lat' dir='ltr'><strong>Semina</strong></span> <span class='ocrx_word' id='word_1_33' title='bbox 800 613 1012 669; x_wconf 88' lang='lat' dir='ltr'><strong>inversa,</strong></span> <span class='ocrx_word' id='word_1_34' title='bbox 1072 612 1396 673; x_wconf 85' lang='lat' dir='ltr'><strong>integumento</strong></span> <span class='ocrx_word' id='word_1_35' title='bbox 1452 618 1730 666; x_wconf 84' lang='lat' dir='ltr'><strong>crustaceo‚</strong></span> <span class='ocrx_word' id='word_1_36' title='bbox 1790 607 2025 656; x_wconf 88' lang='lat' dir='ltr'><strong>interdum</strong></span> 
     </span>
     <span class='ocr_line' id='line_1_7' title="bbox 197 679 2024 745; baseline -0.001 -17"><span class='ocrx_word' id='word_1_37' title='bbox 197 683 477 745; x_wconf 65' lang='lat' dir='ltr'><strong>marg-insto.</strong></span> <span class='ocrx_word' id='word_1_38' title='bbox 551 683 761 745; x_wconf 75' lang='lat' dir='ltr'><strong>Embryo</strong></span> <span class='ocrx_word' id='word_1_39' title='bbox 800 684 846 729; x_wconf 92' lang='lat' dir='ltr'><strong>in</strong></span> <span class='ocrx_word' id='word_1_40' title='bbox 883 682 985 729; x_wconf 85' lang='lat' dir='ltr'><strong>basi</strong></span> <span class='ocrx_word' id='word_1_41' title='bbox 1023 680 1267 728; x_wconf 83' lang='lat' dir='ltr'><strong>albuminis</strong></span> <span class='ocrx_word' id='word_1_42' title='bbox 1315 681 1528 737; x_wconf 87' lang='lat' dir='ltr'><strong>carnosi,</strong></span> <span class='ocrx_word' id='word_1_43' title='bbox 1577 679 1762 743; x_wconf 86' lang='lat' dir='ltr'><strong>copiosi</strong></span> <span class='ocrx_word' id='word_1_44' title='bbox 1806 680 2024 736; x_wconf 89' lang='lat' dir='ltr'><strong>minutus,</strong></span> 
     </span>
     <span class='ocr_line' id='line_1_8' title="bbox 197 749 2026 816; baseline -0.002 -16"><span class='ocrx_word' id='word_1_45' title='bbox 197 753 523 816; x_wconf 73' lang='lat' dir='ltr'><strong>orthon-opus,</strong></span> <span class='ocrx_word' id='word_1_46' title='bbox 557 752 925 816; x_wconf 74' lang='lat' dir='ltr'><strong>cotyledom‘bas</strong></span> <span class='ocrx_word' id='word_1_47' title='bbox 954 750 1203 811; x_wconf 79' lang='lat' dir='ltr'><strong>brevibus,</strong></span> <span class='ocrx_word' id='word_1_48' title='bbox 1235 751 1582 814; x_wconf 82' lang='lat' dir='ltr'><strong>germinatione</strong></span> <span class='ocrx_word' id='word_1_49' title='bbox 1615 749 1859 809; x_wconf 87' lang='lat' dir='ltr'><strong>foliaceis,</strong></span> <span class='ocrx_word' id='word_1_50' title='bbox 1889 751 2026 798; x_wconf 70' lang='lat' dir='ltr'><strong>racli-</strong></span> 
     </span>
     <span class='ocr_line' id='line_1_9' title="bbox 195 814 1024 887; baseline -0.004 -15"><span class='ocrx_word' id='word_1_51' title='bbox 195 825 308 872; x_wconf 79' lang='lat' dir='ltr'><strong>cala</strong></span> <span class='ocrx_word' id='word_1_52' title='bbox 338 814 482 871; x_wconf 81' lang='lat' dir='ltr'><strong>hilum</strong></span> <span class='ocrx_word' id='word_1_53' title='bbox 512 824 801 887; x_wconf 72' lang='lat' dir='ltr'><strong>attingente,</strong></span> <span class='ocrx_word' id='word_1_54' title='bbox 834 839 1024 887; x_wconf 85' lang='lat' dir='ltr'><strong>supera.</strong></span> 
     </span>
    </p>
   </div>
   <div class='ocr_carea' id='block_1_3' title="bbox 262 936 2000 1771">
    <p class='ocr_par' dir='ltr' id='par_1_3' title="bbox 965 936 1253 976">
     <span class='ocr_line' id='line_1_10' title="bbox 965 936 1253 976; baseline 0.003 -1"><span class='ocrx_word' id='word_1_55' title='bbox 965 936 998 975; x_wconf 81' lang='lat' dir='ltr'>G</span> <span class='ocrx_word' id='word_1_56' title='bbox 1016 946 1043 975; x_wconf 76' lang='lat' dir='ltr'><strong>r.</strong></span> <span class='ocrx_word' id='word_1_57' title='bbox 1063 946 1091 974; x_wconf 70' lang='grc' dir='ltr'><strong>Ν</strong></span> <span class='ocrx_word' id='word_1_58' title='bbox 1112 941 1139 974; x_wconf 80' lang='lat'><strong>13</strong></span> <span class='ocrx_word' id='word_1_59' title='bbox 1156 945 1187 974; x_wconf 71' lang='lat' dir='ltr'><strong>n</strong></span> <span class='ocrx_word' id='word_1_60' title='bbox 1204 946 1253 976; x_wconf 82' lang='lat' dir='ltr'><strong>A.</strong></span> 
     </span>
    </p>

    <p class='ocr_par' dir='ltr' id='par_1_4' title="bbox 306 1005 1904 1052">
     <span class='ocr_line' id='line_1_11' title="bbox 306 1005 1904 1052; baseline -0.001 -8"><span class='ocrx_word' id='word_1_61' title='bbox 306 1011 430 1046; x_wconf 80' lang='grc'><strong>4550.</strong></span> <span class='ocrx_word' id='word_1_62' title='bbox 463 1010 610 1046; x_wconf 82' lang='lat' dir='ltr'><strong>Adoxa</strong></span> <span class='ocrx_word' id='word_1_63' title='bbox 625 1005 749 1046; x_wconf 70' lang='lat' dir='ltr'><strong>Lv&#39;nn.</strong></span> <span class='ocrx_word' id='word_1_64' title='bbox 882 1047 887 1049; x_wconf 60' lang='grc'><strong>,</strong></span> <span class='ocrx_word' id='word_1_65' title='bbox 1252 1009 1377 1045; x_wconf 80' lang='grc'><strong>4559.</strong></span> <span class='ocrx_word' id='word_1_66' title='bbox 1407 1007 1745 1052; x_wconf 84' lang='lat' dir='ltr'><strong>Sciodaphyllum</strong></span> <span class='ocrx_word' id='word_1_67' title='bbox 1762 1005 1808 1044; x_wconf 87' lang='lat' dir='ltr'><strong>P.</strong></span> <span class='ocrx_word' id='word_1_68' title='bbox 1831 1005 1904 1043; x_wconf 82' lang='lat' dir='ltr'><strong>Br</strong></span> 
     </span>
    </p>

    <p class='ocr_par' dir='ltr' id='par_1_5' title="bbox 305 1056 1987 1242">
     <span class='ocr_line' id='line_1_12' title="bbox 305 1056 1961 1103; baseline -0.008 -1"><span class='ocrx_word' id='word_1_69' title='bbox 305 1068 428 1103; x_wconf 79' lang='lat'>4551.</span> <span class='ocrx_word' id='word_1_70' title='bbox 462 1068 606 1102; x_wconf 81' lang='lat' dir='ltr'><strong>Panax</strong></span> <span class='ocrx_word' id='word_1_71' title='bbox 626 1064 747 1102; x_wconf 67' lang='lat' dir='ltr'><strong>Lv&#39;nn.</strong></span> <span class='ocrx_word' id='word_1_72' title='bbox 1465 1056 1782 1101; x_wconf 84' lang='lat' dir='ltr'><strong>Actinopbyllum</strong></span> <span class='ocrx_word' id='word_1_73' title='bbox 1801 1056 1905 1092; x_wconf 77' lang='lat' dir='ltr'><strong>Rm&#39;z</strong></span> <span class='ocrx_word' id='word_1_74' title='bbox 1923 1060 1961 1089; x_wconf 73' lang='lat' dir='ltr'><strong>et</strong></span> 
     </span>
     <span class='ocr_line' id='line_1_13' title="bbox 515 1099 2000 1148; baseline -0.003 0"><span class='ocrx_word' id='word_1_75' title='bbox 515 1114 726 1148; x_wconf 79' lang='lat' dir='ltr'><strong>Aureliana</strong></span> <span class='ocrx_word' id='word_1_76' title='bbox 745 1113 894 1148; x_wconf 67' lang='lat' dir='ltr'><strong>Cretes-b.</strong></span> <span class='ocrx_word' id='word_1_77' title='bbox 1903 1099 2000 1134; x_wconf 73' lang='lat' dir='ltr'><em>P‘W·</em></span> 
     </span>
     <span class='ocr_line' id='line_1_14' title="bbox 514 1147 1759 1191; baseline -0.002 -1"><span class='ocrx_word' id='word_1_78' title='bbox 514 1157 770 1190; x_wconf 76' lang='lat' dir='ltr'><strong>Araliastrum</strong></span> <span class='ocrx_word' id='word_1_79' title='bbox 794 1156 908 1191; x_wconf 62' lang='lat' dir='ltr'><strong>Mill.</strong></span> <span class='ocrx_word' id='word_1_80' title='bbox 1253 1151 1376 1188; x_wconf 72' lang='lat'>4560.</span> <span class='ocrx_word' id='word_1_81' title='bbox 1408 1150 1569 1186; x_wconf 79' lang='lat' dir='ltr'><strong>Hedera</strong></span> <span class='ocrx_word' id='word_1_82' title='bbox 1585 1147 1708 1187; x_wconf 72' lang='lat' dir='ltr'><strong>Lvm.</strong></span> <span class='ocrx_word' id='word_1_83' title='bbox 1754 1190 1759 1191; x_wconf 21' lang='lat'><em>⁷</em></span> 
     </span>
     <span class='ocr_line' id='line_1_15' title="bbox 515 1198 1855 1242; baseline 0 -9"><span class='ocrx_word' id='word_1_84' title='bbox 515 1199 742 1234; x_wconf 83' lang='lat' dir='ltr'><strong>Plectronia</strong></span> <span class='ocrx_word' id='word_1_85' title='bbox 758 1199 875 1234; x_wconf 75' lang='lat' dir='ltr'><strong>Loar.</strong></span> <span class='ocrx_word' id='word_1_86' title='bbox 1465 1199 1709 1242; x_wconf 69' lang='lat' dir='ltr'><strong>Gynapteina</strong></span> <span class='ocrx_word' id='word_1_87' title='bbox 1724 1198 1855 1233; x_wconf 75' lang='lat' dir='ltr'><strong>Blam.</strong></span> 
     </span>
    </p>

    <p class='ocr_par' dir='ltr' id='par_1_6' title="bbox 305 1248 1757 1299">
     <span class='ocr_line' id='line_1_16' title="bbox 305 1248 1757 1299; baseline -0.003 -13"><span class='ocrx_word' id='word_1_88' title='bbox 305 1252 428 1286; x_wconf 79' lang='lat'>4552.</span> <span class='ocrx_word' id='word_1_89' title='bbox 460 1251 664 1287; x_wconf 82' lang='lat' dir='ltr'><strong>Cussonia</strong></span> <span class='ocrx_word' id='word_1_90' title='bbox 687 1248 846 1286; x_wconf 73' lang='lat' dir='ltr'><strong>Thunb.</strong></span> <span class='ocrx_word' id='word_1_91' title='bbox 1252 1257 1375 1294; x_wconf 74' lang='lat'><strong>4501,</strong></span> <span class='ocrx_word' id='word_1_92' title='bbox 1405 1257 1647 1299; x_wconf 64' lang='lat' dir='ltr'><strong>paratropia</strong></span> <span class='ocrx_word' id='word_1_93' title='bbox 1663 1253 1757 1290; x_wconf 73' lang='lat' dir='ltr'><strong>Dc,</strong></span> 
     </span>
    </p>

    <p class='ocr_par' dir='ltr' id='par_1_7' title="bbox 302 1303 1930 1348">
     <span class='ocr_line' id='line_1_17' title="bbox 302 1303 1930 1348; baseline -0.002 -6"><span class='ocrx_word' id='word_1_94' title='bbox 302 1309 427 1343; x_wconf 81' lang='lat'>4553.</span> <span class='ocrx_word' id='word_1_95' title='bbox 456 1309 637 1344; x_wconf 69' lang='lat' dir='ltr'><strong>Masalia</strong></span> <span class='ocrx_word' id='word_1_96' title='bbox 658 1305 866 1342; x_wconf 80' lang='lat' dir='ltr'><strong>Tlmaars.</strong></span> <span class='ocrx_word' id='word_1_97' title='bbox 1466 1303 1772 1348; x_wconf 80' lang='lat' dir='ltr'><strong>Heptapleurnm</strong></span> <span class='ocrx_word' id='word_1_98' title='bbox 1793 1303 1930 1338; x_wconf 78' lang='lat' dir='ltr'><strong>Giircn.</strong></span> 
     </span>
    </p>

    <p class='ocr_par' dir='ltr' id='par_1_8' title="bbox 304 1360 1902 1464">
     <span class='ocr_line' id='line_1_18' title="bbox 304 1360 1902 1406; baseline -0.003 -6"><span class='ocrx_word' id='word_1_99' title='bbox 304 1366 427 1401; x_wconf 81' lang='lat'>4554.</span> <span class='ocrx_word' id='word_1_100' title='bbox 460 1363 675 1400; x_wconf 83' lang='lat' dir='ltr'><strong>Gilibertia</strong></span> <span class='ocrx_word' id='word_1_101' title='bbox 695 1362 801 1399; x_wconf 73' lang='lat' dir='ltr'><strong>an‘z</strong></span> <span class='ocrx_word' id='word_1_102' title='bbox 818 1369 855 1401; x_wconf 91' lang='lat' dir='ltr'><strong>et</strong></span> <span class='ocrx_word' id='word_1_103' title='bbox 874 1361 980 1400; x_wconf 72' lang='lat' dir='ltr'><strong>Pae.</strong></span> <span class='ocrx_word' id='word_1_104' title='bbox 1250 1365 1376 1399; x_wconf 71' lang='lat'><strong>4562.</strong></span> <span class='ocrx_word' id='word_1_105' title='bbox 1407 1363 1746 1406; x_wconf 82' lang='lat' dir='ltr'><strong>Arthrophyllum</strong></span> <span class='ocrx_word' id='word_1_106' title='bbox 1763 1360 1902 1396; x_wconf 75' lang='lat' dir='ltr'><strong>Blam.</strong></span> 
     </span>
     <span class='ocr_line' id='line_1_19' title="bbox 518 1412 1899 1464; baseline 0.001 -10"><span class='ocrx_word' id='word_1_107' title='bbox 518 1412 835 1464; x_wconf 58' lang='lat' dir='ltr'><strong>§isangepheipnia</strong></span> <span class='ocrx_word' id='word_1_108' title='bbox 851 1413 975 1448; x_wconf 68' lang='lat' dir='ltr'><strong>Dletr·</strong></span> <span class='ocrx_word' id='word_1_109' title='bbox 1251 1422 1376 1456; x_wconf 81' lang='lat'>4563.</span> <span class='ocrx_word' id='word_1_110' title='bbox 1407 1420 1757 1462; x_wconf 80' lang='lat' dir='ltr'><strong>Botryodendrum</strong></span> <span class='ocrx_word' id='word_1_111' title='bbox 1774 1416 1899 1456; x_wconf 81' lang='lat' dir='ltr'><strong>Endl.</strong></span> 
     </span>
    </p>

    <p class='ocr_par' dir='ltr' id='par_1_9' title="bbox 301 1455 1771 1540">
     <span class='ocr_line' id='line_1_20' title="bbox 301 1455 1771 1540; baseline -0.002 -25"><span class='ocrx_word' id='word_1_112' title='bbox 301 1507 349 1540; x_wconf 72' lang='lat'><strong>4..</strong></span> <span class='ocrx_word' id='word_1_113' title='bbox 362 1508 407 1517; x_wconf 74' lang='lat'><strong>...,</strong></span> <span class='ocrx_word' id='word_1_114' title='bbox 513 1455 704 1514; x_wconf 66' lang='lat' dir='ltr'><strong>G¹¹¹nf³¹¹¹¹a</strong></span> <span class='ocrx_word' id='word_1_115' title='bbox 723 1455 840 1489; x_wconf 70' lang='lat' dir='ltr'><strong>Dzecr.</strong></span> <span class='ocrx_word' id='word_1_116' title='bbox 856 1515 865 1524; x_wconf 65' lang='grc'>,</span> <span class='ocrx_word' id='word_1_117' title='bbox 1057 1487 1062 1491; x_wconf 75' lang='grc'><strong>“</strong></span> <span class='ocrx_word' id='word_1_118' title='bbox 1249 1479 1373 1514; x_wconf 82' lang='grc'><strong>4564.</strong></span> <span class='ocrx_word' id='word_1_119' title='bbox 1404 1475 1606 1518; x_wconf 74' lang='lat' dir='ltr'><strong>tuiqueiia</strong></span> <span class='ocrx_word' id='word_1_120' title='bbox 1622 1473 1771 1512; x_wconf 74' lang='lat' dir='ltr'><strong>Mez&#39;sn.</strong></span> 
     </span>
    </p>

    <p class='ocr_par' dir='ltr' id='par_1_10' title="bbox 262 1505 901 1544">
     <span class='ocr_line' id='line_1_21' title="bbox 262 1505 901 1544; baseline 0.003 -2"><span class='ocrx_word' id='word_1_121' title='bbox 262 1531 290 1542; x_wconf 51' lang='lat'><em>2</em></span> <span class='ocrx_word' id='word_1_122' title='bbox 331 1517 426 1543; x_wconf 63' lang='grc' dir='ltr'><strong>οὓς).</strong></span> <span class='ocrx_word' id='word_1_123' title='bbox 458 1507 657 1542; x_wconf 82' lang='lat' dir='ltr'><strong>Gastonia</strong></span> <span class='ocrx_word' id='word_1_124' title='bbox 676 1505 855 1541; x_wconf 63' lang='lat' dir='ltr'><strong>Comme]</strong></span> <span class='ocrx_word' id='word_1_125' title='bbox 867 1515 901 1544; x_wconf 83' lang='lat' dir='ltr'><strong>s.</strong></span> 
     </span>
    </p>

    <p class='ocr_par' dir='ltr' id='par_1_11' title="bbox 302 1560 1793 1626">
     <span class='ocr_line' id='line_1_22' title="bbox 302 1560 1793 1626; baseline -0.001 -29"><span class='ocrx_word' id='word_1_126' title='bbox 302 1565 426 1599; x_wconf 83' lang='lat'>4556.</span> <span class='ocrx_word' id='word_1_127' title='bbox 456 1564 675 1606; x_wconf 78' lang='lat' dir='ltr'><strong>Polyscias</strong></span> <span class='ocrx_word' id='word_1_128' title='bbox 694 1560 837 1599; x_wconf 63' lang='lat' dir='ltr'><strong>Fon-st.</strong></span> <span class='ocrx_word' id='word_1_129' title='bbox 1345 1583 1383 1626; x_wconf 78' lang='lat' dir='ltr'>G</span> <span class='ocrx_word' id='word_1_130' title='bbox 1397 1595 1459 1625; x_wconf 66' lang='lat' dir='ltr'><strong>en</strong></span> <span class='ocrx_word' id='word_1_131' title='bbox 1473 1598 1533 1625; x_wconf 71' lang='lat' dir='ltr'><strong>us</strong></span> <span class='ocrx_word' id='word_1_132' title='bbox 1569 1583 1793 1626; x_wconf 72' lang='lat' dir='ltr'>dubium</span> 
     </span>
    </p>

    <p class='ocr_par' dir='ltr' id='par_1_12' title="bbox 301 1614 1812 1670">
     <span class='ocr_line' id='line_1_23' title="bbox 301 1614 1812 1670; baseline -0.002 -17"><span class='ocrx_word' id='word_1_133' title='bbox 301 1620 379 1654; x_wconf 82' lang='lat'><strong>455</strong></span> <span class='ocrx_word' id='word_1_134' title='bbox 392 1616 426 1670; x_wconf 44' lang='lat'><strong>‘¹¹2</strong></span> <span class='ocrx_word' id='word_1_135' title='bbox 457 1621 658 1656; x_wconf 85' lang='lat' dir='ltr'><strong>Brassaia</strong></span> <span class='ocrx_word' id='word_1_136' title='bbox 678 1617 799 1655; x_wconf 76' lang='lat' dir='ltr'><strong>Endl.</strong></span> <span class='ocrx_word' id='word_1_137' title='bbox 1801 1614 1812 1625; x_wconf 91' lang='grc'><strong>”</strong></span> 
     </span>
    </p>

    <p class='ocr_par' dir='ltr' id='par_1_13' title="bbox 301 1670 1768 1716">
     <span class='ocr_line' id='line_1_24' title="bbox 301 1670 1768 1716; baseline 0 -6"><span class='ocrx_word' id='word_1_138' title='bbox 301 1678 427 1714; x_wconf 80' lang='grc'><strong>4557.</strong></span> <span class='ocrx_word' id='word_1_139' title='bbox 457 1677 679 1713; x_wconf 85' lang='lat' dir='ltr'><strong>Toricellia</strong></span> <span class='ocrx_word' id='word_1_140' title='bbox 695 1674 787 1714; x_wconf 81' lang='lat' dir='ltr'><strong>DC.</strong></span> <span class='ocrx_word' id='word_1_141' title='bbox 1251 1676 1376 1713; x_wconf 81' lang='lat'>4565.</span> <span class='ocrx_word' id='word_1_142' title='bbox 1407 1670 1768 1716; x_wconf 52' lang='lat' dir='ltr'><strong>Touroulia„Azcbl.</strong></span> 
     </span>
    </p>

    <p class='ocr_par' dir='ltr' id='par_1_14' title="bbox 302 1721 1874 1771">
     <span class='ocr_line' id='line_1_25' title="bbox 302 1721 1874 1771; baseline -0.002 -10"><span class='ocrx_word' id='word_1_143' title='bbox 302 1735 426 1770; x_wconf 71' lang='lat'>4553,</span> <span class='ocrx_word' id='word_1_144' title='bbox 457 1734 606 1770; x_wconf 67' lang='lat' dir='ltr'><strong>Arana</strong></span> <span class='ocrx_word' id='word_1_145' title='bbox 622 1731 743 1771; x_wconf 56' lang='grc' dir='ltr'><strong>,ζ-νῐῃῃ,</strong></span> <span class='ocrx_word' id='word_1_146' title='bbox 1461 1722 1698 1757; x_wconf 79' lang='lat' dir='ltr'><strong>Robinsonia</strong></span> <span class='ocrx_word' id='word_1_147' title='bbox 1716 1721 1874 1758; x_wconf 79' lang='lat' dir='ltr'><strong>Schreb.</strong></span> 
     </span>
    </p>
   </div>
   <div class='ocr_carea' id='block_1_4' title="bbox 515 1781 875 1817">
    <p class='ocr_par' dir='ltr' id='par_1_15' title="bbox 515 1781 875 1817">
     <span class='ocr_line' id='line_1_26' title="bbox 515 1781 875 1817; baseline -0.003 -2"><span class='ocrx_word' id='word_1_148' title='bbox 515 1781 729 1817; x_wconf 80' lang='lat' dir='ltr'><strong>Schefssera</strong></span> <span class='ocrx_word' id='word_1_149' title='bbox 746 1781 875 1817; x_wconf 72' lang='lat' dir='ltr'><strong>Forst.</strong></span> 
     </span>
    </p>
   </div>
   <div class='ocr_carea' id='block_1_5' title="bbox 186 1853 2037 2307">
    <p class='ocr_par' dir='ltr' id='par_1_16' title="bbox 186 1853 2037 2304">
     <span class='ocr_line' id='line_1_27' title="bbox 326 1853 2024 1907; baseline -0.002 -8"><span class='ocrx_word' id='word_1_150' title='bbox 326 1853 652 1900; x_wconf 76' lang='lat' dir='ltr'><strong>Affinitas.</strong></span> <span class='ocrx_word' id='word_1_151' title='bbox 711 1861 960 1898; x_wconf 84' lang='lat' dir='ltr'><strong>Araliaceae</strong></span> <span class='ocrx_word' id='word_1_152' title='bbox 982 1859 1261 1898; x_wconf 87' lang='lat' dir='ltr'><strong>Umbelliferis</strong></span> <span class='ocrx_word' id='word_1_153' title='bbox 1283 1859 1494 1904; x_wconf 83' lang='lat' dir='ltr'><strong>proximae</strong></span> <span class='ocrx_word' id='word_1_154' title='bbox 1505 1881 1521 1907; x_wconf 84' lang='lat'><strong>‚-</strong></span> <span class='ocrx_word' id='word_1_155' title='bbox 1547 1856 1850 1896; x_wconf 88' lang='lat' dir='ltr'><strong>inflorescentia</strong></span> <span class='ocrx_word' id='word_1_156' title='bbox 1872 1857 2024 1904; x_wconf 85' lang='lat' dir='ltr'><strong>imper-</strong></span> 
     </span>
     <span class='ocr_line' id='line_1_28' title="bbox 189 1916 2025 1966; baseline 0.001 -13"><span class='ocrx_word' id='word_1_157' title='bbox 189 1916 294 1953; x_wconf 83' lang='lat' dir='ltr'><strong>fecte</strong></span> <span class='ocrx_word' id='word_1_158' title='bbox 322 1920 566 1966; x_wconf 84' lang='lat' dir='ltr'><strong>umbellata,</strong></span> <span class='ocrx_word' id='word_1_159' title='bbox 599 1918 733 1954; x_wconf 88' lang='lat' dir='ltr'><strong>fructu</strong></span> <span class='ocrx_word' id='word_1_160' title='bbox 763 1917 1010 1961; x_wconf 86' lang='lat' dir='ltr'><strong>saepissime</strong></span> <span class='ocrx_word' id='word_1_161' title='bbox 1033 1921 1127 1962; x_wconf 86' lang='lat' dir='ltr'><strong>plus</strong></span> <span class='ocrx_word' id='word_1_162' title='bbox 1152 1926 1272 1961; x_wconf 79' lang='lat' dir='ltr'><strong>quam</strong></span> <span class='ocrx_word' id='word_1_163' title='bbox 1294 1917 1534 1965; x_wconf 85' lang='lat' dir='ltr'><strong>biloculari,</strong></span> <span class='ocrx_word' id='word_1_164' title='bbox 1566 1917 1610 1952; x_wconf 91' lang='lat' dir='ltr'><strong>in</strong></span> <span class='ocrx_word' id='word_1_165' title='bbox 1633 1918 1836 1952; x_wconf 87' lang='lat' dir='ltr'><strong>elementa</strong></span> <span class='ocrx_word' id='word_1_166' title='bbox 1859 1917 2025 1960; x_wconf 84' lang='lat' dir='ltr'><strong>carpica</strong></span> 
     </span>
     <span class='ocr_line' id='line_1_29' title="bbox 188 1973 2026 2022; baseline 0 -12"><span class='ocrx_word' id='word_1_167' title='bbox 188 1976 299 2010; x_wconf 86' lang='lat' dir='ltr'><strong>haud</strong></span> <span class='ocrx_word' id='word_1_168' title='bbox 331 1975 565 2022; x_wconf 81' lang='lat' dir='ltr'><strong>secedente,</strong></span> <span class='ocrx_word' id='word_1_169' title='bbox 597 1978 637 2011; x_wconf 89' lang='lat' dir='ltr'><strong>et</strong></span> <span class='ocrx_word' id='word_1_170' title='bbox 667 1975 891 2011; x_wconf 86' lang='lat' dir='ltr'><strong>albuminis</strong></span> <span class='ocrx_word' id='word_1_171' title='bbox 915 1975 1184 2011; x_wconf 72' lang='lat' dir='ltr'><strong>consistentia</strong></span> <span class='ocrx_word' id='word_1_172' title='bbox 1207 1975 1408 2010; x_wconf 86' lang='lat' dir='ltr'><strong>differunt.</strong></span> <span class='ocrx_word' id='word_1_173' title='bbox 1466 1974 1530 2010; x_wconf 88' lang='lat' dir='ltr'><strong>Ab</strong></span> <span class='ocrx_word' id='word_1_174' title='bbox 1555 1973 1831 2021; x_wconf 86' lang='lat' dir='ltr'><strong>Ampelideis,</strong></span> <span class='ocrx_word' id='word_1_175' title='bbox 1863 1977 2026 2017; x_wconf 88' lang='lat' dir='ltr'><strong>praeter</strong></span> 
     </span>
     <span class='ocr_line' id='line_1_30' title="bbox 188 2026 2024 2080; baseline -0.001 -12"><span class='ocrx_word' id='word_1_176' title='bbox 188 2031 297 2068; x_wconf 86' lang='lat' dir='ltr'><strong>alias</strong></span> <span class='ocrx_word' id='word_1_177' title='bbox 312 2026 432 2068; x_wconf 77' lang='lat' dir='ltr'><strong>notas</strong></span> <span class='ocrx_word' id='word_1_178' title='bbox 445 2058 455 2075; x_wconf 81' lang='lat'><strong>,</strong></span> <span class='ocrx_word' id='word_1_179' title='bbox 487 2032 668 2076; x_wconf 80' lang='lat' dir='ltr'><strong>germine</strong></span> <span class='ocrx_word' id='word_1_180' title='bbox 684 2032 833 2080; x_wconf 84' lang='lat' dir='ltr'><strong>infero,</strong></span> <span class='ocrx_word' id='word_1_181' title='bbox 866 2032 1113 2069; x_wconf 81' lang='lat' dir='ltr'><strong>staminibus</strong></span> <span class='ocrx_word' id='word_1_182' title='bbox 1124 2059 1134 2078; x_wconf 86' lang='lat'><strong>,</strong></span> <span class='ocrx_word' id='word_1_183' title='bbox 1158 2033 1253 2067; x_wconf 88' lang='lat' dir='ltr'><strong>dum</strong></span> <span class='ocrx_word' id='word_1_184' title='bbox 1270 2029 1450 2074; x_wconf 82' lang='lat' dir='ltr'><strong>simplici</strong></span> <span class='ocrx_word' id='word_1_185' title='bbox 1465 2033 1648 2066; x_wconf 90' lang='lat' dir='ltr'><strong>loborum</strong></span> <span class='ocrx_word' id='word_1_186' title='bbox 1663 2033 1842 2066; x_wconf 86' lang='lat' dir='ltr'><strong>corollae</strong></span> <span class='ocrx_word' id='word_1_187' title='bbox 1858 2040 2024 2066; x_wconf 87' lang='lat' dir='ltr'><strong>numero</strong></span> 
     </span>
     <span class='ocr_line' id='line_1_31' title="bbox 189 2087 2022 2135; baseline -0.001 -10"><span class='ocrx_word' id='word_1_188' title='bbox 189 2089 360 2134; x_wconf 78' lang='lat' dir='ltr'><strong>adsunt,</strong></span> <span class='ocrx_word' id='word_1_189' title='bbox 391 2089 539 2125; x_wconf 85' lang='lat' dir='ltr'><strong>iisdem</strong></span> <span class='ocrx_word' id='word_1_190' title='bbox 563 2089 753 2135; x_wconf 89' lang='lat' dir='ltr'><strong>alternis,</strong></span> <span class='ocrx_word' id='word_1_191' title='bbox 786 2093 825 2125; x_wconf 88' lang='lat' dir='ltr'><strong>et</strong></span> <span class='ocrx_word' id='word_1_192' title='bbox 849 2088 1152 2126; x_wconf 76' lang='lat' dir='ltr'><strong>innotescentia</strong></span> <span class='ocrx_word' id='word_1_193' title='bbox 1174 2097 1382 2131; x_wconf 86' lang='lat' dir='ltr'><strong>nunquam</strong></span> <span class='ocrx_word' id='word_1_194' title='bbox 1406 2087 1689 2131; x_wconf 88' lang='lat' dir='ltr'><strong>oppositifolia</strong></span> <span class='ocrx_word' id='word_1_195' title='bbox 1705 2087 2022 2135; x_wconf 82' lang='lat' dir='ltr'><strong>distinguuntur.</strong></span> 
     </span>
     <span class='ocr_line' id='line_1_32' title="bbox 187 2143 2024 2192; baseline -0.001 -11"><span class='ocrx_word' id='word_1_196' title='bbox 187 2145 370 2182; x_wconf 78' lang='lat' dir='ltr'><strong>Gorneae</strong></span> <span class='ocrx_word' id='word_1_197' title='bbox 400 2145 535 2181; x_wconf 87' lang='lat' dir='ltr'><strong>fructu</strong></span> <span class='ocrx_word' id='word_1_198' title='bbox 563 2150 906 2192; x_wconf 73' lang='lat' dir='ltr'><strong>nucamemaceo‚</strong></span> <span class='ocrx_word' id='word_1_199' title='bbox 952 2145 1285 2182; x_wconf 87' lang='lat' dir='ltr'><strong>Hamamelideae</strong></span> <span class='ocrx_word' id='word_1_200' title='bbox 1315 2146 1498 2189; x_wconf 88' lang='lat' dir='ltr'><strong>ejusdem</strong></span> <span class='ocrx_word' id='word_1_201' title='bbox 1528 2144 1784 2180; x_wconf 79' lang='lat' dir='ltr'><strong>dehiscentia</strong></span> <span class='ocrx_word' id='word_1_202' title='bbox 1813 2147 1851 2180; x_wconf 90' lang='lat' dir='ltr'><strong>et</strong></span> <span class='ocrx_word' id='word_1_203' title='bbox 1881 2143 2024 2180; x_wconf 88' lang='lat' dir='ltr'><strong>habitu</strong></span> 
     </span>
     <span class='ocr_line' id='line_1_33' title="bbox 188 2200 2025 2252; baseline 0 -15"><span class='ocrx_word' id='word_1_204' title='bbox 188 2201 388 2238; x_wconf 83' lang='lat' dir='ltr'><strong>facillime</strong></span> <span class='ocrx_word' id='word_1_205' title='bbox 414 2203 716 2239; x_wconf 85' lang='lat' dir='ltr'><strong>discernuntur.</strong></span> <span class='ocrx_word' id='word_1_206' title='bbox 776 2202 1125 2252; x_wconf 82' lang='lat' dir='ltr'><strong>Caprifoliaceae,</strong></span> <span class='ocrx_word' id='word_1_207' title='bbox 1156 2203 1209 2238; x_wconf 92' lang='lat' dir='ltr'><strong>ad</strong></span> <span class='ocrx_word' id='word_1_208' title='bbox 1233 2210 1351 2248; x_wconf 84' lang='lat' dir='ltr'><strong>quas</strong></span> <span class='ocrx_word' id='word_1_209' title='bbox 1362 2204 1498 2238; x_wconf 86' lang='lat' dir='ltr'><strong>tamen</strong></span> <span class='ocrx_word' id='word_1_210' title='bbox 1511 2201 1659 2238; x_wconf 84' lang='lat' dir='ltr'><strong>Adoxa</strong></span> <span class='ocrx_word' id='word_1_211' title='bbox 1683 2200 1875 2238; x_wconf 85' lang='lat' dir='ltr'><strong>fortassis</strong></span> <span class='ocrx_word' id='word_1_212' title='bbox 1891 2203 2025 2245; x_wconf 88' lang='lat' dir='ltr'><strong>repel-</strong></span> 
     </span>
     <span class='ocr_line' id='line_1_34' title="bbox 186 2259 2037 2307; baseline 0 -11"><span class='ocrx_word' id='word_1_213' title='bbox 186 2259 334 2307; x_wconf 87' lang='lat' dir='ltr'><strong>lenda,</strong></span> <span class='ocrx_word' id='word_1_214' title='bbox 367 2262 521 2300; x_wconf 70' lang='lat' dir='ltr'><strong>corolla</strong></span> <span class='ocrx_word' id='word_1_215' title='bbox 536 2262 797 2304; x_wconf 82' lang='lat' dir='ltr'><strong>gamopetala</strong></span> <span class='ocrx_word' id='word_1_216' title='bbox 813 2259 981 2295; x_wconf 87' lang='lat' dir='ltr'><strong>distant.</strong></span> <span class='ocrx_word' id='word_1_217' title='bbox 2034 2272 2037 2273; x_wconf 46' lang='lat'><em>⁷</em></span> 
     </span>
    </p>
   </div>
   <div class='ocr_carea' id='block_1_6' title="bbox 187 2302 2025 2492">
    <p class='ocr_par' dir='ltr' id='par_1_17' title="bbox 187 2302 2025 2492">
     <span class='ocr_line' id='line_1_35' title="bbox 331 2302 2025 2381; baseline -0.001 -13"><span class='ocrx_word' id='word_1_218' title='bbox 331 2323 754 2381; x_wconf 68' lang='lat' dir='ltr'><strong>Geographia.</strong></span> <span class='ocrx_word' id='word_1_219' title='bbox 812 2332 1049 2367; x_wconf 86' lang='lat' dir='ltr'><strong>Nascuntur</strong></span> <span class='ocrx_word' id='word_1_220' title='bbox 1071 2329 1115 2366; x_wconf 88' lang='lat' dir='ltr'><strong>in</strong></span> <span class='ocrx_word' id='word_1_221' title='bbox 1139 2329 1376 2375; x_wconf 84' lang='lat' dir='ltr'><strong>regionibus</strong></span> <span class='ocrx_word' id='word_1_222' title='bbox 1394 2328 1562 2373; x_wconf 78' lang='lat' dir='ltr'><strong>tropicis</strong></span> <span class='ocrx_word' id='word_1_223' title='bbox 1579 2332 1617 2366; x_wconf 87' lang='lat' dir='ltr'><strong>et</strong></span> <span class='ocrx_word' id='word_1_224' title='bbox 1634 2302 1884 2374; x_wconf 83' lang='lat' dir='ltr'><strong>subtropicis</strong></span> <span class='ocrx_word' id='word_1_225' title='bbox 1901 2327 2025 2366; x_wconf 85' lang='lat' dir='ltr'><strong>totius</strong></span> 
     </span>
     <span class='ocr_line' id='line_1_36' title="bbox 187 2385 2025 2433; baseline 0 -11"><span class='ocrx_word' id='word_1_226' title='bbox 187 2385 317 2433; x_wconf 88' lang='lat' dir='ltr'><strong>orbis,</strong></span> <span class='ocrx_word' id='word_1_227' title='bbox 351 2387 473 2423; x_wconf 85' lang='lat' dir='ltr'><strong>etiam</strong></span> <span class='ocrx_word' id='word_1_228' title='bbox 504 2388 548 2423; x_wconf 92' lang='lat' dir='ltr'><strong>in</strong></span> <span class='ocrx_word' id='word_1_229' title='bbox 572 2387 808 2433; x_wconf 84' lang='lat' dir='ltr'><strong>temperatis</strong></span> <span class='ocrx_word' id='word_1_230' title='bbox 831 2388 1043 2430; x_wconf 88' lang='lat' dir='ltr'><strong>utriusque</strong></span> <span class='ocrx_word' id='word_1_231' title='bbox 1066 2386 1358 2430; x_wconf 83' lang='lat' dir='ltr'><strong>hemisphaerii</strong></span> <span class='ocrx_word' id='word_1_232' title='bbox 1383 2386 1551 2433; x_wconf 88' lang='lat' dir='ltr'><strong>obviae,</strong></span> <span class='ocrx_word' id='word_1_233' title='bbox 1581 2387 1626 2422; x_wconf 85' lang='lat' dir='ltr'><strong>in</strong></span> <span class='ocrx_word' id='word_1_234' title='bbox 1648 2386 1845 2422; x_wconf 90' lang='lat' dir='ltr'><strong>America</strong></span> <span class='ocrx_word' id='word_1_235' title='bbox 1870 2385 2025 2422; x_wconf 87' lang='lat' dir='ltr'><strong>boreali</strong></span> 
     </span>
     <span class='ocr_line' id='line_1_37' title="bbox 187 2438 1882 2492; baseline -0.001 -13"><span class='ocrx_word' id='word_1_236' title='bbox 187 2443 399 2491; x_wconf 81' lang='lat' dir='ltr'><strong>copiosae,</strong></span> <span class='ocrx_word' id='word_1_237' title='bbox 431 2444 473 2479; x_wconf 92' lang='lat' dir='ltr'><strong>in</strong></span> <span class='ocrx_word' id='word_1_238' title='bbox 489 2446 655 2488; x_wconf 83' lang='lat' dir='ltr'><strong>Europa</strong></span> <span class='ocrx_word' id='word_1_239' title='bbox 672 2448 710 2480; x_wconf 89' lang='lat' dir='ltr'><strong>et</strong></span> <span class='ocrx_word' id='word_1_240' title='bbox 725 2444 832 2480; x_wconf 85' lang='lat' dir='ltr'><strong>Asia</strong></span> <span class='ocrx_word' id='word_1_241' title='bbox 845 2444 1003 2480; x_wconf 88' lang='lat' dir='ltr'><strong>boreali</strong></span> <span class='ocrx_word' id='word_1_242' title='bbox 1019 2452 1159 2492; x_wconf 86' lang='lat' dir='ltr'><strong>rarae,</strong></span> <span class='ocrx_word' id='word_1_243' title='bbox 1189 2453 1267 2479; x_wconf 91' lang='lat' dir='ltr'><strong>nec</strong></span> <span class='ocrx_word' id='word_1_244' title='bbox 1282 2446 1392 2480; x_wconf 85' lang='lat' dir='ltr'><strong>ultra</strong></span> <span class='ocrx_word' id='word_1_245' title='bbox 1408 2438 1484 2479; x_wconf 78' lang='lat'><strong>52⁰</strong></span> <span class='ocrx_word' id='word_1_246' title='bbox 1498 2442 1609 2481; x_wconf 44' lang='lat' dir='ltr'><strong>IMB.</strong></span> <span class='ocrx_word' id='word_1_247' title='bbox 1626 2446 1882 2480; x_wconf 79' lang='lat' dir='ltr'><strong>observatae.</strong></span> 
     </span>
    </p>
   </div>
   <div class='ocr_carea' id='block_1_7' title="bbox 184 2507 2024 2845">
    <p class='ocr_par' dir='ltr' id='par_1_18' title="bbox 184 2507 2024 2845">
     <span class='ocr_line' id='line_1_38' title="bbox 330 2507 2023 2560; baseline -0.002 -8"><span class='ocrx_word' id='word_1_248' title='bbox 330 2507 693 2560; x_wconf 65' lang='lat' dir='ltr'><strong>Qualitates</strong></span> <span class='ocrx_word' id='word_1_249' title='bbox 719 2518 758 2559; x_wconf 84' lang='lat' dir='ltr'><strong>et</strong></span> <span class='ocrx_word' id='word_1_250' title='bbox 780 2519 950 2555; x_wconf 78' lang='lat' dir='ltr'><strong>usus.</strong></span> <span class='ocrx_word' id='word_1_251' title='bbox 1008 2514 1186 2550; x_wconf 84' lang='lat' dir='ltr'><strong>Diversa</strong></span> <span class='ocrx_word' id='word_1_252' title='bbox 1200 2513 1515 2551; x_wconf 82' lang='lat' dir='ltr'><strong>Araliacearum</strong></span> <span class='ocrx_word' id='word_1_253' title='bbox 1538 2516 1589 2550; x_wconf 85' lang='lat' dir='ltr'><strong>ab</strong></span> <span class='ocrx_word' id='word_1_254' title='bbox 1614 2513 1896 2550; x_wconf 87' lang='lat' dir='ltr'><strong>Umbelliferis</strong></span> <span class='ocrx_word' id='word_1_255' title='bbox 1920 2522 2023 2556; x_wconf 82' lang='lat' dir='ltr'><strong>qua-</strong></span> 
     </span>
     <span class='ocr_line' id='line_1_39' title="bbox 187 2569 2023 2617; baseline -0.001 -9"><span class='ocrx_word' id='word_1_256' title='bbox 187 2570 287 2608; x_wconf 83' lang='lat' dir='ltr'><strong>litas</strong></span> <span class='ocrx_word' id='word_1_257' title='bbox 306 2580 331 2607; x_wconf 83' lang='lat' dir='ltr'><strong>a</strong></span> <span class='ocrx_word' id='word_1_258' title='bbox 346 2575 552 2608; x_wconf 78' lang='lat' dir='ltr'><strong>structura</strong></span> <span class='ocrx_word' id='word_1_259' title='bbox 569 2575 608 2607; x_wconf 88' lang='lat' dir='ltr'><strong>et</strong></span> <span class='ocrx_word' id='word_1_260' title='bbox 631 2571 743 2608; x_wconf 77' lang='lat' dir='ltr'><strong>vitae</strong></span> <span class='ocrx_word' id='word_1_261' title='bbox 767 2572 979 2608; x_wconf 85' lang='lat' dir='ltr'><strong>duratione</strong></span> <span class='ocrx_word' id='word_1_262' title='bbox 1002 2572 1178 2615; x_wconf 85' lang='lat' dir='ltr'><strong>pendere</strong></span> <span class='ocrx_word' id='word_1_263' title='bbox 1198 2570 1380 2617; x_wconf 80' lang='lat' dir='ltr'><strong>videtur,</strong></span> <span class='ocrx_word' id='word_1_264' title='bbox 1413 2571 1608 2607; x_wconf 87' lang='lat' dir='ltr'><strong>aromatis</strong></span> <span class='ocrx_word' id='word_1_265' title='bbox 1631 2570 1809 2607; x_wconf 86' lang='lat' dir='ltr'><strong>resinosi</strong></span> <span class='ocrx_word' id='word_1_266' title='bbox 1833 2574 1871 2606; x_wconf 87' lang='lat' dir='ltr'><strong>et.</strong></span> <span class='ocrx_word' id='word_1_267' title='bbox 1894 2569 2023 2607; x_wconf 83' lang='lat' dir='ltr'><strong>oleosl</strong></span> 
     </span>
     <span class='ocr_line' id='line_1_40' title="bbox 187 2627 2024 2673; baseline -0.001 -10"><span class='ocrx_word' id='word_1_268' title='bbox 187 2627 446 2672; x_wconf 80' lang='lat' dir='ltr'><strong>praestantia</strong></span> <span class='ocrx_word' id='word_1_269' title='bbox 471 2628 513 2663; x_wconf 91' lang='lat' dir='ltr'><strong>in</strong></span> <span class='ocrx_word' id='word_1_270' title='bbox 538 2628 735 2672; x_wconf 84' lang='lat' dir='ltr'><strong>stirpibus</strong></span> <span class='ocrx_word' id='word_1_271' title='bbox 758 2631 986 2673; x_wconf 79' lang='lat' dir='ltr'><strong>longaevae</strong></span> <span class='ocrx_word' id='word_1_272' title='bbox 1010 2627 1239 2663; x_wconf 87' lang='lat' dir='ltr'><strong>durationis</strong></span> <span class='ocrx_word' id='word_1_273' title='bbox 1270 2636 1297 2664; x_wconf 84' lang='lat' dir='ltr'><strong>a</strong></span> <span class='ocrx_word' id='word_1_274' title='bbox 1326 2628 1572 2664; x_wconf 89' lang='lat' dir='ltr'><strong>substantiis</strong></span> <span class='ocrx_word' id='word_1_275' title='bbox 1603 2627 1953 2672; x_wconf 86' lang='lat' dir='ltr'><strong>adstringentibus</strong></span> <span class='ocrx_word' id='word_1_276' title='bbox 1983 2630 2024 2662; x_wconf 80' lang='lat' dir='ltr'><strong>et</strong></span> 
     </span>
     <span class='ocr_line' id='line_1_41' title="bbox 188 2683 2023 2732; baseline -0.001 -12"><span class='ocrx_word' id='word_1_277' title='bbox 188 2685 342 2721; x_wconf 87' lang='lat' dir='ltr'><strong>amaris</strong></span> <span class='ocrx_word' id='word_1_278' title='bbox 359 2688 536 2732; x_wconf 80' lang='lat' dir='ltr'><strong>retruso,</strong></span> <span class='ocrx_word' id='word_1_279' title='bbox 568 2685 691 2721; x_wconf 90' lang='lat' dir='ltr'><strong>etiam</strong></span> <span class='ocrx_word' id='word_1_280' title='bbox 704 2685 745 2720; x_wconf 93' lang='lat' dir='ltr'><strong>in</strong></span> <span class='ocrx_word' id='word_1_281' title='bbox 764 2685 964 2721; x_wconf 87' lang='lat' dir='ltr'><strong>fructibus</strong></span> <span class='ocrx_word' id='word_1_282' title='bbox 979 2684 1165 2721; x_wconf 86' lang='lat' dir='ltr'><strong>baccatis</strong></span> <span class='ocrx_word' id='word_1_283' title='bbox 1181 2693 1253 2728; x_wconf 89' lang='lat' dir='ltr'><strong>pro</strong></span> <span class='ocrx_word' id='word_1_284' title='bbox 1269 2684 1544 2728; x_wconf 88' lang='lat' dir='ltr'><strong>receptaculis</strong></span> <span class='ocrx_word' id='word_1_285' title='bbox 1560 2683 1738 2720; x_wconf 88' lang='lat' dir='ltr'><strong>aetherei</strong></span> <span class='ocrx_word' id='word_1_286' title='bbox 1753 2683 1892 2720; x_wconf 88' lang='lat' dir='ltr'><strong>laticis</strong></span> <span class='ocrx_word' id='word_1_287' title='bbox 1908 2685 2023 2719; x_wconf 94' lang='lat' dir='ltr'><strong>nullo</strong></span> 
     </span>
     <span class='ocr_line' id='line_1_42' title="bbox 184 2740 2022 2787; baseline -0.002 -9"><span class='ocrx_word' id='word_1_288' title='bbox 184 2744 290 2779; x_wconf 89' lang='lat' dir='ltr'><strong>loco.</strong></span> <span class='ocrx_word' id='word_1_289' title='bbox 348 2741 621 2778; x_wconf 87' lang='lat' dir='ltr'><strong>Nihilominus</strong></span> <span class='ocrx_word' id='word_1_290' title='bbox 637 2741 847 2778; x_wconf 89' lang='lat' dir='ltr'><strong>resinosae</strong></span> <span class='ocrx_word' id='word_1_291' title='bbox 872 2740 1129 2777; x_wconf 86' lang='lat' dir='ltr'><strong>substantiae</strong></span> <span class='ocrx_word' id='word_1_292' title='bbox 1153 2749 1178 2776; x_wconf 89' lang='lat' dir='ltr'><strong>a</strong></span> <span class='ocrx_word' id='word_1_293' title='bbox 1201 2740 1410 2776; x_wconf 76' lang='lat' dir='ltr'><strong>nonnullis</strong></span> <span class='ocrx_word' id='word_1_294' title='bbox 1433 2743 1726 2787; x_wconf 88' lang='lat' dir='ltr'><strong>secernuntur,</strong></span> <span class='ocrx_word' id='word_1_295' title='bbox 1757 2745 1797 2776; x_wconf 91' lang='lat' dir='ltr'><strong>et</strong></span> <span class='ocrx_word' id='word_1_296' title='bbox 1819 2740 2022 2784; x_wconf 83' lang='lat' dir='ltr'><strong>plurimae</strong></span> 
     </span>
     <span class='ocr_line' id='line_1_43' title="bbox 187 2796 2022 2845; baseline -0.002 -9"><span class='ocrx_word' id='word_1_297' title='bbox 187 2798 383 2836; x_wconf 84' lang='lat' dir='ltr'><strong>aromatis</strong></span> <span class='ocrx_word' id='word_1_298' title='bbox 399 2799 675 2841; x_wconf 87' lang='lat' dir='ltr'><strong>praesentiam</strong></span> <span class='ocrx_word' id='word_1_299' title='bbox 698 2800 817 2834; x_wconf 89' lang='lat' dir='ltr'><strong>odore</strong></span> <span class='ocrx_word' id='word_1_300' title='bbox 840 2799 1033 2845; x_wconf 84' lang='lat' dir='ltr'><strong>produnt3</strong></span> <span class='ocrx_word' id='word_1_301' title='bbox 1064 2807 1140 2833; x_wconf 90' lang='lat' dir='ltr'><strong>nec</strong></span> <span class='ocrx_word' id='word_1_302' title='bbox 1163 2799 1330 2845; x_wconf 82' lang='lat' dir='ltr'><strong>desunt,</strong></span> <span class='ocrx_word' id='word_1_303' title='bbox 1361 2797 1508 2840; x_wconf 82' lang='lat' dir='ltr'><strong>quibus</strong></span> <span class='ocrx_word' id='word_1_304' title='bbox 1532 2805 1558 2834; x_wconf 89' lang='lat' dir='ltr'><strong>a</strong></span> <span class='ocrx_word' id='word_1_305' title='bbox 1579 2797 1808 2841; x_wconf 83' lang='lat' dir='ltr'><strong>peregrinis</strong></span> <span class='ocrx_word' id='word_1_306' title='bbox 1830 2796 2022 2840; x_wconf 83' lang='lat' dir='ltr'><strong>gentibus</strong></span> 
     </span>
    </p>
   </div>
   <div class='ocr_carea' id='block_1_8' title="bbox 190 2855 2021 2958">
    <p class='ocr_par' dir='ltr' id='par_1_19' title="bbox 190 2855 2021 2957">
     <span class='ocr_line' id='line_1_44' title="bbox 190 2855 888 2900; baseline -0.003 -8"><span class='ocrx_word' id='word_1_307' title='bbox 190 2864 364 2900; x_wconf 85' lang='lat' dir='ltr'><strong>magnae</strong></span> <span class='ocrx_word' id='word_1_308' title='bbox 379 2855 545 2892; x_wconf 82' lang='lat' dir='ltr'><strong>virtutis</strong></span> <span class='ocrx_word' id='word_1_309' title='bbox 560 2858 655 2891; x_wconf 88' lang='lat' dir='ltr'><strong>laus</strong></span> <span class='ocrx_word' id='word_1_310' title='bbox 674 2855 888 2891; x_wconf 85' lang='lat' dir='ltr'><strong>tribuatur.</strong></span> 
     </span>
     <span class='ocr_line' id='line_1_45' title="bbox 329 2906 2021 2958; baseline -0.001 -10"><span class='ocrx_word' id='word_1_311' title='bbox 329 2914 440 2948; x_wconf 88' lang='lat' dir='ltr'><strong>Inter</strong></span> <span class='ocrx_word' id='word_1_312' title='bbox 461 2916 666 2948; x_wconf 89' lang='lat' dir='ltr'><strong>nostrates</strong></span> <span class='ocrx_word' id='word_1_313' title='bbox 687 2906 852 2946; x_wconf 75' lang='lat' dir='ltr'><strong>Adora</strong></span> <span class='ocrx_word' id='word_1_314' title='bbox 869 2907 1201 2946; x_wconf 69' lang='lat' dir='ltr'><strong>&#39;vtoschatellmtz</strong></span> <span class='ocrx_word' id='word_1_315' title='bbox 1216 2908 1336 2946; x_wconf 85' lang='lat' dir='ltr'><strong>Linn.</strong></span> <span class='ocrx_word' id='word_1_316' title='bbox 1361 2913 1442 2958; x_wconf 90' lang='lat' dir='ltr'><strong>est,</strong></span> <span class='ocrx_word' id='word_1_317' title='bbox 1473 2911 1600 2947; x_wconf 89' lang='lat' dir='ltr'><strong>herba</strong></span> <span class='ocrx_word' id='word_1_318' title='bbox 1623 2912 1796 2957; x_wconf 88' lang='lat' dir='ltr'><strong>tenella,</strong></span> <span class='ocrx_word' id='word_1_319' title='bbox 1827 2908 2021 2954; x_wconf 82' lang='lat' dir='ltr'><strong>perennis</strong></span> 
     </span>
    </p>
   </div>
   <div class='ocr_carea' id='block_1_9' title="bbox 186 2964 2021 3584">
    <p class='ocr_par' dir='ltr' id='par_1_20' title="bbox 189 2964 2021 3063">
     <span class='ocr_line' id='line_1_46' title="bbox 189 2964 2021 3038; baseline -0.001 -34"><span class='ocrx_word' id='word_1_320' title='bbox 189 2972 346 3015; x_wconf 84' lang='lat' dir='ltr'><strong>tamen,</strong></span> <span class='ocrx_word' id='word_1_321' title='bbox 376 2964 461 3005; x_wconf 85' lang='lat' dir='ltr'><strong>leni</strong></span> <span class='ocrx_word' id='word_1_322' title='bbox 477 2969 637 3007; x_wconf 85' lang='lat' dir='ltr'><strong>Moschi</strong></span> <span class='ocrx_word' id='word_1_323' title='bbox 653 2969 772 3038; x_wconf 79' lang='lat' dir='ltr'><strong>odore</strong></span> <span class='ocrx_word' id='word_1_324' title='bbox 795 2971 929 3014; x_wconf 84' lang='lat' dir='ltr'><strong>grata.</strong></span> <span class='ocrx_word' id='word_1_325' title='bbox 985 2967 1123 3004; x_wconf 80' lang='lat' dir='ltr'><strong>Radix</strong></span> <span class='ocrx_word' id='word_1_326' title='bbox 1138 2967 1479 3005; x_wconf 86' lang='lat' dir='ltr'><strong>Moschatellinae</strong></span> <span class='ocrx_word' id='word_1_327' title='bbox 1502 2975 1529 3003; x_wconf 83' lang='lat' dir='ltr'><strong>a</strong></span> <span class='ocrx_word' id='word_1_328' title='bbox 1552 2967 1738 3011; x_wconf 86' lang='lat' dir='ltr'><strong>patribus</strong></span> <span class='ocrx_word' id='word_1_329' title='bbox 1763 2967 1870 3002; x_wconf 89' lang='lat' dir='ltr'><strong>inter</strong></span> <span class='ocrx_word' id='word_1_330' title='bbox 1890 2965 2021 3002; x_wconf 87' lang='lat' dir='ltr'><strong>medi-</strong></span> 
     </span>
     <span class='ocr_line' id='line_1_47' title="bbox 192 3024 551 3063; baseline 0 -1"><span class='ocrx_word' id='word_1_331' title='bbox 192 3024 310 3062; x_wconf 85' lang='lat' dir='ltr'><strong>cinas</strong></span> <span class='ocrx_word' id='word_1_332' title='bbox 325 3028 551 3063; x_wconf 85' lang='lat' dir='ltr'><strong>numerata.</strong></span> 
     </span>
    </p>

    <p class='ocr_par' dir='ltr' id='par_1_21' title="bbox 186 3073 2021 3584">
     <span class='ocr_line' id='line_1_48' title="bbox 330 3073 2020 3128; baseline -0.002 -10"><span class='ocrx_word' id='word_1_333' title='bbox 330 3083 464 3124; x_wconf 88' lang='lat' dir='ltr'><strong>Major</strong></span> <span class='ocrx_word' id='word_1_334' title='bbox 480 3079 679 3118; x_wconf 85' lang='lat' dir='ltr'><strong>Hederae</strong></span> <span class='ocrx_word' id='word_1_335' title='bbox 704 3081 838 3128; x_wconf 86' lang='lat' dir='ltr'><strong>gloria</strong></span> <span class='ocrx_word' id='word_1_336' title='bbox 861 3083 942 3119; x_wconf 84' lang='lat' dir='ltr'><strong>est.</strong></span> <span class='ocrx_word' id='word_1_337' title='bbox 993 3073 1174 3116; x_wconf 78' lang='lat' dir='ltr'><strong>Hedera</strong></span> <span class='ocrx_word' id='word_1_338' title='bbox 1190 3077 1326 3116; x_wconf 65' lang='lat' dir='ltr'><strong>Helia·</strong></span> <span class='ocrx_word' id='word_1_339' title='bbox 1343 3079 1388 3116; x_wconf 88' lang='grc' dir='ltr'><strong>Ι</strong></span> <span class='ocrx_word' id='word_1_340' title='bbox 1378 3090 1463 3118; x_wconf 88' lang='lat' dir='ltr'><strong>mn.</strong></span> <span class='ocrx_word' id='word_1_341' title='bbox 1481 3077 1676 3125; x_wconf 70' lang='lat' dir='ltr'><strong>(Epium)</strong></span> <span class='ocrx_word' id='word_1_342' title='bbox 1700 3081 1928 3124; x_wconf 87' lang='lat' dir='ltr'><strong>sylvestres</strong></span> <span class='ocrx_word' id='word_1_343' title='bbox 1952 3086 2020 3116; x_wconf 87' lang='lat' dir='ltr'><strong>ar-</strong></span> 
     </span>
     <span class='ocr_line' id='line_1_49' title="bbox 186 3137 2020 3186; baseline -0.001 -11"><span class='ocrx_word' id='word_1_344' title='bbox 186 3139 326 3185; x_wconf 78' lang='lat' dir='ltr'><strong>bores,</strong></span> <span class='ocrx_word' id='word_1_345' title='bbox 357 3148 496 3175; x_wconf 88' lang='lat' dir='ltr'><strong>muros</strong></span> <span class='ocrx_word' id='word_1_346' title='bbox 512 3149 715 3184; x_wconf 85' lang='lat' dir='ltr'><strong>rupesque</strong></span> <span class='ocrx_word' id='word_1_347' title='bbox 730 3140 913 3186; x_wconf 80' lang='lat' dir='ltr'><strong>scandit,</strong></span> <span class='ocrx_word' id='word_1_348' title='bbox 944 3138 1172 3176; x_wconf 88' lang='lat' dir='ltr'><strong>innumeris</strong></span> <span class='ocrx_word' id='word_1_349' title='bbox 1186 3137 1384 3175; x_wconf 87' lang='lat' dir='ltr'><strong>radiculis</strong></span> <span class='ocrx_word' id='word_1_350' title='bbox 1400 3138 1558 3175; x_wconf 88' lang='lat' dir='ltr'><strong>firmata</strong></span> <span class='ocrx_word' id='word_1_351' title='bbox 1571 3165 1582 3185; x_wconf 95' lang='lat'><strong>,</strong></span> <span class='ocrx_word' id='word_1_352' title='bbox 1613 3141 1807 3181; x_wconf 85' lang='lat' dir='ltr'><strong>perpetuo</strong></span> <span class='ocrx_word' id='word_1_353' title='bbox 1831 3137 2020 3173; x_wconf 86' lang='lat' dir='ltr'><strong>foliorum</strong></span> 
     </span>
     <span class='ocr_line' id='line_1_50' title="bbox 190 3191 2020 3243; baseline -0.001 -13"><span class='ocrx_word' id='word_1_354' title='bbox 190 3195 333 3230; x_wconf 82' lang='lat' dir='ltr'><strong>decore</strong></span> <span class='ocrx_word' id='word_1_355' title='bbox 361 3195 534 3241; x_wconf 88' lang='lat' dir='ltr'><strong>nobilis,</strong></span> <span class='ocrx_word' id='word_1_356' title='bbox 566 3205 658 3232; x_wconf 86' lang='lat' dir='ltr'><strong>raro</strong></span> <span class='ocrx_word' id='word_1_357' title='bbox 683 3197 801 3233; x_wconf 85' lang='lat' dir='ltr'><strong>nobis</strong></span> <span class='ocrx_word' id='word_1_358' title='bbox 830 3195 994 3243; x_wconf 82' lang='lat' dir='ltr'><strong>florida,</strong></span> <span class='ocrx_word' id='word_1_359' title='bbox 1025 3198 1152 3232; x_wconf 91' lang='lat' dir='ltr'><strong>multo</strong></span> <span class='ocrx_word' id='word_1_360' title='bbox 1182 3194 1527 3232; x_wconf 63' lang='lat' dir='ltr'><strong>sorniarumdusu</strong></span> <span class='ocrx_word' id='word_1_361' title='bbox 1557 3191 1612 3230; x_wconf 79' lang='lat' dir='ltr'><strong>ad</strong></span> <span class='ocrx_word' id='word_1_362' title='bbox 1637 3195 1758 3230; x_wconf 87' lang='lat' dir='ltr'><strong>Indos</strong></span> <span class='ocrx_word' id='word_1_363' title='bbox 1788 3203 1918 3236; x_wconf 86' lang='lat' dir='ltr'><strong>usque</strong></span> <span class='ocrx_word' id='word_1_364' title='bbox 1947 3202 2020 3237; x_wconf 86' lang='lat' dir='ltr'><strong>per</strong></span> 
     </span>
     <span class='ocr_line' id='line_1_51' title="bbox 189 3251 2019 3298; baseline 0 -11"><span class='ocrx_word' id='word_1_365' title='bbox 189 3251 460 3288; x_wconf 86' lang='lat' dir='ltr'><strong>continentem</strong></span> <span class='ocrx_word' id='word_1_366' title='bbox 476 3251 637 3288; x_wconf 83' lang='lat' dir='ltr'><strong>diffusa.</strong></span> <span class='ocrx_word' id='word_1_367' title='bbox 695 3253 815 3289; x_wconf 81' lang='lat' dir='ltr'><strong>Folia</strong></span> <span class='ocrx_word' id='word_1_368' title='bbox 830 3253 1014 3289; x_wconf 86' lang='lat' dir='ltr'><strong>Hederae</strong></span> <span class='ocrx_word' id='word_1_369' title='bbox 1028 3252 1219 3289; x_wconf 85' lang='lat' dir='ltr'><strong>manibus</strong></span> <span class='ocrx_word' id='word_1_370' title='bbox 1244 3252 1340 3288; x_wconf 87' lang='lat' dir='ltr'><strong>trita</strong></span> <span class='ocrx_word' id='word_1_371' title='bbox 1364 3261 1506 3288; x_wconf 87' lang='lat' dir='ltr'><strong>aroma</strong></span> <span class='ocrx_word' id='word_1_372' title='bbox 1528 3252 1721 3298; x_wconf 78' lang='lat' dir='ltr'><strong>produnt3</strong></span> <span class='ocrx_word' id='word_1_373' title='bbox 1753 3251 1805 3286; x_wconf 89' lang='lat' dir='ltr'><strong>ad</strong></span> <span class='ocrx_word' id='word_1_374' title='bbox 1829 3252 2019 3287; x_wconf 81' lang='lat' dir='ltr'><strong>ambusta</strong></span> 
     </span>
     <span class='ocr_line' id='line_1_52' title="bbox 189 3305 2019 3351; baseline -0.001 -7"><span class='ocrx_word' id='word_1_375' title='bbox 189 3310 230 3344; x_wconf 89' lang='lat' dir='ltr'><strong>et</strong></span> <span class='ocrx_word' id='word_1_376' title='bbox 245 3308 296 3343; x_wconf 86' lang='lat' dir='ltr'><strong>ad</strong></span> <span class='ocrx_word' id='word_1_377' title='bbox 311 3310 454 3344; x_wconf 84' lang='lat' dir='ltr'><strong>ulcera</strong></span> <span class='ocrx_word' id='word_1_378' title='bbox 476 3309 647 3351; x_wconf 78' lang='lat' dir='ltr'><strong>quaevis</strong></span> <span class='ocrx_word' id='word_1_379' title='bbox 671 3310 897 3348; x_wconf 79' lang='lat' dir='ltr'><strong>conducere</strong></span> <span class='ocrx_word' id='word_1_380' title='bbox 919 3312 1039 3346; x_wconf 87' lang='lat' dir='ltr'><strong>vetus</strong></span> <span class='ocrx_word' id='word_1_381' title='bbox 1062 3308 1174 3345; x_wconf 87' lang='lat' dir='ltr'><strong>fama</strong></span> <span class='ocrx_word' id='word_1_382' title='bbox 1195 3313 1271 3345; x_wconf 87' lang='lat' dir='ltr'><strong>est.</strong></span> <span class='ocrx_word' id='word_1_383' title='bbox 1328 3310 1361 3344; x_wconf 88' lang='grc' dir='ltr'>Ε</span> <span class='ocrx_word' id='word_1_384' title='bbox 1386 3309 1512 3345; x_wconf 87' lang='lat' dir='ltr'><strong>ramis</strong></span> <span class='ocrx_word' id='word_1_385' title='bbox 1535 3307 1768 3343; x_wconf 89' lang='lat' dir='ltr'><strong>substantia</strong></span> <span class='ocrx_word' id='word_1_386' title='bbox 1790 3305 2019 3343; x_wconf 85' lang='lat' dir='ltr'><strong>secernitur</strong></span> 
     </span>
     <span class='ocr_line' id='line_1_53' title="bbox 189 3362 2021 3412; baseline -0.001 -12"><span class='ocrx_word' id='word_1_387' title='bbox 189 3363 380 3400; x_wconf 84' lang='lat' dir='ltr'><strong>resinosa</strong></span> <span class='ocrx_word' id='word_1_388' title='bbox 397 3363 573 3410; x_wconf 78' lang='lat' dir='ltr'><strong>(gummi</strong></span> <span class='ocrx_word' id='word_1_389' title='bbox 585 3362 785 3400; x_wconf 86' lang='lat' dir='ltr'><strong>Hederae</strong></span> <span class='ocrx_word' id='word_1_390' title='bbox 801 3364 1054 3412; x_wconf 71' lang='lat' dir='ltr'><strong>arboreae),</strong></span> <span class='ocrx_word' id='word_1_391' title='bbox 1080 3365 1412 3403; x_wconf 86' lang='lat' dir='ltr'><strong>suabaromatica</strong></span> <span class='ocrx_word' id='word_1_392' title='bbox 1428 3369 1466 3401; x_wconf 86' lang='lat' dir='ltr'><strong>et</strong></span> <span class='ocrx_word' id='word_1_393' title='bbox 1489 3373 1650 3410; x_wconf 81' lang='lat' dir='ltr'><strong>amara,</strong></span> <span class='ocrx_word' id='word_1_394' title='bbox 1683 3363 1779 3400; x_wconf 90' lang='lat' dir='ltr'><strong>olim</strong></span> <span class='ocrx_word' id='word_1_395' title='bbox 1803 3363 1910 3399; x_wconf 87' lang='lat' dir='ltr'><strong>inter</strong></span> <span class='ocrx_word' id='word_1_396' title='bbox 1931 3372 2021 3399; x_wconf 89' lang='lat' dir='ltr'><strong>me-</strong></span> 
     </span>
     <span class='ocr_line' id='line_1_54' title="bbox 189 3418 2019 3469; baseline 0.001 -13"><span class='ocrx_word' id='word_1_397' title='bbox 189 3420 350 3458; x_wconf 87' lang='lat' dir='ltr'><strong>dicinas</strong></span> <span class='ocrx_word' id='word_1_398' title='bbox 374 3425 599 3458; x_wconf 81' lang='lat' dir='ltr'><strong>numerata.</strong></span> <span class='ocrx_word' id='word_1_399' title='bbox 658 3422 819 3459; x_wconf 87' lang='lat' dir='ltr'><strong>Baccae</strong></span> <span class='ocrx_word' id='word_1_400' title='bbox 843 3421 1037 3460; x_wconf 88' lang='lat' dir='ltr'><strong>emeticae</strong></span> <span class='ocrx_word' id='word_1_401' title='bbox 1061 3425 1169 3460; x_wconf 89' lang='lat' dir='ltr'><strong>sunt.</strong></span> <span class='ocrx_word' id='word_1_402' title='bbox 1228 3419 1429 3456; x_wconf 84' lang='lat' dir='ltr'><strong>Hederae</strong></span> <span class='ocrx_word' id='word_1_403' title='bbox 1454 3418 1746 3469; x_wconf 70' lang='lat' dir='ltr'><strong>nmbellvferae</strong></span> <span class='ocrx_word' id='word_1_404' title='bbox 1760 3419 1844 3457; x_wconf 76' lang='lat' dir='ltr'><strong>Dc,</strong></span> <span class='ocrx_word' id='word_1_405' title='bbox 1860 3419 2019 3465; x_wconf 82' lang='lat' dir='ltr'><strong>lignum</strong></span> 
     </span>
     <span class='ocr_line' id='line_1_55' title="bbox 188 3475 2018 3526; baseline -0.001 -12"><span class='ocrx_word' id='word_1_406' title='bbox 188 3477 461 3514; x_wconf 83' lang='lat' dir='ltr'><strong>Rorismarini</strong></span> <span class='ocrx_word' id='word_1_407' title='bbox 491 3481 527 3513; x_wconf 89' lang='lat' dir='ltr'><strong>et</strong></span> <span class='ocrx_word' id='word_1_408' title='bbox 557 3478 826 3516; x_wconf 85' lang='lat' dir='ltr'><strong>Lavandulae</strong></span> <span class='ocrx_word' id='word_1_409' title='bbox 856 3478 1125 3525; x_wconf 85' lang='lat' dir='ltr'><strong>fragrantiam</strong></span> <span class='ocrx_word' id='word_1_410' title='bbox 1153 3481 1404 3526; x_wconf 83' lang='lat' dir='ltr'><strong>aemulatur,</strong></span> <span class='ocrx_word' id='word_1_411' title='bbox 1442 3477 1487 3515; x_wconf 93' lang='lat' dir='ltr'><strong>in</strong></span> <span class='ocrx_word' id='word_1_412' title='bbox 1518 3476 1670 3514; x_wconf 89' lang='lat' dir='ltr'><strong>insulis</strong></span> <span class='ocrx_word' id='word_1_413' title='bbox 1700 3476 1903 3513; x_wconf 89' lang='lat' dir='ltr'><strong>Moluccis</strong></span> <span class='ocrx_word' id='word_1_414' title='bbox 1935 3475 2018 3512; x_wconf 85' lang='lat' dir='ltr'><strong>fre-</strong></span> 
     </span>
     <span class='ocr_line' id='line_1_56' title="bbox 189 3533 2019 3584; baseline 0.001 -16"><span class='ocrx_word' id='word_1_415' title='bbox 189 3533 381 3576; x_wconf 73' lang='lat' dir='ltr'><strong>(mentius</strong></span> <span class='ocrx_word' id='word_1_416' title='bbox 410 3534 516 3572; x_wconf 84' lang='lat' dir='ltr'><strong>inter</strong></span> <span class='ocrx_word' id='word_1_417' title='bbox 544 3533 776 3573; x_wconf 79' lang='lat' dir='ltr'><strong>suffimenta</strong></span> <span class='ocrx_word' id='word_1_418' title='bbox 805 3543 919 3573; x_wconf 88' lang='lat' dir='ltr'><strong>usus.</strong></span> <span class='ocrx_word' id='word_1_419' title='bbox 978 3535 1136 3573; x_wconf 86' lang='lat' dir='ltr'><strong>Resina</strong></span> <span class='ocrx_word' id='word_1_420' title='bbox 1165 3547 1188 3573; x_wconf 86' lang='lat' dir='ltr'><strong>e</strong></span> <span class='ocrx_word' id='word_1_421' title='bbox 1211 3538 1330 3574; x_wconf 84' lang='lat' dir='ltr'><strong>caule</strong></span> <span class='ocrx_word' id='word_1_422' title='bbox 1354 3533 1476 3574; x_wconf 84' lang='lat' dir='ltr'><strong>efflua</strong></span> <span class='ocrx_word' id='word_1_423' title='bbox 1498 3533 1732 3584; x_wconf 85' lang='lat' dir='ltr'><strong>nigricans,</strong></span> <span class='ocrx_word' id='word_1_424' title='bbox 1762 3533 1883 3572; x_wconf 86' lang='lat' dir='ltr'><strong>odore</strong></span> <span class='ocrx_word' id='word_1_425' title='bbox 1907 3541 2019 3570; x_wconf 83' lang='lat' dir='ltr'><strong>cam-</strong></span> 
     </span>
    </p>
   </div>
  </div>
 </body>
</html>
