2147 3756
1064 119 1171 167 104

1225 195 1285 202 0-—n

348 287 379 319 ''⁴“
392 285 758 333 Anomalae·
817 286 1165 336 Caulescente33
1196 284 1354 326 radice
1372 284 1543 325 fibi-osa
1561 297 1600 324 v·
1618 283 1835 336 humosa,
1866 284 2019 324 rarius

207 347 499 402 scapigerae3
529 343 788 388 rhizoniate
806 341 1354 385 tuberoso-fasciculato.

978 448 1258 483 Genaua

296 534 415 571 1291.
447 533 582 572 clivia
598 530 736 568 Lv'ndl.
1232 529 1352 565 1294.
1384 527 1658 571 Campynema
1673 525 1827 562 [ΛΜΗ.

530 579 822 625 Inratophyllum
839 576 958 612 Hook.
1469 576 1763 620 Campylonema
1779 575 1882 610 Hir.

533 621 882 666 Himantophyllum
902 620 993 665 SPY-
1231 629 1355 664 1295.
1386 627 1677 663 Alstroemeria
1693 625 1817 663 [Δίκη.

294 677 417 711 1292.
448 676 608 710 Βϊὲὶνοίὶ
623 671 745 708 Llav.
763 676 802 707 et
818 669 923 707 Lex.
1293 688 1330 709 (ι.
1357 675 1539 708 Bonum-ea
1556 674 1672 708 Mirb.

532 722 789 764 Caetocapnia
805 720 871 754 Lk.
892 724 931 754 et
950 719 1051 754 Otto.
1292 719 1326 752 Ι).
1351 717 1604 751 Alstrtimeria
1621 716 1738 750 Mirb.

294 775 415 810 1293.
443 773 655 809 Ixiolirion
677 769 813 807 Fisch.
1232 770 1352 805 1296.
1383 771 1638 812 Doryanthes
1659 766 1832 803 Correa.

347 851 668 896 Affinitas.
727 854 1035 898 Amaryllideae
1057 862 1082 890 a
1098 853 1296 890 Liliaceis
1319 853 1498 899 germine
1521 852 1650 888 infero
1668 851 1865 888 facillime
1882 849 2027 886 distin-

209 916 413 960 guendae,
452 915 557 950 inter
581 916 760 949 Ensatas
782 912 946 958 Irideis,
978 911 1317 947 Haemodoraceis
1339 915 1377 946 et
1401 909 1655 953 Hypoxideis
1680 909 1862 952 proxime
1885 908 2028 944 aflines

208 976 317 1009 sunt.
375 971 663 1014 Distinguntur
687 973 736 1005 ab
759 969 903 1004 Irideis
928 968 1146 1004 staminum
1168 977 1332 1002 numero
1358 972 1396 1002 et
1419 969 1680 1001 antherarum
1704 965 1943 1009 directione,
1977 966 2027 998 ab

207 1027 464 1071 Hypoxideis
496 1027 694 1062 seminum
732 1027 816 1061 hilo
848 1025 1157 1070 estrophiolato,
1204 1027 1253 1059 ab
1278 1023 1618 1059 Haemodoraceis
1648 1022 1849 1066 perigonii
1879 1021 2029 1066 indole,

209 1084 433 1120 albuminis
465 1082 758 1127 consistentia,
789 1081 1020 1124 embryonis
1053 1081 1270 1116 directione
1294 1084 1333 1115 et
1353 1079 1496 1115 habitu
1521 1079 1722 1115 diversae.
1782 1077 1944 1113 Ordinis
1969 1076 2030 1112 di-

207 1141 314 1177 visio
339 1151 360 1176 e
384 1140 604 1176 staminum
627 1139 831 1175 sterilium
853 1138 1089 1181 praesentia
1111 1147 1150 1173 v.
1175 1136 1363 1172 absentia
1388 1135 1491 1172 satis
1516 1134 1718 1170 naturalis
1741 1134 1921 1179 videtur,
1960 1141 2032 1175 ge-

209 1206 310 1233 nera
326 1196 596 1233 desciscentia
612 1195 832 1231 sectionem
848 1195 1102 1231 artificialem
1118 1194 1344 1239 efformant,
1375 1192 1471 1227 olim
1487 1191 1529 1226 in
1547 1193 1684 1234 plures
1703 1190 1981 1225 dirimendam.

354 1258 780 1316 Geographia·
839 1264 1147 1307 Amaryllideae
1177 1264 1220 1300 in
1249 1262 1481 1307 regionibus
1505 1260 1658 1303 tropico
1681 1260 1832 1296 circulo
1856 1259 2032 1296 inclusis

210 1324 541 1368 copiosissimae,
590 1322 812 1358 universim
848 1322 891 1356 in
927 1321 1213 1364 hemisphaera
1241 1320 1430 1354 orientali
1461 1317 1711 1361 (specierum
1743 1317 1919 1352 omnium
1952 1316 2034 1352 fere

211 1383 316 1417 duae
340 1380 506 1424 tertiae)
532 1379 785 1422 frequentius
815 1378 1012 1413 habitant.
1071 1373 1363 1422 Amarylleae,
1402 1374 1609 1417 perigonio
1640 1374 1821 1416 simplici
1846 1375 2032 1417 donatae,

210 1438 252 1473 in
275 1440 441 1479 Europa
470 1435 605 1472 media
635 1440 674 1471 et
703 1434 878 1470 australi
914 1433 1169 1479 rarissimae,
1209 1433 1407 1468 candidae
1444 1431 1555 1466 veris
1592 1431 1778 1475 nuntiae,
1817 1430 1860 1465 in
1890 1429 2034 1466 Africa

210 1493 385 1531 australi
414 1492 688 1534 extratropica
713 1494 752 1526 et
774 1490 817 1525 in
840 1489 1033 1525 America
1055 1492 1168 1524 trans
1199 1492 1456 1531 aequatorem
1479 1479 1568 1529 pari
1593 1486 1676 1521 fere
1700 1486 1818 1528 copia
1841 1484 2034 1529 (utroque

211 1553 301 1586 loco
333 1550 418 1585 fere
449 1557 532 1584 una
563 1548 681 1583 tertia
711 1546 938 1590 specierum
969 1545 1089 1589 pars]
1119 1546 1353 1590 luxuriant,
1394 1543 1435 1578 in
1464 1545 1579 1578 Nova
1608 1543 1849 1589 Hollandia,
1887 1543 2035 1578 Africa

212 1607 370 1650 tropica
399 1609 435 1641 et
460 1605 650 1641 America
680 1603 837 1640 boreali
868 1611 988 1645 parce
1013 1606 1244 1637 nascentes.
1304 1597 1582 1643 Narcisseae,
1614 1599 1821 1643 perigonio
1846 1603 2035 1635 coronato

215 1664 410 1709 donatae,
442 1662 484 1696 in
507 1663 671 1704 Europa
694 1660 828 1695 media
851 1662 889 1694 et
912 1659 954 1694 in
978 1659 1140 1703 regione
1163 1658 1460 1693 mediterranea
1481 1665 1628 1699 magno
1652 1665 1816 1691 numero
1849 1659 2035 1691 crescunt

213 1719 466 1763 (specierum
490 1720 647 1753 duabus
673 1717 834 1752 circiter
855 1715 986 1751 tertiis
1009 1713 1308 1761 nostratibus),
1339 1714 1382 1749 in
1398 1713 1591 1749 America
1617 1715 1785 1754 utraque
1808 1712 1943 1748 minus
1968 1722 2034 1747 co-

213 1776 374 1821 piosae,
407 1775 448 1810 in
465 1775 583 1810 India
599 1773 786 1809 orientali
805 1775 839 1807 et
856 1772 1072 1808 Australia
1087 1771 1354 1815 parcissimae
1377 1769 1652 1816 reperiuntur,
1685 1778 1737 1803 ex
1752 1768 1898 1804 Africa
1922 1772 2033 1804 trans

214 1841 405 1868 cancrum
423 1834 544 1874 plane
561 1833 715 1865 exules.
776 1832 934 1864 Genera
959 1828 1134 1870 plurima
1157 1827 1385 1871 ende-mica,
1419 1834 1640 1868 europaea,
1674 1824 1891 1870 caperrsia,
1924 1834 2034 1861 ame-

215 1889 380 1936 ricana,
413 1887 712 1934 australasica,
746 1885 858 1921 Crini
874 1888 912 1920 et
928 1884 1137 1920 Pancratii
1153 1884 1313 1927 species
1330 1882 1534 1918 latissime
1551 1892 1621 1924 per
1636 1881 1774 1917 littora
1789 1884 1995 1926 vulgatae.

355 1952 717 2005 &ualitates
747 1960 786 1992 et
814 1962 989 2005 usus}-v
1040 1955 1245 1998 Qualitate
1269 1963 1360 1989 cum
1382 1952 1580 1988 Liliaceis
1603 1951 1788 1988 bulbosis
1805 1952 2035 1994 Amarylli-

214 2019 315 2054 deae
330 2016 511 2060 proxime
529 2014 795 2060 conveniunt,
826 2013 868 2047 in
885 2023 929 2048 eo
947 2012 1135 2047 diversae
1159 2012 1263 2053 quod
1285 2010 1399 2045 bulbi
1423 2009 1465 2044 in
1488 2011 1606 2054 larga
1628 2008 1894 2053 mucilaginis
1918 2007 2038 2051 copia

213 2075 351 2112 minus
381 2072 606 2116 acredinis,
639 2072 710 2106 sed
740 2071 930 2112 majorem
962 2068 1220 2104 substantiae
1243 2065 1662 2111 gummi-resinosae,
1695 2074 1880 2108 amarae,
1912 2068 2035 2100 velie-

214 2129 466 2168 mentissime
484 2129 676 2163 emeticae
699 2128 876 2162 nondum
900 2135 925 2161 a
949 2124 1140 2160 chemicis
1166 2126 1402 2166 exploratae
1426 2123 1693 2165 quantitatem
1718 2123 1940 2157 admixtam
1962 2124 2037 2157 ha-

214 2190 358 2233 beant,
389 2186 506 2221 ssores
530 2184 842 2220 Narcissearum
865 2182 948 2219 sint
970 2180 1599 2224 mucilaginoso-amaricantes,
1632 2180 1883 2221 (litarundam
1907 2181 2035 2213 mate-

215 2244 314 2280 riem
337 2242 712 2278 narcotico-acrem
729 2239 974 2275 contineant.
1033 2238 1240 2272 Plurimus
1257 2240 1315 2272 est
1331 2235 1706 2278 Amaryllidearum
1723 2236 1765 2270 in
1782 2234 2036 2270 maturandis

216 2298 437 2336 tumoribus
468 2297 677 2341 languidis
707 2298 813 2339 apud
844 2295 1080 2331 dissitarum
1111 2293 1292 2338 gentium
1322 2296 1491 2337 agyrtas
1523 2301 1645 2339 usus,
1678 2291 1790 2327 bulbi
1821 2291 1955 2327 rarius
1986 2291 2037 2326 ad

216 2357 400 2392 ciendam
417 2354 583 2390 emesim
600 2362 624 2388 a
641 2353 811 2388 medicis
828 2352 870 2386 in
889 2361 1006 2387 usum
1023 2354 1240 2395 vocantur,
1271 2350 1377 2384 inter
1399 2349 1655 2384 efferatarum
1677 2348 1888 2383 nationum
1912 2357 2038 2382 vene-

215 2414 308 2450 ficia
325 2414 518 2447 celebres.
578 2411 720 2445 Flores
737 2409 901 2444 vecordi
914 2407 1207 2442 Adonistarum
1232 2405 1505 2441 aemulatione
1530 2404 1698 2450 famosi,
1730 2414 1810 2439 non
1832 2403 1971 2447 magni
1994 2403 2037 2438 in

216 2468 420 2505 medicina
450 2467 640 2503 nominis.
713 2462 892 2509 Leuc-„ji
919 2463 1041 2498 verm·
1061 2465 1106 2498 L.
1133 2472 1224 2497 cum
1247 2464 1447 2497 Galantho
1470 2460 1603 2496 nivali
1626 2464 1817 2504 vergente
1839 2460 1970 2496 hieme
1993 2459 2036 2495 in

216 2525 346 2569 pratis
377 2524 527 2559 nostris
556 2522 785 2568 nascentis,
819 2524 964 2557 bulbus
996 2520 1210 2564 emeticus,
1244 2519 1421 2554 radicem
1444 2517 1613 2559 Leucoji
1644 2518 1804 2552 bulbosi
1827 2527 1865 2553 v.
1893 2516 1979 2552 albi
2003 2525 2037 2552 s.

216 2579 614 2622 Narcisso-Leucoji
645 2579 898 2614 officinarum
927 2580 1110 2611 veterum
1140 2574 1272 2622 sistit,
1321 2572 1594 2619 Sternbergm
1617 2572 1736 2607 lutea
1767 2575 1861 2609 Ker.
1886 2572 1929 2608 in
1949 2574 2036 2608 Eu-

216 2647 316 2681 ropa
346 2637 520 2672 australi
552 2639 590 2671 et
619 2636 772 2671 Orienti
803 2643 1013 2679 crescens,
1061 2632 1276 2679 „radicem
1306 2626 1672 2667 Lilio-Narcissi“
1702 2631 1895 2676 largitur,
1918 2629 2039 2665 ‘olim

217 2697 323 2731 inter
353 2697 549 2729 tumorum
579 2692 753 2728 fomenta
782 2691 1018 2726 adhibitum.
1084 2688 1241 2723 Similis
1271 2687 1568 2733 Amaryllidis,
1615 2686 1726 2722 Crini
1758 2690 1797 2722 et
1824 2685 2038 2722 Pancratii

216 2751 442 2795 specierum
471 2749 737 2792 complurium
767 2748 809 2783 in
839 2747 945 2783 Asia
974 2749 1012 2781 et
1040 2745 1231 2781 America
1260 2754 1376 2780 usus.
1434 2741 1668 2777 Pam-ram·
1688 2742 1897 2776 maritimi
1915 2744 1962 2777 L.
1995 2742 2038 2777 in

215 2808 420 2844 littoribus
437 2805 744 2841 mediterraneis
760 2804 871 2840 obvii
890 2805 1036 2839 bulbus
1053 2800 1435 2844 [RadixPancratii
1450 2799 1780 2842 monspessulani
1796 2809 1834 2834 v.
1846 2800 2038 2834 Hemero-

220 2864 382 2899 callidis
407 2862 641 2903 valentinae
665 2871 698 2898 s.
724 2861 878 2896 Scillae
903 2859 1117 2904 minoris),
1150 2860 1331 2893 veterum
1355 2857 1597 2898 quibusdam
1615 2852 1803 2901 Squillae
1826 2857 1913 2890 loco
1937 2857 2037 2900 erat,

220 2924 267 2956 ob
292 2921 374 2955 vim
397 2919 675 2955 vehementius
700 2917 911 2952 emeticam
934 2915 1129 2950 cautioris
1153 2923 1267 2949 usus.
1325 2914 1390 2948 Ex
1413 2908 1675 2957 Amaryllide
1699 2908 1967 2944 Relladonna
1991 2912 2035 2946 L.

220 2977 407 3012 Caribaei
430 2983 597 3010 succum
628 2978 771 3016 parant
802 2971 1063 3007 mortiferum.
1124 2966 1396 3003 Haemancho
1429 2966 1646 3002 toz-icario
1677 2967 1761 3003 Ait.
1793 2969 1873 3003 tela
1903 2967 2040 3009 inqui-

219 3037 317 3069 nant
334 3031 501 3067 Africae
518 3031 713 3065 australis
730 3030 1012 3073 autochtones,
1045 3026 1323 3062 animantibus
1339 3024 1497 3060 cunctis
1512 3023 1757 3067 perniciosa.
1805 3020 1926 3058 Crini
1938 3032 2037 3070 zey-

221 3087 410 3124 Iam’cz‘L.
429 3089 577 3123 bulbus
592 3083 939 3121 venenatissimus
958 3083 1146 3118 credItur.

366 3142 662 3177 Nccrce’ssornm
686 3141 925 3177 nostratium
948 3138 1061 3176 bulbi
1084 3138 1243 3182 (Radix
1264 3136 1647 3174 Pseudo-Narcissi
1679 3146 1712 3173 s.
1734 3135 1921 3172 Narcissi
1950 3144 2040 3171 ma-

216 3202 319 3245 Joris
337 3211 373 3237 v.
392 3198 656 3243 Bulbocodii)
673 3198 768 3233 olim
784 3198 887 3233 inter
901 3196 1079 3231 remedia
1094 3195 1266 3230 emetica
1282 3193 1439 3229 usitati.
1492 3192 1637 3229 vFlores
1655 3195 1702 3229 ob
1719 3193 1803 3229 vim
1826 3194 2035 3229 sedantem

221 3259 463 3301 quibusdam
480 3254 765 3302 commendati,
797 3255 884 3289 oleo
900 3252 1041 3297 pingui
1056 3250 1186 3287 infusi
1208 3253 1379 3298 „oleum
1392 3244 1716 3286 Narcissorum“
1731 3249 1974 3293 largiuntur.

364 3310 668 3347 Ali-crumenae
702 3321 851 3357 genus,
897 3307 1369 3353 austro-americanum,
1414 3305 1651 3346 numerosis,
1673 3306 1887 3348 speciebus
1919 3306 2038 3340 deco-

223 3379 331 3416 rum,
364 3379 414 3405 ex
436 3368 810 3411 Amaryllidearum
834 3368 1113 3403 anomalarum
1134 3372 1299 3399 numero
1324 3365 1404 3410 est,
1441 3362 1650 3398 radicibus
1684 3360 2037 3398 tuberoso—fasci-

224 3426 374 3463 culatis
398 3429 436 3461 et
459 3429 576 3462 caule
602 3425 746 3460 folioso
759 3452 768 3468 ,
800 3424 843 3459 in
866 3423 962 3459 aliis
978 3425 1131 3464 erecto,
1164 3420 1205 3456 in
1224 3420 1319 3455 aliis
1335 3419 1556 3455 scandente
1571 3427 1610 3454 v.
1627 3418 1802 3454 volubili
1818 3427 1843 3452 a
1861 3421 1954 3460 typo
1972 3426 2037 3452 or-

225 3483 330 3519 dinis
354 3484 547 3520 aberrans
571 3481 836 3526 qualitatibus
863 3488 888 3517 a
904 3477 1137 3516 Narcisseis
1161 3476 1352 3528 reliquis,
1384 3476 1468 3513 fere
1487 3478 1527 3512 ut
1543 3476 1769 3513 Sniilaceae
1786 3484 1810 3511 a
1826 3473 2036 3519 muriceis,

1925 3571 1944 3580 κ
