2147 3756
980 124 1100 174 569

130 298 397 342 uniloculari‚
430 297 645 342 gemmulis
663 298 842 347 duabus,
874 307 927 335 ex
941 297 1060 342 apice
1085 296 1278 348 caritatis
1302 297 1594 334 collateraliter
1615 297 1805 342 pendulis
1830 299 1950 347 foeto,

130 359 304 398 capsula
327 355 805 403 echinato-glochidata,
838 358 980 392 abortu
1010 363 1313 400 monosperma,
1344 354 1644 402 indehiscente,
1676 356 1844 392 seminis
1878 366 1952 392 ex-

128 411 376 448 albuminosi
406 412 489 446 hilo
514 414 619 447 nudo
644 412 836 455 foliisque
859 412 1058 447 interdum
1082 411 1333 447 trifoliolatis
1357 419 1382 446 a
1405 411 1576 452 reliquis
1599 413 1762 448 recedit.
1824 410 1950 447 Xan-

105 506 107 508 ,
130 465 391 513 tlmplayllum
415 469 594 511 germine
617 469 821 514 stipitato,
853 469 1122 515 uniloculari,
1155 468 1371 513 gemmulis
1387 467 1428 503 in
1447 469 1777 511 trophospermiis
1795 469 1952 505 dnobus

128 525 398 568 parietalibus
417 525 625 574 pluribus,
657 525 792 561 fructu
808 527 1010 569 drupaceo
1028 535 1329 573 monospermo,
1355 528 1394 560 et
1409 527 1626 568 embryone
1643 526 1952 561 exalbuminoso

128 584 361 618 anomalum
380 585 454 617 est.

270 646 696 703 Geographffa.
772 650 1001 698 Polygala,
1047 656 1305 696 prototypum
1337 652 1492 688 ordinis
1530 661 1679 698 genus,
1700 691 1701 694 Ἴ
1726 651 1955 687 numerosis

128 708 345 752 speciebus
363 720 433 753 per
450 715 643 745 terrarum
664 713 796 745 orbem
815 711 1041 752 dispersum
1060 709 1233 755 habitat,
1266 710 1307 744 in
1326 711 1558 754 regionibus
1577 709 1808 752 temperatis
1826 708 1953 743 hemi-

128 769 328 808 sphaerae
368 767 543 801 borealis
583 771 619 802 et
650 768 691 801 in
724 767 914 803 America
944 767 1099 808 tropica
1129 775 1208 800 non
1242 765 1497 810 infrequens,
1530 767 1664 802 rarius
1693 765 1736 800 in
1759 765 1954 801 America

130 823 302 857 australi
321 823 595 865 extratropica
611 828 646 858 et
664 823 705 858 in
723 824 828 858 Asia
845 822 1039 857 calidiore
1057 822 1218 857 obvium
1231 849 1240 867 ,
1274 823 1493 864 depressas
1510 823 1724 868 planities,
1758 825 1795 857 et
1819 824 1953 857 elatas

128 878 170 914 in
203 880 404 914 montibus
436 879 654 923 stationes,
695 880 838 921 aprica
868 887 989 922 arva,
1029 881 1241 921 sylvarum
1271 882 1481 914 umbrosos
1514 889 1721 926 recessuS,
1759 879 1953 921 paludum

126 936 322 977 uliginem
337 963 346 978 ,
378 935 567 977 pinguem
585 937 763 970 locorum
782 938 981 969 cultorum
999 937 1162 970 humum
1181 939 1215 969 et
1235 936 1417 970 desertas
1435 937 1700 982 solitudines,
1732 936 1810 971 soli
1836 934 1957 970 steri-

126 991 242 1026 litate
260 991 448 1026 infelices
465 1000 685 1033 occupans.
746 992 945 1034 Reliquae
962 1001 1033 1034 per
1050 991 1160 1027 orbis
1177 994 1340 1035 plagam
1359 992 1462 1028 inter
1485 994 1679 1036 tropicam
1704 996 1743 1028 et
1766 991 1955 1036 regiones

126 1050 239 1082 trans
257 1048 541 1090 capricornum
557 1048 775 1082 calidiores
793 1048 952 1083 divisae
971 1052 1085 1092 sunt,
1117 1047 1176 1083 ita
1202 1053 1241 1083 ut
1267 1049 1467 1091 plurimae
1490 1049 1532 1084 in
1551 1050 1733 1086 Brasilia
1756 1053 1794 1085 et
1813 1048 1956 1091 Capite

126 1106 258 1139 bonae
289 1104 399 1151 spei,
433 1104 648 1147 pauciores
680 1106 722 1139 in
752 1107 864 1139 Nova
896 1105 1120 1140 Hollandia
1150 1105 1442 1150 extratropica,
1475 1107 1751 1149 paucissimae
1782 1105 1825 1141 in
1848 1105 1956 1142 Asia

126 1165 363 1196 nascantur.
425 1158 699 1194 Salmmmiae
723 1163 903 1204 pusillae
926 1162 968 1197 in
985 1161 1089 1197 Asia
1108 1165 1142 1196 et
1161 1163 1276 1197 Nova
1293 1163 1514 1198 Hollandia
1537 1167 1796 1207 generantur.
1854 1159 1954 1197 sssu-

125 1215 289 1251 rainae
312 1218 442 1260 Caput
468 1220 598 1253 bonae
620 1218 707 1260 spei
739 1219 933 1255 incolunt.
993 1215 1214 1263 Mauricae,
1247 1219 1409 1263 generis
1439 1219 1650 1264 capensiS,
1681 1229 1765 1255 una
1796 1218 1956 1263 species

125 1273 169 1310 in
195 1274 375 1310 Brasilia
405 1275 523 1310 vivit.
585 1271 869 1308 Secaridacae
901 1278 937 1310 et
957 1265 1180 1309 ‘Radlerae
1209 1285 1317 1311 mere
1347 1276 1605 1311 americanae
1637 1276 1816 1318 tropicae
1846 1278 1955 1312 sunt.

126 1329 357 1366 Mouninae
381 1334 629 1374 campestres
654 1332 776 1367 etiam
800 1332 1033 1368 Americam
1057 1335 1282 1368 australem
1312 1333 1626 1375 extratropicam
1657 1332 1955 1376 ingrediuntur.

132 1385 485 1433 Comespermatrs
510 1389 710 1431 plurimae
735 1388 896 1431 species
927 1389 968 1424 in
992 1392 1107 1425 Nova
1128 1390 1351 1425 Hollandia
1379 1389 1655 1432 extratropica
1686 1390 1955 1435 reperiuntur,

126 1454 286 1489 paucae
311 1445 449 1480 habitu
475 1448 712 1492 abnormes,
744 1446 818 1481 vix
842 1451 976 1482 tamen
997 1447 1259 1491 avellendae,
1291 1446 1333 1481 in
1351 1447 1532 1482 Brasilia
1549 1446 1780 1489 sylvicolae
1798 1446 1955 1482 vivunt.

126 1499 388 1535 Krameriae
407 1502 449 1536 in
465 1502 682 1538 Americae
700 1503 876 1548 campis,
910 1512 933 1539 a
952 1505 1118 1539 Florida
1135 1505 1185 1539 ad
1203 1503 1415 1539 Chilenum
1439 1503 1610 1550 limites,
1642 1503 1791 1540 nullibi
1812 1512 1956 1540 nume-

126 1568 244 1597 rosae
261 1563 500 1595 nascuntur.
562 1555 930 1606 Xanthopleyllam
947 1561 1245 1597 calidissimam
1261 1561 1392 1597 Asiae
1409 1563 1573 1604 plagam
1591 1561 1745 1596 incolit.

270 1623 631 1675 Qualitates
664 1634 703 1666 et
732 1637 901 1670 usus.
960 1633 1210 1676 Potygaleae
1236 1632 1493 1667 substantiae
1517 1641 1681 1667 amarae
1703 1631 1787 1667 vim
1811 1632 1958 1667 debent

125 1687 272 1724 leniter
288 1690 560 1734 roborantem,
592 1689 658 1723 cui
682 1689 723 1723 in
747 1690 936 1732 plurimis
959 1690 1150 1725 materies
1173 1689 1403 1724 extr-activa
1426 1689 1536 1724 acris
1562 1689 1783 1731 peculiaris
1804 1685 1957 1733 (Poly-

122 1742 274 1791 gale‘na
297 1754 332 1779 s.
360 1742 587 1791 Senegz’nrz)
615 1745 803 1781 virtutem
827 1747 957 1792 addit,
990 1746 1032 1781 in
1056 1745 1357 1781 adfectionibus
1379 1754 1620 1789 organorum
1652 1745 1956 1791 respirantium,

128 1801 380 1837 debilitatem
410 1811 549 1837 veram
573 1802 877 1838 involventibus
902 1806 1149 1849 salutarem,
1180 1805 1248 1838 vel
1271 1802 1339 1838 ubi
1363 1802 1508 1844 majori
1531 1802 1649 1845 copia
1672 1802 1855 1839 admixta
1879 1804 1955 1849 est,

125 1859 350 1894 emeticam.
395 1856 629 1904 Polysgalae
647 1856 808 1907 Senega
823 1860 965 1908 Linn.,
989 1860 1032 1895 in
1049 1859 1242 1896 America
1257 1860 1411 1895 boreali
1429 1859 1660 1906 indigenae,
1682 1860 1836 1903 primas
1852 1858 1958 1894 inter

124 1916 374 1959 Polygateas
400 1916 667 1951 medicinales
689 1921 824 1959 partes
850 1917 1043 1953 tribuunt.
1101 1914 1437 1959 Rauir‘ffladeae·
1455 1912 1639 1962 Senegae
1663 1927 1697 1953 s.
1722 1913 1956 1962 Polygalae

125 1971 380 2017 virginieae)
413 1973 675 2017 pinguedinis
705 1974 897 2010 rancidae
926 1975 1045 2010 odore
1075 1974 1280 2020 praedita,
1313 1973 1473 2016 saporis
1505 1973 1622 2008 initio
1653 1973 1831 2019 mucosi,
1864 1973 1957 2008 dul-

126 2029 325 2075 ciuscnli,
372 2030 517 2065 deinde
555 2030 684 2076 acidi,
731 2031 932 2067 siccitatis
969 2040 1139 2067 sensum
1169 2030 1458 2076 relinquentis,
1506 2039 1531 2066 a
1561 2030 1694 2065 rubris
1725 2029 1956 2065 hominibus

126 2087 327 2122 adversus
352 2086 503 2121 Crotali
527 2096 702 2122 morsum
726 2088 927 2133 adhibita,
960 2091 1007 2123 ob
1039 2088 1245 2133 effectum,
1279 2096 1395 2129 quem
1419 2086 1462 2122 in
1484 2089 1743 2123 membranas
1767 2094 1956 2122 mucosas

125 2152 369 2188 organorum
388 2143 675 2185 respirantium
693 2144 865 2189 exserit,
893 2149 929 2180 et
947 2147 994 2180 ob
1016 2144 1111 2189 vim,
1137 2152 1218 2186 qua
1234 2144 1442 2187 energiam
1460 2144 1698 2187 systematis
1716 2142 1957 2185 lymphatici

124 2200 319 2244 intendit,
353 2201 459 2242 apud
477 2200 654 2235 medicos
678 2200 721 2235 in
746 2201 970 2236 tractandis
994 2203 1230 2243 pulmonum
1253 2200 1403 2236 morbis
1429 2210 1508 2236 non
1528 2199 1654 2236 infimi
1677 2200 1854 2236 nominis
1878 2203 1954 2236 est.

123 2254 336 2303 Polygalcz
354 2255 588 2302 sanguinea
603 2257 724 2293 Linn.
746 2261 784 2292 et
800 2255 1011 2304 Polygala
1022 2266 1243 2302 purpurea
1259 2259 1367 2293 Nutt.
1393 2259 1577 2300 Senegae
1600 2257 1791 2292 virtutem
1816 2265 1956 2293 aemu-

123 2315 275 2351 lantur.
309 2311 540 2359 Polysgalae
551 2312 977 2361 pa72z'c·ulataeLin11.,
997 2315 1223 2350 inAntillis
1240 2315 1475 2360 crescentis,
1494 2313 1722 2349 consimilis
1740 2316 1811 2350 sed
1827 2314 1958 2348 minor

126 2371 324 2407 efficacia.
372 2368 580 2417 Polygala
599 2369 879 2416 serpentaria
894 2373 1012 2407 Eckl.
1031 2375 1068 2406 et
1083 2373 1211 2413 Zeyh.
1224 2374 1280 2407 'ab
1298 2371 1468 2406 Africae
1485 2371 1683 2406 australis
1701 2371 1959 2406 autochtoni-

126 2430 204 2465 bus
242 2429 443 2464 adversus
483 2432 715 2470 serpentum
752 2432 1045 2464 venenatorum
1081 2437 1239 2462 morsus
1279 2428 1507 2464 adhibetur.
1581 2429 1690 2463 Idem
1723 2425 1958 2474 Polygalcte

127 2482 452 2519 crotalarioidis
469 2486 674 2529 Buchan.,
700 2485 743 2520 in
761 2486 982 2527 Himalaya
998 2484 1243 2530 crescentis,
1276 2485 1384 2526 apud
1401 2486 1521 2520 Indos
1538 2494 1641 2520 usus
1659 2485 1824 2520 obtinet.
1870 2481 1954 2517 Po-

127 2539 297 2589 lygalae
322 2541 548 2586 scopariae
566 2542 715 2576 Kunth.
736 2546 773 2576 et
789 2538 1028 2587 Polygalae
1047 2538 1327 2588 glandulosae
1343 2541 1517 2588 Kunth.‚
1549 2542 1856 2576 mexicanarum
1879 2549 1954 2576 nec

127 2610 207 2637 non
226 2596 460 2644 Polysgalae
476 2595 629 2643 Poapscz
653 2601 793 2643 Mart.,
826 2598 1088 2634 brasiliensis
1113 2598 1273 2633 radices
1291 2598 1507 2643 emeticae,
1538 2600 1850 2640 Ipecacuanhae
1865 2600 1956 2633 loco

126 2657 328 2700 imprimis
345 2655 387 2690 in
404 2654 554 2690 m-orbis
574 2654 734 2690 biliosis
750 2655 969 2690 admissae.
1030 2655 1294 2690 Exoticarum
1312 2654 1444 2690 virtus
1461 2655 1704 2690 nostratium
1727 2654 1955 2697 specierum

126 2723 246 2752 usum
271 2712 417 2748 docuit.
477 2708 710 2757 Palysgalae
735 2710 925 2758 vulgaris
949 2712 1070 2747 Linn.
1095 2711 1232 2747 ubivis
1255 2711 1424 2758 obviae,
1457 2718 1496 2747 et
1520 2708 1752 2757 Palygalae
1775 2709 1956 2755 majoris

127 2774 241 2814 Jacq.
270 2769 522 2813 (Polygalae
539 2768 787 2812 hungaricae
811 2769 927 2813 Offi),
959 2769 1003 2804 in
1019 2771 1184 2812 Europa
1209 2768 1399 2804 orientali
1422 2768 1686 2815 monticolae,
1720 2768 1839 2803 radix
1863 2776 1955 2803 cum

127 2830 270 2871 aliqua
292 2826 483 2863 acredine
504 2825 1044 2862 aromatico-amariuscula
1067 2826 1110 2860 in
1140 2824 1316 2860 officinis
1348 2828 1429 2871 est,
1461 2826 1504 2860 in
1537 2824 1688 2860 morbis
1720 2827 1957 2867 pulmonum

126 2887 257 2922 utilis.
330 2879 566 2929 Polygulae
596 2891 776 2916 amarae
807 2883 949 2929 Linn.,
996 2891 1100 2926 quae
1132 2883 1242 2925 apud
1273 2892 1347 2918 nos
1376 2892 1456 2918 non
1487 2882 1722 2924 infrequens
1753 2881 1953 2924 nascitur,

127 2944 321 2985 maj0rem
348 2941 531 2976 tribuunt
561 2939 805 2986 efficaciam3
837 2942 961 2982 hujus
993 2941 1118 2976 herba
1148 2939 1309 2974 intense
1340 2948 1482 2975 amara
1511 2939 1755 2974 medicorum
1786 2938 1881 2973 usui
1912 2938 1955 2974 in

127 2997 472 3045 pharmacopoliis
505 3001 664 3039 praesto
699 3001 772 3033 est.
831 2994 1068 3042 Polygalae
1087 2993 1389 3035 Clcamaebna’o
1414 2997 1533 3032 Linn.
1566 2997 1737 3032 eandem
1767 3004 1858 3031 cum
1880 2996 1957 3030 Se-

128 3065 235 3100 nega
252 3060 436 3090 naturam
454 3055 624 3090 chemici
641 3055 870 3099 perhibent,
901 3054 966 3089 vis
985 3063 1010 3089 a
1025 3053 1195 3089 medicis
1211 3056 1424 3096 explorata
1441 3055 1615 3089 nondum
1633 3055 1707 3088 est.

262 3106 500 3157 P11(2sgalae
520 3108 734 3145 thesv’m'cle's
754 3111 896 3146 xviim.
915 3109 1169 3154 (Clinchin),
1192 3111 1234 3147 in
1252 3111 1357 3146 Chili
1375 3110 1614 3154 crescentis,
1639 3109 1816 3145 radicem
1832 3111 1956 3146 vehe-

126 3171 280 3207 menter
297 3168 535 3204 diureticam
553 3168 802 3211 praedicant.
862 3165 1113 3214 Polygalam
1140 3176 1388 3203 venenosam
1414 3169 1524 3202 Juss.
1549 3165 1881 3212 (Rata-tutan),
1912 3167 1956 3202 in

129 3228 272 3264 insula
287 3226 393 3260 Java
411 3224 666 3276 indigenam,
698 3225 861 3264 incolae
884 3225 1067 3269 fugiunt,
1100 3224 1250 3267 quippe
1271 3233 1374 3266 quae
1398 3225 1518 3260 odore
1540 3224 1696 3268 viroso,
1729 3225 1794 3259 vel
1810 3223 1956 3259 leviter

130 3288 241 3320 tacta
257 3285 530 3318 vehementem
547 3282 902 3327 sternutationem,
935 3281 1083 3325 capitis
1101 3282 1260 3316 dolores
1277 3281 1443 3322 aliaque
1459 3281 1712 3316 incommoda
1735 3289 1955 3323 provocare

130 3339 319 3376 creditur.
378 3335 613 3384 Polygalae
639 3337 1035 3387 tz'nctor2·ae'va111.,
1066 3340 1217 3374 herbae
1242 3337 1455 3386 arabicae,
1489 3338 1607 3373 radix
1630 3339 1802 3373 colorem
1818 3336 1954 3374 indico

135 3396 309 3436 similem
327 3397 504 3438 praebet.

275 3449 468 3487 Badiam
483 3449 752 3500 dt‘versv'folz'ce
767 3451 865 3498 DC„
890 3454 1114 3488 arbuscula
1129 3451 1347 3497 antillana,
1372 3451 1598 3494 Guajacum
1615 3451 1732 3486 odore
1748 3453 1786 3486 et
1801 3451 1954 3487 virtute

131 3513 373 3550 aemulatur.
432 3506 662 3544 Monamae
679 3506 993 3556 polystachyae
1013 3509 1120 3546 Ruiz
1143 3509 1299 3545 etPaV.
1330 3511 1459 3546 multa
1489 3508 1596 3552 apud
1619 3509 1831 3547 Pei-uanos
1860 3510 1954 3544 laus
