2147 3756
968 119 1088 170 594

1124 196 1214 203 ..⁴⁴-

118 299 299 340 phorato.
332 290 505 329 Hedera
524 290 838 330 terebinthacea
854 293 992 340 vahl„
1015 293 1123 335 apud
1141 291 1416 335 Ceylonenses
1432 290 1637 340 indigena,
1663 290 1936 328 substantiam

113 353 253 408 fundit
271 352 586 388 Terebinthinae
602 353 721 387 odore
737 359 915 395 gravem.

261 421 418 457 Panax
442 420 657 468 an-seng
685 424 803 456 Nees.
834 420 876 455 in
907 417 1094 465 Tataria,
1128 416 1258 462 China
1287 416 1441 453 boreali
1472 421 1510 452 et
1533 419 1707 462 Nepalia
1738 417 1934 454 nascitur.

119 479 288 516 Radicis
309 477 489 521 (radicis
506 478 700 523 Je’nseteg)
720 478 826 520 apud
842 476 963 511 Sinas
981 479 1019 510 et
1035 477 1210 517 Japones
1227 474 1372 517 ingens
1391 483 1534 510 nomen
1557 479 1639 522 est,
1672 477 1719 510 ob
1747 475 1936 509 virtutem

121 545 239 579 quam
264 537 469 578 perhibent
493 538 756 570 roborantem.
817 529 1002 566 Panaee's
1027 528 1310 580 quinquefolii
1329 528 1470 574 Linn.,
1503 531 1545 566 in
1569 531 1761 566 America
1783 530 1938 566 boreali
1962 549 1969 552 2

121 593 341 629 crescentis
355 621 364 638 ,
397 593 514 627 radix
530 593 578 626 ad
597 591 720 624 Sinas
739 588 914 634 vehitur,
948 588 1240 631 pretiosissimo
1257 585 1473 630 Jin-Seng
1496 589 1765 622 succedanea.
1812 588 1941 628 Sapor

119 649 328 692 pharmaci
345 649 474 683 dulcis
492 651 570 691 est,
597 646 740 680 deinde
757 644 1201 692 amaro-aramaticus,
1227 653 1327 678 usus
1345 644 1727 685 apudAmericanos
1747 639 1936 687 Lv‘qm’ri-

123 706 210 740 tiae
233 708 332 740 loco.
394 701 808 750 I’aumz'freclicosns
827 701 943 737 Linn.
969 704 1003 736 et
1024 699 1182 735 Panem
1199 697 1441 734 cochleatus
1458 700 1560 745 DC.,
1593 699 1761 734 frutices
1784 700 1940 733 moluc-

121 762 236 805 cani,
270 762 374 796 inter
396 760 621 798 medicinas
645 759 889 794 aromaticas
915 760 964 793 ab
992 758 1103 793 Indis
1129 757 1389 800 adhibentur,
1422 756 1487 790 hic
1510 755 1686 791 resinam
1710 754 1940 798 Opoponaci

121 818 295 854 similent
313 819 452 861 sudat,
484 816 598 851 illius
617 818 751 857 partes
769 818 992 850 herbaceae
1010 814 1306 849 Petroselinuln
1333 814 1532 848 redolent„
1587 810 1744 845 Pamm-
1758 805 1940 845 Am'snm.

121 875 202 910 DC.
216 901 225 919 ,
259 873 376 908 tertia
395 872 499 908 inter
515 874 777 907 moluccanas
794 872 974 916 species,
1007 871 1147 906 baccis
1164 870 1339 905 Anisum
1358 869 1608 911 spirantibus
1626 869 1939 904 commendatur.

122 933 231 966 Inter
260 927 734 974 boreali·americanas,
780 930 827 979 ob
861 927 1054 963 aromatis
1086 928 1380 970 praestantlam
1419 925 1586 960 medicis
1623 925 1939 970 commendatas,

120 981 283 1023 Arale‘cc
314 983 551 1019 mcdicaulis
582 983 701 1020 Linn.
733 984 982 1019 nominanda
1012 987 1093 1029 est,
1140 982 1306 1018 remedii
1337 982 1600 1024 diaphoretici
1630 983 1751 1017 laude
1780 980 1940 1016 florens.

120 1043 317 1079 'l'uriones
335 1042 538 1078 radicales
556 1043 849 1077 adulterandae
866 1040 1168 1083 Sarsaparillae
1184 1038 1405 1084 inservire,
1439 1038 1660 1080 perhibent.

259 1107 446 1159 Araliqe
463 1119 707 1146 racemosae
723 1109 863 1158 Linn.‚
896 1110 1014 1146 radix
1030 1112 1446 1146 balsameo-mucosa
1462 1116 1486 1143 a
1503 1108 1672 1155 medicis
1690 1107 1942 1142 transatlan-

122 1169 215 1205 ticis
240 1178 368 1212 aeque
391 1171 600 1215 laudatur,
632 1171 785 1203 baccae
809 1168 897 1203 cibo
923 1170 1030 1203 sunt.
1087 1160 1274 1202 Araliae
1293 1165 1488 1210 spinosae
1506 1163 1622 1199 Linn.
1643 1167 1780 1198 cortex
1797 1172 1942 1205 sapore

121 1227 339 1262 aromatico
358 1225 537 1261 mordaci
556 1227 786 1269 excellens,
819 1224 1039 1259 remedium
1057 1226 1237 1265 potenter
1254 1221 1570 1264 diaphoreticum
1588 1223 1627 1255 et
1643 1219 1942 1262 antisyphiliti-

122 1292 212 1318 cum
230 1283 417 1319 creditur.
476 1277 641 1317 Ait-alia
658 1278 826 1325 lm'spv'da
844 1279 960 1315 Linn.
979 1280 1124 1324 (vulgo
1142 1277 1463 1323 w'ild-ElderJ,
1495 1276 1618 1312 Ebuli
1644 1278 1762 1311 odore
1786 1276 1940 1322 gravis,

122 1348 269 1381 sapore
292 1349 455 1385 amaro,
488 1339 700 1374 admodum
723 1347 926 1373 nauseoso
949 1336 1135 1379 praedita
1157 1338 1230 1370 est.
1287 1328 1450 1368 Aralla
1473 1331 1605 1368 edidis
1630 1333 1737 1368 Sieb.
1763 1336 1798 1367 et
1815 1334 1941 1368 Zucc.

122 1395 278 1442 (Udo),
311 1396 481 1432 Araliae
512 1403 748 1430 racemosae
779 1393 976 1428 affinitate
1008 1392 1211 1436 proxima,
1244 1391 1351 1432 apud
1376 1392 1556 1433 Japones
1581 1390 1747 1433 colitur,
1781 1397 1806 1424 a
1829 1388 1943 1424 Sinis
2006 1407 2010 1424 ;

121 1454 271 1488 adlata.
330 1453 465 1487 Radix
495 1449 917 1497 amaro-aromatica,
946 1451 1222 1485 Scorzonerae
1251 1447 1294 1483 in
1325 1447 1484 1483 modum
1515 1449 1683 1494 parata,
1713 1449 1845 1493 estur,
1879 1449 1943 1481 tu-

125 1508 261 1545 riones
279 1518 368 1546 cum
386 1508 569 1553 opsoniis
585 1511 825 1549 coquuntur.

538 1742 540 1746 y
574 1671 745 1718 (ll-(lo
777 1668 1005 1717 CLXV·
1062 1667 1498 1725 Ampelideae.

265 1775 490 1825 Arbores
518 1772 820 1838 v.fi²ute‘ces‚
860 1771 1134 1835 saepissime
1167 1769 1472 1827 scandentes,
1514 1784 1657 1816 succo
1691 1783 1864 1831 aqueo,
1898 1768 1942 1814 in

126 1845 398 1911 quibusdam
427 1847 645 1910 copioso,
680 1844 814 1892 caule
842 1844 1073 1906 ramisque
1098 1841 1329 1889 teretibus
1354 1857 1396 1887 v.
1424 1840 1679 1903 angulatis,
1712 1837 1770 1885 ad
1796 1836 1945 1885 nodos

125 1916 331 1965 tumidis.
404 1919 546 1966 Folia
577 1917 807 1964 inferiora
838 1914 1074 1978 opposita,
1114 1913 1362 1975 petiolata,
1397 1912 1442 1957 in
1474 1912 1577 1957 aliis
1610 1910 1864 1972 simplicia,
1899 1909 1945 1955 in

61 2013 65 2016 ·
124 1990 228 2036 aliis
274 1989 506 2052 palmatim
553 1988 813 2052 composita
856 2003 918 2042 v„
948 1984 1307 2047 imparipinnata
1353 1991 1432 2029 aut
1482 1982 1634 2028 rarius
1687 1981 1942 2044 bipinnata,

126 2061 375 2124 superiora
411 2060 616 2117 alterna,
665 2057 940 2121 saepissime
979 2054 1255 2118 pedunculis
1295 2055 1340 2099 in
1374 2053 1558 2100 cirrhos
1589 2068 1800 2098 ramosos
1834 2067 1946 2097 con-

125 2131 276 2180 versis
309 2131 538 2194 opposita.
606 2130 828 2192 Stz‘paeclae
860 2127 1116 2189 pe-tiolares
1146 2142 1192 2172 v.
1229 2125 1401 2171 nullae.
1467 2125 1640 2171 Flores
1668 2122 1871 2185 perfecti
1903 2138 1946 2168 v.

128 2201 294 2249 abortu
333 2201 623 2264 imperfecti,
669 2199 940 2261 saepissime
973 2196 1130 2259 parvi,
1178 2196 1495 2251 virescentes,
1544 2194 1817 2256 plerumque
1849 2208 1949 2238 um-

125 2272 312 2330 bellati,
346 2272 558 2328 umbellis
590 2272 636 2317 in
670 2285 906 2325 racemos,
940 2267 1126 2330 thyrsos
1150 2283 1194 2313 v.
1222 2265 1461 2330 paniculas
1486 2263 1741 2327 dispositis.
1793 2264 1948 2324 Calyoe

127 2344 272 2403 liber,
304 2359 500 2406 parvus,
546 2337 1176 2406 quadri-quinquedentatus
1206 2353 1252 2384 v.
1290 2335 1644 2398 integerrimus,
1685 2336 1808 2381 intus
1840 2342 1946 2379 toro

129 2413 388 2461 disciformi
432 2431 476 2461 v.
516 2412 760 2460 urceolato
807 2410 1019 2457 vestitus-
1099 2409 1326 2455 Corollae
1374 2407 1529 2470 petala
1569 2411 1600 2456 4
1637 2423 1680 2454 v.
1720 2403 1780 2463 5,
1829 2403 1949 2450 disci

128 2485 329 2547 margini
362 2493 495 2532 extus
527 2484 703 2530 inserta
736 2490 783 2528 et
815 2481 994 2545 calycis
1028 2478 1244 2526 dentibus
1277 2478 1481 2535 alterna,
1528 2476 1677 2524 libera
1708 2479 1805 2523 sive
1845 2475 1947 2522 basi
2011 2472 2013 2474 ¹

130 2556 324 2612 coalita,
365 2556 674 2605 aestivatione
708 2553 913 2609 valvata,
954 2550 1036 2597 sub
1069 2550 1251 2597 anthesi
1282 2550 1515 2612 patentia,
1558 2546 1605 2595 νζ
1635 2546 1846 2612 apicibus
1879 2546 1949 2592 in-

130 2626 380 2690 duplicatis
427 2626 721 2689 calyptratim
769 2622 1097 2679 cohaerentia,
1157 2620 1257 2667 basi
1303 2620 1470 2667 soluta.
1559 2620 1780 2665 Stamina
1826 2632 1946 2663 nunc

131 2714 233 2744 cum
267 2697 435 2760 petalis
468 2699 643 2743 inserta
657 2694 837 2742 'iisdem
866 2709 1058 2739 numero
1086 2692 1299 2755 aequalia
1326 2700 1373 2737 et
1393 2685 1948 2754 opposita!,filamcnte'3
2000 2741 2002 2743 v

129 2767 374 2825 brevibus,
412 2767 665 2825 distinctis,
706 2766 925 2813 ancheris-
953 2764 1191 2820 introrsis,
1230 2761 1589 2818 bilocularibus,
1631 2756 1948 2820 longitudina-

130 2839 239 2886 liter
273 2838 645 2895 dehiscentibus,
693 2852 814 2883 nunc
846 2834 1029 2882 urceoli
1062 2833 1357 2896 subglobosi,
1399 2831 1608 2878 corollae
1639 2829 1741 2875 basi
1772 2827 1945 2885 adnati,

131 2910 266 2973 apice
313 2905 951 2970 emarginato-quinquelobi
992 2903 1132 2951 dorso
1172 2903 1335 2959 affixa,
1382 2902 1549 2965 petalis
1587 2900 1791 2957 alterna3
1822 2898 1948 2961 flla-

133 2982 304 3028 menlz's
334 2979 594 3026 introssexis
627 2977 846 3023 antheras
878 2984 1116 3021 extrorsas
1146 2973 1458 3029 biloculares,
1494 2971 1667 3018 liberas
1698 2987 1742 3018 v.
1775 2970 1949 3031 margi-

132 3051 267 3097 nibus
299 3051 424 3096 inter
453 3065 503 3096 se
537 3049 848 3095 cohaerentes
880 3046 1003 3092 intra
1035 3044 1273 3090 urceolum
1305 3041 1688 3089 recondentibus.
1746 3043 1946 3088 Germen

132 3122 356 3179 liberum,
409 3120 757 3175 biloculare'v,
808 3115 1223 3164 tri-sextoeutare.
1316 3115 1585 3160 Gemmulae
1629 3114 1674 3159 in
1723 3110 1947 3174 germinis

133 3192 405 3251 bilocularis
444 3191 610 3248 loculis
649 3189 888 3252 geminae,
937 3185 1260 3243 collaterales,
1308 3200 1334 3232 e
1375 3183 1692 3248 dissepimenti
1731 3182 1830 3229 basi
1864 3179 1947 3227 ad-

134 3262 438 3320 scendentes,
493 3262 539 3308 in
586 3260 809 3324 germinis
855 3257 1201 3322 plurilocularis
1247 3256 1414 3302 loculis
1460 3255 1723 3310 solitariae,
1771 3269 1797 3299 e
1843 3251 1945 3298 basi

133 3341 352 3392 erectae,
391 3341 662 3396 anatropae.
737 3331 901 3393 Stylzcs
929 3328 1108 3385 breviS,
1150 3327 1367 3391 simplex,
1399 3329 1593 3389 stigma
1624 3325 1871 3386 capitatum
1903 3338 1944 3367 v.

134 3402 692 3466 peltato-subdilatatum.
779 3404 943 3450 Bacca
987 3397 1509 3459 bi-tri-sexlocularis‚
1572 3395 1738 3442 loculis
1782 3397 1945 3441 niono-

135 3471 400 3538 dispermis.
492 3475 688 3523 Semina
733 3481 918 3531 erecta,
979 3469 1269 3536 epidermide
1317 3467 1697 3524 membranacea,
1759 3465 1944 3525 integu-
