2147 3756
968 131 1085 182 487

116 302 241 351 limbi
282 301 402 350 lobis
442 302 655 366 opposita
696 302 928 366 longiora.
1003 302 1277 351 Fz‘lamenta
1317 300 1844 365 lineari·complanata,
1895 309 1940 350 in

114 373 385 421 staminibus
419 374 628 420 corollae
663 373 782 420 lobis
815 374 1044 438 oppositis
1083 372 1312 419 subnulla.
1386 373 1647 419 Antlecmw
1686 374 1937 431 introrsae,

112 445 428 501 biloculares,
478 444 644 490 loculis
691 444 971 502 linearibus,
1022 444 1247 506 contigue
1293 442 1556 506 paralleliS,
1609 443 1844 491 filamento
1891 447 1939 493 in

114 516 466 572 connectivum,
502 516 711 561 nonnihil
743 533 880 579 supra
912 514 1104 562 cosdem
1139 515 1304 560 obtuse
1335 511 1570 577 producto
1596 512 1802 572 adnatis,
1837 515 1939 561 lon-

113 585 439 649 gitudinaliter
471 585 840 634 dehiscentibus.
922 587 1159 633 Germz‘m's
1190 583 1501 631 rudimentum
1534 584 1769 641 centralc,
1819 585 1940 633 libe-

113 674 236 713 rum,
300 655 633 721 cylindricum,
695 659 741 703 in
789 656 1029 721 cuspidem
1078 655 1338 702 subillatum
1386 654 1623 702 desinens.
1714 656 1940 703 Floribus

104 728 447 791 pz'stllle'gerz's:
505 729 660 789 Calyce
697 728 844 783 liber,
893 727 1133 783 minimus,
1182 725 1624 789 quiniquffllentatus,
1714 727 1939 773 Corollac

111 799 267 863 petala
303 800 529 862 quinque,
562 799 867 860 receptaculo
900 799 1100 853 inserta,
1143 795 1316 852 libera,
1359 797 1579 855 linearia,
1622 797 1938 843 aestivatione

109 870 314 925 valvata,
362 868 444 914 sub
483 868 672 914 anthesi
701 868 888 914 basibus
922 867 1247 923 conniventia,
1297 867 1432 930 apice
1463 868 1687 930 patentia.
1757 868 1940 924 *Stami-

108 956 218 986 mcm
263 937 526 985 rudimenta
570 938 695 984 nulla
738 955 780 986 v.
829 937 889 984 ad
933 937 1080 984 basim
1125 937 1389 1001 petalorum
1436 939 1640 984 minima.
1736 940 1938 985 Germen

107 1009 326 1065 liberum,
367 1008 558 1066 sessile,
608 1008 1149 1072 ovato-subglobosum,
1195 1008 1488 1054 uniloculare
1519 1026 1563 1055 v.
1598 1009 1937 1072 quinquelocu-

107 1080 232 1137 lare,
281 1080 428 1143 septis
461 1079 725 1142 completis.
803 1081 1075 1127 Gemmulac
1114 1081 1160 1125 in
1200 1079 1592 1143 trophospermiis
1630 1079 1938 1142 parietalibus

106 1151 331 1214 quinque,
372 1150 814 1211 longitudinalibUS,
858 1167 961 1198 cum
994 1151 1167 1213 septis,
1219 1148 1324 1196 dum
1357 1149 1549 1207 adsunt,
1599 1150 1938 1198 alternantibus

103 1222 352 1285 plurimae,
393 1221 828 1281 subhorizontales‚
876 1231 1152 1286 anatropae.
1229 1222 1395 1283 Stylzcs
1425 1222 1708 1278 terminalis,
1757 1221 1938 1268 brevis—

104 1293 273 1351 simus3
321 1294 500 1355 stigma
535 1292 830 1356 depressum,
871 1310 1113 1356 magnum,
1154 1290 1773 1356 radiato-quinquelobum,
1816 1291 1937 1338 lobis

103 1363 279 1428 planis,
310 1363 602 1426 patentibus,
637 1366 873 1422 cuneatis,
907 1365 1044 1427 apice
1078 1363 1309 1410 fimbriato
1344 1363 1530 1410 laceris.
1605 1365 1769 1410 Bacca
1800 1372 1937 1410 ovata

100 1451 144 1482 v.
193 1433 489 1492 subclavata,
545 1435 962 1498 quinquangulala,
1017 1434 1348 1491 uniloculariS,
1404 1450 1548 1481 carne
1595 1433 1752 1492 firma,
1810 1434 1937 1480 intus

103 1505 317 1569 pulposa.
394 1507 590 1553 Semina
621 1507 841 1570 plurima,
881 1505 1271 1569 tropho-spermiis
1305 1504 1610 1567 parietalibus
1642 1504 1783 1551 affixa
1815 1521 1856 1551 v.
1890 1506 1936 1550 in

102 1577 245 1640 pulpa
297 1575 578 1634 nidulantia,
636 1586 796 1635 ovata,
852 1576 1300 1640 compressiuscula,
1361 1577 1688 1638 helegumelzto
1745 1576 1936 1639 proprio

104 1649 228 1694 intra
260 1646 595 1710 epidermidem
629 1648 801 1707 laxam,
845 1664 1117 1706 carnosam,
1159 1646 1568 1708 mucilaginosam,
1611 1644 1936 1694 exsiccatione

105 1727 404 1781 corrugatam
439 1728 713 1776 crustacco,
756 1728 886 1776 atrO,
926 1719 1022 1765 hilo
1056 1718 1249 1764 basilari
1283 1726 1463 1764 notate.
1537 1716 1748 1779 Embrgso
1782 1717 1827 1762 in
1859 1718 1935 1763 axi

101 1788 349 1836 albuminis
382 1791 570 1835 carnosi
603 1789 934 1853 orthotropus,
986 1787 1200 1851 ejusdem
1240 1789 1343 1834 fere
1384 1786 1704 1850 longitudine,
1752 1789 1936 1849 cotyle-

103 1860 308 1907 dom‘bzcs
339 1859 583 1924 cllipticis,
617 1861 862 1919 foliaceis,
911 1861 1140 1908 radicula
1170 1859 1335 1918 brevi,
1370 1859 1536 1918 tereti,
1578 1859 1672 1906 hilo
1706 1860 1934 1923 proxima,

102 1930 388 1996 centrifuga.

882 2049 1164 2085 GENERA.

214 2133 340 2171 5119.
373 2130 524 2171 Carica
540 2129 664 2168 Linn.
1156 2132 1282 2170 5120.
1313 2131 1590 2170 Vasconcella
1607 2128 1670 2168 Sl.
1688 2128 1781 2166 Hz'l.

425 2182 586 2226 Papaya
604 2181 797 2228 Tozcrnef.

238 2266 565 2316 Affinitas.
652 2277 926 2320 Papayaceae
962 2274 1108 2312 habitu
1145 2273 1425 2319 Artocarpeas
1461 2274 1662 2318 quasdam
1699 2272 1936 2322 referentes,

100 2329 363 2370 Passifloreis
380 2333 768 2376 Cucurbitaceisque
784 2332 995 2377 proximae
1012 2333 1250 2380 creduntur,
1283 2335 1334 2369 ab
1351 2331 1459 2379 illis,
1485 2331 1808 2375 quibuscumque
1824 2331 1938 2368 foliis

101 2389 403 2437 palmatilobis,
434 2391 615 2434 germine
636 2390 765 2427 libero
788 2393 827 2426 et
849 2389 1077 2427 seminibus
1101 2388 1282 2425 arillatis
1304 2388 1574 2436 conveniunt,
1598 2387 1764 2427 floribus
1788 2387 1937 2424 dimer-

101 2445 218 2493 phis,
250 2448 406 2482 corolla
435 2446 694 2482 staminifera
722 2448 1003 2494 gamopetala,
1035 2445 1232 2490 germinis
1263 2445 1454 2481 interiore
1483 2445 1644 2481 fabrica
1671 2447 1711 2481 et
1732 2444 1938 2490 stigmatis

103 2502 426 2539 conformatione
455 2502 695 2552 distinctae,
726 2506 777 2541 ab
806 2503 874 2541 liis
904 2502 1086 2547 germine
1112 2502 1244 2540 libero
1267 2505 1307 2539 et
1328 2501 1555 2540 seminibus
1577 2501 1850 2539 albuminosis
1875 2501 1936 2537 di-

104 2558 387 2596 versissimae.

245 2622 679 2680 Geographhh
738 2631 888 2667 Omnes
916 2629 960 2666 in
983 2629 1180 2667 America
1212 2628 1369 2673 tropica
1397 2627 1604 2677 habitant,
1636 2630 1800 2666 cultura
1827 2637 1936 2666 nunc

102 2696 177 2732 per
190 2686 337 2724 Asiam
354 2690 393 2723 et
412 2687 598 2723 Africam
613 2685 851 2724 calidiorem
866 2698 888 2723 e
902 2689 1018 2723 Novo
1035 2687 1267 2723 continente
1282 2689 1546 2730 propagatae.

247 2751 614 2804 &ualitates
646 2760 686 2795 et
715 2763 886 2798 usus.
944 2757 1087 2794 Virtus
1117 2759 1457 2801 Papayacearum
1487 2754 1688 2799 imprimis
1718 2754 1831 2792 acris
1860 2759 1935 2793 est.
1980 2739 1984 2746 ’

104 2814 215 2852 Mira
230 2815 346 2853 succi
360 2815 486 2851 lactei
504 2815 679 2852 indoles.
737 2817 915 2852 Fructus
931 2814 1037 2851 inter
1053 2814 1211 2851 cibaria
1227 2813 1438 2858 regionum
1455 2813 1699 2856 tropicarum
1715 2811 1935 2858 admissus.

248 2884 450 2921 Caricam
474 2883 698 2932 Papayam
721 2885 862 2933 Linn.,
892 2894 989 2922 nam
1018 2885 1142 2922 istam
1171 2884 1341 2930 passim—
1359 2885 1519 2931 colunt,
1550 2881 1716 2919 triennii
1738 2882 1870 2926 spatio
1892 2881 1938 2920 in

101 2943 286 2979 arborem
301 2942 660 2991 vigintipedalem,
690 2943 881 2983 foliorum
897 2951 1014 2979 coma
1029 2942 1234 2978 terminali
1250 2941 1294 2977 in
1311 2944 1452 2977 trunco
1467 2939 1774 2984 simplicissimo
1789 2939 1936 2982 palmi-

104 2997 291 3047 formem,
315 3009 551 3037 excrescere
567 2999 715 3037 serunt.
759 2999 931 3036 Radicis
948 3001 1109 3037 odorem
1123 3000 1423 3045 vehementem,
1447 2997 1727 3046 inamoenum,
1743 2995 1937 3040 Raphani

103 3056 378 3099 putrescentis
394 3056 536 3092 foetori
551 3057 730 3093 similem
745 3057 971 3100 perhibent.
1016 3058 1176 3093 Succus
1191 3059 1374 3103 lacteus,
1406 3054 1476 3098 qui
1490 3064 1562 3098 per
1577 3063 1732 3090 omnem
1749 3056 1938 3090 truncum

101 3114 142 3148 et
157 3111 259 3147 folia
275 3112 465 3156 copiosus
481 3118 642 3160 manat,
666 3103 873 3150 acredinis
890 3123 1058 3161 expers,
1077 3122 1244 3150 amarus
1260 3115 1342 3159 est,
1368 3115 1419 3158 et,
1446 3111 1567 3148 unico
1586 3113 1707 3154 plane
1722 3110 1764 3146 in
1780 3109 1936 3155 plantis

103 3167 361 3212 perfectioris
384 3173 558 3206 naturae
580 3173 787 3217 exemplo,
818 3171 989 3207 materie
1009 3170 1176 3218 fibrina,
1209 3170 1328 3212 cujus
1351 3169 1589 3212 praesentia
1604 3167 1760 3204 iteratis
1777 3165 1937 3203 exami-

103 3224 228 3261 nibus
244 3225 438 3261 chemicis
455 3230 718 3269 comprobata
734 3231 818 3275 est,
850 3230 994 3265 scatet.
1052 3227 1292 3265 Ventriculo
1307 3226 1494 3270 ingestus
1512 3228 1667 3261 tractus
1683 3222 1936 3261 intestinalis

103 3281 237 3318 diram
251 3281 609 3319 inflammationem
624 3287 840 3333 provocat,
864 3286 987 3321 melle
1002 3293 1042 3321 v.
1060 3287 1256 3322 saccharo
1273 3285 1519 3325 temperatus
1533 3291 1691 3318 vermes
1708 3281 1752 3316 in
1768 3290 1936 3325 corpore

103 3339 360 3382 hospitantes
377 3343 542 3387 enecat,
574 3349 710 3377 merus
727 3341 986 3378 extrinsecus
1003 3341 1211 3378 adhibitus
1227 3339 1487 3384 impetigines
1504 3341 1639 3376 sanat.
1697 3337 1807 3374 Mira
1821 3337 1936 3376 succi

104 3403 198 3432 cum
228 3403 339 3438 aqua
360 3394 479 3432 mixti
508 3400 549 3432 et
570 3396 705 3440 ipsius
728 3399 895 3442 plantae
920 3398 1077 3435 halitus
1102 3398 1145 3434 in
1166 3398 1307 3434 fibram
1331 3396 1552 3432 animalem
1575 3393 1784 3444 efficacia,
1815 3395 1936 3439 cujus

105 3451 367 3489 tenacitatem
381 3451 442 3489 ita
458 3452 634 3502 emollit,
665 3455 710 3490 ut
725 3462 872 3492 carnes
888 3457 1040 3492 crudae
1055 3457 1093 3490 et
1110 3456 1316 3502 recentes,
1335 3455 1415 3489 ‚vel
1430 3461 1484 3489 ex
1499 3451 1751 3490 animalibus
1766 3451 1937 3489 annosis

108 3508 317 3548 desumtae
329 3535 341 3559 ,
373 3509 614 3549 tenerrimae
633 3511 833 3561 evadant,
866 3511 1021 3558 aliquot
1036 3511 1283 3551 minutorum
1298 3508 1431 3555 spatio
1446 3508 1491 3547 in
1506 3517 1653 3555 aquam
1667 3508 1814 3556 paucis
1829 3510 1937 3554 lym-
