2147 3756
969 223 1000 229 ,γ
1021 225 1044 229 Ν,
1062 226 1079 229 -
1095 222 1315 230 -0—.„>——-›.—

329 316 447 351 1643.
480 315 703 358 Phrynium
728 313 869 353 ttrilld.
1256 317 1374 352 1645.
1405 318 1615 359 Myrosma
1632 313 1833 362 Limufil.

559 363 768 406 Phyilodes
786 365 958 399 Loureir.
1251 374 1373 409 1646,
1405 372 1546 410 Canna
1563 370 1683 407 Lime.

330 415 449 451 1644.
481 415 678 453 Calathea
696 413 744 451 G.
767 412 810 451 F.
839 413 902 452 W.
922 413 1079 462 tlleyer.
1489 421 1731 457 Cannacorus
1753 421 1940 467 Your-nef.

562 463 774 506 Giippertia
791 463 898 497 Nees.

375 534 696 580 Affinitas.
758 543 998 577 Cannaceae
1014 539 1275 576 Scitaniineis
1292 540 1498 584 perigonio
1515 550 1660 584 supero
1679 542 1850 588 duplici,
1884 542 2056 578 stamine

244 594 364 632 unico
381 601 416 631 et
435 599 574 632 habitu
592 599 756 646 affines,
788 598 976 635 staminis
997 598 1040 633 in
1057 600 1231 634 corollae
1245 597 1401 634 lacinia
1415 598 1578 634 laterali
1593 599 1674 635 situ
1691 603 1729 634 et
1747 599 1877 634 vitelli
1894 599 2056 635 defectu

244 655 295 690 ab
312 653 455 689 iisdem
474 655 671 689 dill'erunt.
1795 657 1804 664 '

380 718 805 774 Geographia.
862 724 1094 760 Amerinam
1125 724 1319 767 tropicam
1349 728 1388 760 et
1417 723 1692 768 subtropicam
1721 732 1867 769 magno
1891 734 2055 760 numero

187 807 190 813 .
237 778 482 825 incolentes,
516 782 557 815 in
588 783 697 815 Novo
723 780 961 816 Continente
991 782 1379 826 Zingiberacearum
1407 781 1521 818 vices
1553 784 1708 829 tenent,
1740 781 1784 817 in
1814 781 1942 817 veteri
1966 788 2056 818 cum

237 835 380 872 iisdem
399 837 609 873 rarissime
626 837 748 873 simul
766 841 1010 874 crescentes.

378 901 738 953 &ualitates
770 910 808 943 et
837 913 1006 949 usus.
1079 908 1284 952 Qualitate
1321 917 1346 944 a
1382 907 1693 953 Zingiberaceis
1732 906 2050 953 diversissimae,

237 965 430 999 aromatis
453 965 612 999 omnino
628 968 815 1007 expertes
830 968 937 1000 sunt.
959 983 965 989 ·
996 966 1174 1002 Radices
1191 967 1476 1001 nonnullarum
1494 973 1682 1008 magnam
1698 965 1858 1000 seculae
1873 965 2055 1001 nutrien-

238 1021 289 1057 tis
306 1021 463 1063 copiam
481 1021 707 1066 continent,
741 1022 992 1063 qttarundam
1008 1023 1141 1058 lenius
1159 1023 1380 1058 diureticae
1397 1025 1505 1057 sunt.
1874 1016 1882 1020 “

376 1080 590 1112 Marantae
614 1077 916 1113 arundinaceae
938 1079 984 1113 L.
1010 1079 1053 1114 in
1076 1079 1227 1115 insulis
1250 1078 1465 1114 antillanis
1489 1080 1623 1114 cultae
1640 1077 1863 1113 rhizomata
1880 1076 2055 1113 feculam

234 1135 449 1170 Marantae
473 1131 619 1177 [vulgo
635 1135 924 1181 Arrow-root,
952 1135 1310 1179 Pseilwurzmelil)
1330 1135 1434 1170 inter
1450 1134 1607 1169 cibaria
1624 1134 1846 1170 facillimae
1865 1134 2055 1177 digestio-

232 1189 298 1224 nis
329 1190 451 1224 etiam
480 1190 650 1226 medicis
682 1192 1021 1239 commendatam,
1058 1195 1263 1235 praebent.
1337 1191 1481 1227 Crudis
1512 1190 1619 1226 inest
1649 1190 1892 1236 acrimonia,
1925 1193 2055 1226 cutem

233 1244 515 1292 tabefaciens,
548 1247 788 1283 masticatae
812 1248 1096 1284 salivationem
1113 1252 1365 1292 promovent,
1399 1252 1434 1283 et
1453 1247 1700 1282 tutissimum
1719 1248 1918 1282 adversus
1934 1250 2055 1282 Man-

232 1302 406 1338 cinellae
435 1313 656 1350 venenum,
688 1304 852 1339 vulneri
881 1305 1107 1341 medicatae
1136 1306 1310 1348 sagittae
1339 1304 1423 1339 ictu
1445 1304 1561 1339 illato
1585 1303 1813 1338 immissum
1837 1303 2055 1339 remedium

230 1359 420 1395 ereditur.
478 1357 714 1394 Mamaeae
743 1358 884 1394 luteae
912 1363 1027 1397 Lam.
1057 1361 1158 1397 folia
1188 1364 1331 1397 subtus
1364 1361 1511 1403 pruina
1533 1360 1720 1396 resinosa
1744 1362 1902 1406 albent,
1926 1368 2054 1401 swam

232 1416 418 1450 derasam
434 1414 476 1450 in
493 1417 930 1460 sanandastranguria
947 1418 1085 1454 utilem
1103 1418 1283 1453 credunt.
1328 1415 1563 1451 mammae
1583 1412 1764 1461 Allonya
1780 1418 1894 1458 Jacq.
1913 1418 2055 1451 tubera

231 1469 393 1514 (Radix
422 1472 645 1514 Curcumae
676 1473 957 1517 americanae]
989 1477 1103 1509 cocta
1132 1476 1221 1511 sale
1251 1476 1302 1515 et*
1317 1473 1457 1516 pipere
1486 1473 1648 1508 condita
1676 1472 1719 1507 in
1742 1472 1913 1508 Antillis
1945 1481 2053 1507 com-

230 1528 414 1563 eduntur.
490 1526 735 1563 Cannarum
771 1530 932 1565 radices
967 1531 1115 1566 leniter
1151 1530 1372 1565 diureticae
1410 1533 1449 1565 et
1486 1529 1785 1572 diaphoreticae
1824 1529 2052 1565 creduntur.

231 1584 505 1626 complurium
522 1587 699 1633 semina,
730 1586 853 1622 etiam
868 1587 975 1622 inter
993 1588 1150 1622 Coffeae
1167 1588 1426 1622 succedanea
1441 1587 1739 1634 commendata,
1768 1587 1942 1621 colorem
1957 1594 2053 1629 pur-

228 1650 415 1691 pureum,
445 1641 581 1679 minus
598 1646 732 1679 tamen
746 1643 951 1691 validum,
980 1644 1222 1689 largiuntur.

736 1764 905 1810 ordo
934 1764 1114 1810 Lxx.
1187 1764 1547 1811 Musaceae.

370 1865 565 1913 Herbae
595 1882 851 1929 perennes,
891 1865 1124 1913 interdum
1163 1866 1440 1929 giganteae,
1481 1864 1613 1912 caule
1654 1880 1679 1911 e
1718 1863 1936 1911 foliorum
1969 1864 2052 1911 de-

230 1936 462 1999 lapsorum
502 1938 685 1999 vaginis
724 1937 956 1984 distinctis
995 1954 1038 1985 v.
1079 1937 1266 1984 coalitis
1305 1937 1531 1993 formato,
1577 1935 1800 1998 simplici,
1847 1935 1893 1982 in
1935 1952 2052 1982 non-

228 2007 368 2054 nullis
399 2016 610 2054 truncum
642 2008 892 2055 arboreum
923 2008 1192 2065 referente,
1227 2008 1275 2053 in
1307 2008 1410 2054 aliis
1441 2006 1715 2053 abbreviato
1734 2023 1789 2053 fv.
1817 2005 2049 2053 subnullo.

230 2079 373 2125 Folia
412 2079 618 2136 alterna,
661 2080 909 2142 petiolata,
951 2080 1206 2142 simplicia,
1246 2079 1454 2140 integra,
1493 2077 1683 2141 petiolis
1719 2076 1821 2123 basi
1860 2076 2050 2124 dilatata

231 2149 580 2211 vagillantibus,
621 2150 789 2196 lamina
819 2151 1099 2197 vernatione
1140 2149 1462 2206 convolutiva‚
1502 2149 1776 2211 plerumque
1810 2148 2046 2210 elongata,

228 2235 556 2283 nonnunquam
587 2219 822 2277 abortiva,
870 2237 1015 2268 nervo
1035 2219 1205 2267 ‘valido
1238 2218 1708 2282 utrinque-nervulos
1740 2217 2049 2265 secundarios

229 2298 545 2349 transversos,
599 2307 641 2338 v.
689 2291 929 2355 obliquos,
984 2291 1263 2355 parallelos,
1314 2290 1709 2346 confertissimos,
1757 2290 1892 2352 apice
1940 2289 2050 2335 sub-

229 2361 450 2408 incurvos
492 2371 761 2408 exserente.
834 2364 1005 2409 Flores
1047 2361 1274 2424 perfecti,
1320 2360 1631 2423 irregulares,
1678 2361 1724 2406 in
1770 2359 2048 2422 pedunculis

224 2430 513 2495 radicalibus
557 2449 600 2480 v.
646 2432 939 2490 axillaribus,
992 2431 1201 2481 bracteis
1246 2430 1692 2494 spatllaeformibus‚
1739 2431 1926 2493 amplis,
1978 2429 2048 2478 di-

229 2502 379 2549 stiche
425 2503 618 2549 alternis
665 2505 865 2562 onustis,
919 2504 965 2549 in
1011 2504 1152 2549 axilla
1195 2502 1387 2565 spathae
1433 2501 1622 2548 sessiles
1670 2517 1711 2548 v.
1756 2500 2047 2564 pedicellafi,

228 2571 340 2620 nudi
379 2590 422 2622 v.
461 2572 760 2621 bracteolati.
846 2575 1159 2637 Perzg'om'um
1197 2574 1415 2635 simplex,
1462 2588 1703 2636 superum,
1752 2572 2046 2630 corollinum,

226 2643 402 2698 „foliolis
454 2643 714 2703 biseriatis,
773 2644 1119 2708 inaequalibuS,
1180 2660 1323 2707 saepe
1378 2642 1697 2701 dissimilibus,
1759 2643 2047 2690 exteriorum

225 2730 319 2761 uno
353 2716 508 2761 antico
540 2715 810 2779 plerumque
842 2716 1067 2772 maximo,
1109 2730 1254 2777 saepe
1288 2715 1525 2772 carinato,
1558 2714 1835 2760 interiorum
1868 2711 2046 2760 duobus

231 2785 500 2838 lateralibus
531 2786 826 2848 utplurimum
858 2786 1136 2844 minoribus,
1176 2786 1359 2848 postico
1393 2793 1580 2847 semper
1610 2784 1823 2841 minimo,
1862 2783 2046 2833 labelli-

229 2855 394 2915 formi3
451 2873 571 2903 nunc
620 2858 831 2904 omnibus
875 2858 999 2904 inter
1043 2872 1097 2904 se
1145 2855 1402 2912 distinctis,
1456 2869 1578 2919 nunc
1628 2855 1759 2911 varie
1814 2855 2043 2912 connatis,

228 2942 395 2989 nempe
435 2926 741 2973 interioribus
781 2927 1053 2974 lateralibus
1092 2928 1138 2972 in
1175 2926 1332 2972 tubum
1371 2927 1554 2988 postice
1594 2925 1771 2982 fissum,
1819 2925 2046 2986 genitalia

224 2997 587 3059 ,amplectentem
627 2997 925 3055 coeuntibus,
964 3012 1009 3045 v.
1043 2995 1358 3043 exterioribus
1398 3012 1501 3042 cum
1539 2994 1810 3041 lateralibus
1848 2995 2048 3041 interio-

227 3067 355 3113 ribus
387 3068 432 3113 in
467 3067 621 3114 tubum
651 3069 835 3131 postice
868 3076 1108 3130 apertum,
1156 3067 1292 3128 apice
1325 3065 1686 3133 quinquelobum
1727 3081 2044 3112 concrescen-

229 3138 385 3184 tibus.-
454 3139 675 3185 Stamina
722 3143 774 3196 6,
835 3139 937 3184 imis
988 3138 1222 3201 perigenii
1268 3136 1443 3183 foliolis
1493 3153 1540 3183 v.
1599 3137 1821 3199 germinis
1873 3137 2042 3184 vertici

228 3208 425 3265 inserta,
464 3210 695 3272 posticum
736 3210 954 3270 (laciniae
993 3207 1292 3255 labelliformi
1331 3207 1612 3270 oppositum)
1653 3207 1925 3270 plerumque
1962 3206 2043 3254 ab·

230 3279 452 3336 ortivum,
509 3279 795 3343 reliquorum
833 3279 1053 3326 nonnulla
1092 3276 1324 3325 interdum
1371 3286 1597 3335 castrata3
1636 3278 1900 3340 filamenta
1943 3277 2043 3340 pla-

226 3348 459 3406 niuscula,
502 3350 671 3409 libera,
712 3352 947 3398 antherae
978 3350 1237 3407 introrsae,
1267 3348 1575 3405 biloculareS,
1609 3347 1774 3394 loculis
1806 3347 2043 3411 suboppo-

227 3419 353 3475 sitis,
401 3420 655 3482 elongatis,
703 3422 986 3469 connectivo
1026 3421 1073 3466 in
1105 3435 1299 3466 acumen
1331 3435 1375 3466 v.
1413 3417 1718 3482 appendicem
1749 3417 2040 3473 membrana-

228 3504 356 3540 ceam
410 3490 639 3553 producto
694 3493 908 3557 utrinque
962 3490 1165 3551 adflatis,
1219 3488 1622 3554 longitudinalitcr
1673 3487 2039 3538 dehiscentibus.
