2147 3756
1027 88 1146 139 570

176 262 249 297 est.
293 258 441 296 Cortex
455 258 606 296 radicis
621 258 863 297 medicinam
878 259 1016 297 valide
1033 260 1369 308 adstringentem,
1400 260 1444 297 in
1468 261 1713 306 dysenteriis
1736 267 1993 303 commenda-

176 315 398 362 lissimam‚
430 320 469 352 et
499 317 781 363 cosmeticum‚
812 316 1143 359 frequentissime
1173 325 1198 352 a
1228 318 1531 355 delicatioribus
1554 321 1795 358 mulieribus
1820 324 1869 357 ad
1894 333 1993 358 con-

174 374 398 409 ciliandum
431 373 614 409 crinibus
643 373 814 409 nitorem
844 372 1307 422 adhibitum,1argitur.
1367 374 1502 411 Etiam
1525 377 1701 413 artifices
1725 378 1766 413 in
1792 380 1992 421 poliendis

172 429 290 466 vasis
307 430 512 474 argenteis
527 432 650 473 liujus
668 431 829 465 decocto
845 433 1026 466 utuntur.
1084 427 1285 465 Mundz'ae
1301 429 1496 476 spinosae
1510 433 1615 481 Dc„
1646 434 1689 470 in
1705 434 1847 478 capite
1862 438 1993 472 bonae

173 486 264 531 spei
281 487 524 534 crescentis,
557 488 686 529 drupa
701 485 848 522 edulis.

315 554 574 591 Krameriae
606 553 830 590 trv‘andrae
851 554 959 596 Ruiz
982 558 1020 591 et
1041 557 1143 592 Pav.
1174 556 1294 592 radix
1317 556 1475 601 (Radix
1497 559 1751 604 Ratanhiae)
1775 560 1891 596 acido
1914 560 1992 597 mi-

172 614 404 650 motannico
435 615 624 649 virtutem
653 612 933 648 vehementius
964 613 1281 658 adstringentem
1312 616 1441 651 debet.
1500 618 1548 651 In
1578 621 1782 664 extracto,
1813 620 1919 660 quod
1950 618 1994 654 in

171 671 365 707 America
387 675 569 713 paratum
595 679 686 704 cum
708 669 867 711 reliqua
888 679 1019 704 merce
1042 669 1083 704 in
1107 672 1313 712 Europam
1337 671 1570 719 advehitur,
1603 674 1764 709 acidum
1790 671 1995 716 peculiare

176 725 364 767 (acidum
395 724 719 771 lcramericum),
752 727 856 769 quod
886 726 929 760 in
960 726 1054 768 ipsa
1083 727 1221 761 radice
1252 727 1406 763 frustra
1435 730 1664 771 quaesitum
1695 734 1776 778 est,
1807 731 1995 766 nonnulli

173 784 488 826 deprehendisse
505 782 584 818 sibi
602 782 684 818 visi
700 786 808 818 sunt.
866 779 1106 817 Kramerm
1121 782 1246 817 imina
1263 784 1380 819 Linn.
1394 812 1404 831 ,
1428 784 1470 819 in
1488 786 1661 821 Antillis
1679 796 1892 835 crescens,
1923 796 1991 824 ra-

174 840 302 876 dicem
322 836 610 883 (Ratanln‘am
627 835 906 884 Ancillarum)
924 848 1131 883 peruanae
1147 841 1494 885 aequiparandam
1509 842 1683 879 officinis
1698 845 1876 886 praebet.

1741 908 1748 924 i

313 958 748 1005 *Soulameaffl
806 959 1053 1001 Arbuscula
1079 962 1283 1003 inermis,
1347 965 1468 1004 Folia
1498 964 1701 1017 alterna,
1749 964 1991 1018 petiolata‚

172 1017 218 1057 in
255 1018 384 1069 apice
417 1030 653 1058 ramorum
687 1016 925 1069 conferta,
963 1019 1352 1073 omli-oblonga,
1391 1027 1598 1070 costam,
1645 1022 1828 1075 glabra,
1875 1023 1992 1061 inte-

171 1075 398 1127 gerrima,
453 1075 754 1127 exstipulata.
824 1076 975 1114 Flores
1013 1075 1231 1129 perfecti,
1276 1077 1539 1127 regulares,
1585 1080 1738 1131 parvi,
1783 1091 1994 1118 racemos

173 1130 419 1182 axillares,
452 1130 568 1171 folio
585 1131 828 1171 breviores
847 1130 1117 1172 formantes.
1174 1134 1315 1181 θαίμα-
1336 1132 1745 1186 libertripartitus.
1800 1137 1997 1173 Corollae

172 1187 328 1240 petala
346 1188 434 1226 tria
451 1187 535 1227 sub
555 1187 682 1228 disco
700 1188 921 1242 germinis
937 1188 1083 1237 basim
1101 1189 1316 1241 cingente
1335 1190 1527 1240 inserta,
1558 1191 1774 1241 linearia,
1806 1189 1993 1232 reflexa.

174 1245 370 1282 Stamina
395 1256 497 1294 sex,
530 1244 656 1284 disco
685 1246 1037 1295 extusinserta,
1069 1245 1302 1297 aequalia,
1335 1248 1428 1286 tria
1444 1247 1613 1299 petalis
1633 1251 1847 1300 opposita
1863 1254 1993 1301 prae-

173 1301 324 1350 cocia3
361 1302 593 1349 filamenta
624 1300 919 1351 brevissima,
965 1303 1175 1339 antherae
1207 1303 1497 1353 terminales,
1540 1303 1845 1354 biloculares‚
1892 1304 1993 1344 sub-

173 1357 644 1410 globoso-didymae,
675 1357 1079 1411 longitudinaliter
1097 1355 1404 1399 dehiscentes.
1467 1361 1646 1398 Germen
1665 1364 1994 1413 compressum,

171 1414 300 1467 apice
333 1420 622 1466 truncatum,
655 1414 1105 1467 subemarginatum,
1134 1414 1411 1456 biloculare.
1473 1418 1716 1455 Gemmulae
1747 1418 1794 1456 in
1826 1416 1994 1458 loculis

173 1470 435 1520 solitariae,
482 1483 538 1511 ex
571 1471 701 1524 apice
735 1471 1052 1523 dissepimenti
1088 1471 1336 1524 pendulae,
1382 1478 1649 1527 anatropae.
1709 1474 1924 1524 Stigmata
1954 1476 1997 1524 2,

173 1526 501 1577 sublateralia,
541 1528 745 1578 sessiIIa,
787 1527 965 1567 obtusa.
1029 1530 1218 1577 Capsum
1252 1541 1538 1582 compressa,
1571 1530 1846 1582 obcordata,
1878 1543 1994 1571 mar-

173 1584 351 1636 ginata,
383 1583 719 1631 subsuberosa‚
752 1584 1049 1635 bilocularis‚
1081 1582 1390 1627 indehiscens.
1450 1587 1619 1625 Semina
1641 1587 1689 1626 in
1725 1587 1888 1626 loculis
1922 1600 1993 1626 so-

174 1640 353 1690 litaria,
384 1642 587 1691 inversa,
618 1641 936 1694 integumento
971 1641 1347 1692 membranaceo,
1380 1642 1473 1683 hilo
1501 1642 1828 1696 stropliiolato.
1889 1644 1992 1681 Em-

170 1699 274 1745 bryo
294 1697 695 1749 exalbuminosus,
727 1697 1053 1751 orthotropus,
1087 1701 1402 1750 cotyledom'bus
1418 1699 1651 1753 foliaceis‚
1681 1700 1995 1751 subcarnosis,

172 1755 371 1793 radicula
388 1754 682 1808 brevissima,
714 1757 901 1806 conica,
932 1767 1114 1808 supera.

821 1860 1034 1896 Ganos
1083 1868 1349 1898 UNICUM.

737 1945 816 1980 565
826 1946 863 1981 8.
895 1946 1114 1980 Soulamea
1132 1941 1250 1979 Lam.

954 1993 1237 2037 Car-diocarpns
1255 1992 1403 2027 Reinw.

949 2034 1036 2071 Rex
1052 2036 1247 2069 Amaroris
1263 2035 1437 2081 ltumplz.

310 2132 712 2180 Observatio.
772 2137 999 2175 Soulamea
1015 2151 1172 2175 amara
1187 2143 1315 2187 Lam„
1339 2141 1434 2177 flore
1449 2141 1628 2185 regulari
1646 2140 1804 2178 trimero
1816 2169 1826 2189 ,
1851 2142 1996 2179 stami-

173 2194 293 2234 nibus
324 2206 423 2243 sex,
454 2197 635 2233 antheris
667 2197 984 2243 bilocularibus,
1017 2198 1207 2241 stigmate
1238 2198 1392 2241 duplici
1423 2199 1584 2244 sessili,
1617 2202 1655 2234 et
1684 2202 1899 2241 embryone
1922 2209 1995 2234 ex-

174 2253 427 2289 albuminoso
452 2263 477 2289 a
498 2254 736 2297 Polygaleis
760 2254 974 2300 distincta,
1007 2254 1048 2289 in
1075 2255 1277 2290 Moluccis
1300 2255 1450 2291 insulis
1475 2255 1682 2301 nascitur,
1714 2259 1762 2291 ob
1793 2255 1996 2300 insignem

173 2309 349 2344 omnium
366 2310 539 2352 partium
557 2310 783 2347 amaritiem
800 2308 897 2347 Rex
913 2309 1128 2345 amai-oris
1144 2311 1344 2355 Rumphio
1369 2312 1491 2348 dicta.
1548 2312 1709 2349 Virtute
1730 2313 1783 2348 ad
1798 2314 1996 2357 Senegam

173 2367 366 2402 accedere
381 2367 572 2403 creditur.

312 2485 839 2543 *Trigoniaeeaffi
921 2491 1120 2530 Frute‘ces
1157 2490 1458 2543 sarmentosi,
1505 2491 1793 2533 scandentes.
1867 2492 1995 2532 Folia

175 2545 408 2598 opposita,
454 2546 728 2587 brevissime
761 2547 1003 2600 petiolata,
1051 2549 1378 2601 penninervia,
1421 2549 1736 2601 integerrima.
1804 2549 1996 2597 stipulae

174 2602 451 2654 petiolareS‚
482 2603 699 2644 caducae.
760 2605 909 2643 Floras
932 2603 1153 2657 perfecti,
1183 2605 1490 2658 irregulares,
1523 2605 1568 2644 in
1595 2617 1804 2646 racemos
1831 2606 1993 2645 axilla-

173 2670 270 2708 res,
315 2672 357 2699 v.
392 2659 439 2698 in
472 2660 711 2713 paniculas
740 2661 1013 2701 terminales
1046 2661 1276 2715 dispositi.
1349 2664 1492 2712 calyx
1524 2662 1663 2714 liber,
1712 2663 1813 2715 plus
1844 2663 1993 2702 minus

172 2713 402 2768 profunde
443 2717 868 2771 quinquepartitus,
917 2718 1100 2758 laciniis
1138 2719 1447 2759 aestivatione
1484 2719 1764 2768 imbricatis,
1810 2718 1992 2758 duabus

176 2772 367 2824 posticis
387 2778 432 2812 et
455 2786 546 2813 una
569 2776 724 2814 antica
747 2774 1085 2825 exterioribus,
1118 2776 1280 2829 paullo
1307 2775 1584 2825 minoribus,
1616 2775 1794 2815 duabus
1822 2774 1992 2814 latera-

173 2827 295 2868 libus
327 2829 634 2870 interioribus
667 2831 933 2884 majoribus.
1009 2834 1206 2870 Cor-ollae
1236 2833 1390 2885 petala
1425 2833 1648 2886 quinque,
1695 2831 1993 2884 receptaculo

172 2884 372 2936 inserta,
426 2887 603 2939 calycis
643 2887 823 2927 laciniis
863 2888 1065 2938 alterna,
1114 2889 1416 2942 inaequalia,s
1456 2890 1684 2940 posticum
1727 2888 1993 2939 maximum,

175 2953 450 2995 concavum,
481 2942 581 2983 basi
607 2943 818 2996 gibbum,
850 2944 1161 2994 adscendens,
1193 2945 1283 2984 duo
1308 2945 1461 2984 antica
1485 2943 1840 2994 adscendentia‚
1877 2945 1994 2985 cari·

175 3004 304 3049 nata,
335 2999 697 3053 inaequilatera,
727 3000 945 3040 lateralia
975 3000 1067 3040 duo
1092 3001 1320 3041 interiora
1346 3001 1547 3049 minora,
1580 3001 1736 3053 plana,
1769 3002 1995 3055 patentia,

173 3055 304 3108 apice
337 3054 523 3108 oblique
554 3063 787 3096 truncata.
848 3058 1045 3096 Stamina
1077 3058 1373 3110 receptaculo
1407 3059 1601 3110 inserta,
1643 3058 1862 3112 quinque,
1900 3056 1994 3108 sex,

176 3111 331 3156 decem
363 3125 402 3151 v.
436 3112 702 3165 duodecim,
748 3114 1034 3166 excentrica,
1081 3115 1247 3166 petalis
1278 3114 1444 3154 anticis
1486 3115 1721 3167 opposita3
1756 3116 1992 3163 filamenta

178 3167 490 3220 complanata,
523 3170 567 3208 in
592 3170 751 3210 tubum
776 3168 884 3210 hinc
910 3170 1064 3210 fissum
1092 3174 1315 3220 connata,
1347 3170 1562 3210 lateralia
1586 3171 1821 3219 breviora,
1853 3183 1991 3211 anan-

177 3221 328 3276 thera,
361 3227 842 3277 antheraeintrorsae,
872 3227 1177 3276 biloculares,
1210 3227 1347 3267 dorso
1366 3226 1557 3278 affixae,
1589 3227 1993 3280 longitudinaliter

179 3279 484 3322 dehiscentes.
546 3285 786 3322 Glandulae
808 3283 868 3323 ad
889 3283 1036 3324 basim
1062 3283 1281 3337 germinis
1305 3284 1517 3337 geminae
1543 3297 1583 3324 v.
1610 3289 1887 3338 quaternae,
1917 3295 1992 3337 pe-

179 3336 272 3375 talo
291 3339 467 3388 postico
485 3342 740 3393 oppositae.
803 3342 982 3379 Germen
1000 3340 1215 3389 liberum,
1251 3338 1543 3394 triphyllum,
1575 3339 1990 3393 carpophyllorum

179 3393 460 3445 marginibus
477 3396 519 3436 in
542 3396 875 3450 dissepimenta
892 3396 1152 3437 columnam
1170 3397 1421 3437 centralem
1440 3397 1716 3451 attingentia
1733 3395 1990 3436 introflexis

178 3447 468 3494 triloculare.
542 3454 786 3493 Gemmulae
813 3453 861 3495 in
890 3453 1057 3495 loculis
1090 3453 1250 3507 plures
1283 3453 1527 3495 columnae
1559 3453 1781 3496 centralis
1818 3451 1990 3507 angulo
