2147 3756
929 110 1048 158 27⁸7

221 280 579 329 Anehospermeae
609 286 657 318 ob
676 284 818 318 odores
835 282 1118 319 nominandae.
1158 281 1364 325 Capenses
1382 281 1574 317 Ambram
1595 282 1792 327 redolent,
1826 290 1900 318 au-

80 341 325 378 stralasicae
342 338 587 383 (coprosma
601 339 758 384 Ἐπεί.)
782 339 931 375 foetore
954 338 1143 374 infames
1202 339 1496 374 Graveolentes
1519 337 1640 373 etiam
1659 338 1764 373 inter
1780 340 1900 380 Sper-

78 405 290 434 macoceas
305 399 501 432 habemus
514 393 734 430 Pectoriam
753 394 1011 431 calabrie-am
1022 396 1152 443 Pers,
1170 394 1406 430 fruticulum
1423 394 1463 429 in
1480 393 1903 430 montibuscalcareis

76 454 257 497 regionis
284 453 606 488 mediterraneae
622 456 889 496 crescentem,
923 448 1411 501 et{Ser2‘ssamfoetidam
1428 451 1568 496 Linn.,
1602 452 1651 485 ab
1668 449 1782 486 Indis
1798 450 1904 485 inter

79 510 257 546 remedia
273 517 413 544 amara
430 513 469 544 et.
485 509 783 553 adstringentia
796 511 1017 545 laudatam.
1058 506 1314 554 Saprosmcte
1330 506 1539 542 arboreae
1553 508 1686 542 Blum.
1704 505 1904 549 [Kahitu-

80 566 200 610 tang]
231 575 253 601 e
281 565 506 609 propinqua
537 566 696 602 Coffeae
723 565 1025 601 necessitudine
1056 566 1213 607 lignum
1241 568 1281 602 et
1311 567 1464 600 baccae
1492 567 1652 600 stercus
1682 565 1903 598 humanum

78 623 273 658 redolent.
332 622 508 666 Lignum
538 623 647 666 apud
676 622 860 658 Javanos
888 625 1036 657 venale
1068 625 1242 669 prostat,
1280 621 1349 664 qui
1378 620 1622 656 medicinam
1651 618 1835 656 Castorei
1867 622 1904 653 et

79 679 326 715 valerianae
354 679 544 714 virtutem
575 679 887 722 conjungentem
925 679 1175 720 praedicant.
1248 675 1487 712 Paederme
1516 675 1720 720 propriam
1755 675 1903 710 tribum

77 734 158 771 sibi
177 735 404 771 vindicant.
463 732 698 769 Paederme
713 732 913 781 foetidae
934 737 1049 770 Lam.
1073 732 1217 776 (Daun
1239 733 1417 781 Contu),
1447 736 1615 778 plantae
1635 732 1680 767 in
1702 731 1904 767 Moluccis

79 792 279 837 vulgaris,
305 792 404 827 solia
421 795 457 826 et
473 792 591 827 flores
608 790 796 826 manibus
813 792 1005 826 contritos
1030 790 1184 835 „illum
1200 790 1359 833 spirare
1374 793 1548 835 odorem,
1574 798 1648 826 seu
1664 789 1801 831 potius
1819 788 1903 822 foe-

78 851 262 895 „torem,
294 849 362 890 qui
385 848 454 882 ani
477 848 658 890 crepitus
680 850 804 889 vulgo
830 843 1029 894 dicitur,“
1060 847 1288 890 Rumphius
1311 845 1446 884 refert.
1503 847 1689 883 Eundem
1712 845 1903 880 foetorem

77 905 234 948 percipi
255 914 277 939 e
302 906 445 947 planta
466 904 568 938 solis
592 902 720 938 radiis
743 905 1007 948 collustrata,
1038 903 1098 938 ita
1126 907 1171 939 ut
1201 902 1293 946 quis
1323 906 1492 946 cogatur
1520 911 1668 938 nasum
1697 905 1902 945 obturare,

77 962 204 996 donec
231 962 367 996 locum
397 960 668 1005 praeterierit,
700 969 775 994 nec
806 962 1021 995 molestum
1050 959 1207 1003 percipi
1229 960 1412 1007 odorem,
1443 960 1526 996 nisi
1547 961 1692 1002 planta
1710 958 1904 995 manibus

78 1020 231 1054 teratur
251 1018 320 1052 vel
342 1015 491 1052 sideris
509 1016 622 1052 radio
639 1015 816 1062 ferveat,
847 1016 953 1052 idem
972 1020 1113 1052 auctor
1129 1020 1203 1052 est.
1262 1015 1457 1053 Infamem
1475 1019 1678 1063 plantam,
1710 1024 1835 1058 saepe
1852 1016 1902 1050 ab

76 1073 246 1120 incolis,
269 1076 311 1109 ut
328 1072 454 1108 alieni
471 1074 646 1109 taedium
665 1071 840 1120 faciant,
868 1073 1110 1117 adhibitam,
1133 1073 1176 1108 in
1194 1073 1387 1108 curandis
1405 1072 1632 1109 abdominis
1648 1071 1903 1117 torminibus,

77 1141 100 1167 e
130 1130 294 1166 flatibus
321 1131 390 1165 vel
420 1129 766 1165 obstructionibus
801 1130 901 1166 ortis
932 1130 1154 1173 praedicat.
1211 1130 1349 1164 Radix
1370 1130 1476 1165 inter
1499 1129 1692 1165 emeticas
1714 1129 1905 1165 Indorum

76 1187 318 1224 medicinas.
375 1186 584 1222 Emeticae
605 1186 863 1228 potissimum
888 1196 909 1221 e
927 1183 1330 1231 Spermacocearum
1346 1190 1386 1222 et
1402 1182 1781 1232 Psychotre‘earmn
1798 1184 1905 1219 tribu

77 1247 185 1281 sunt.
246 1241 536 1285 Cephae’lidum
554 1251 603 1278 ea
617 1242 817 1285 imprimis
833 1242 938 1278 inter
951 1242 1246 1286 Psychotrieas
1261 1245 1355 1278 laus
1378 1246 1452 1279 est.
1514 1238 1737 1287 Cephae’lo's
1756 1239 1902 1285 Ipeca-

76 1296 249 1336 cuanha
264 1299 408 1334 ufilld.
427 1297 751 1345 (Ipecacuanha,
781 1299 1034 1342 Picahonha,
1064 1300 1351 1345 Poayapreta,
1382 1298 1618 1345 Muschina,
1639 1295 1904 1340 VVOSat’nda)

76 1357 121 1394 in
135 1356 343 1393 Brasiliae
359 1355 494 1398 sylvis
510 1355 734 1398 primaevis
748 1357 840 1391 loca
857 1358 1066 1402 umbrosa,
1099 1356 1322 1402 suffucata,
1355 1356 1577 1391 udiuscula
1591 1355 1754 1398 incolit,
1787 1353 1905 1388 fruti-

78 1417 199 1451 culus
223 1423 244 1448 e
270 1412 408 1448 radice
432 1415 633 1447 annulata
655 1414 797 1448 caules
821 1413 1034 1456 bipedales
1058 1413 1243 1460 erigens,
1275 1412 1529 1456 frequentius
1550 1412 1656 1447 inter
1672 1409 1906 1447 latitudinis

78 1469 275 1508 australis
296 1470 448 1512 gradus
471 1473 660 1505 octavum
690 1472 729 1504 et
756 1469 998 1506 vicesimum
1027 1470 1194 1516 obvius,
1225 1469 1360 1505 rarius
1391 1472 1441 1506 ab
1473 1472 1641 1512 utroque
1671 1471 1747 1503 hoc
1776 1466 1906 1502 limite

76 1536 224 1564 versus
240 1528 378 1570 polum
401 1526 672 1562 antarcticum
697 1528 736 1561 et
757 1525 912 1562 lineam
934 1526 1256 1568 aequatorialem
1278 1529 1536 1562 observatus.
1594 1526 1906 1569 Ipecacuanhae

78 1584 199 1620 radix
220 1581 455 1619 substantia
478 1578 668 1619 a'lkalina
690 1581 757 1618 sui
779 1583 942 1626 generis
967 1581 1203 1627 (EmetinaJ
1226 1583 1387 1630 graviS,
1418 1585 1543 1627 plena
1565 1582 1654 1618 dosi
1676 1580 1905 1618 ventriculo

77 1643 218 1677 oblata
232 1639 428 1675 vomitum
443 1641 557 1675 modo
574 1642 639 1675 sat.
653 1639 743 1675 miti
758 1639 930 1687 excitat,
963 1640 1062 1682 quin
1078 1641 1166 1676 alvi
1180 1640 1310 1676 fluxui
1327 1633 1486 1686 faueat,
1516 1639 1697 1675 refracta
1718 1637 1807 1673 dosi
1832 1637 1905 1671 ad-

76 1697 208 1734 hibita
224 1699 364 1732 alvum
378 1696 526 1731 leniter
541 1697 688 1743 solvit,
720 1699 757 1731 et
774 1697 885 1732 vitae
900 1697 1109 1733 inferioris
1127 1705 1303 1743 organa,
1334 1700 1612 1742 membranas,
1643 1703 1749 1731 vasa
1771 1702 1907 1729 resor-

75 1753 216 1791 bentia
238 1755 278 1789 et
301 1752 559 1788 secernentia
583 1753 805 1789 eminenter
826 1753 1032 1800 afficiens,
1063 1754 1174 1789 vitae
1190 1753 1416 1790 sensiferae
1433 1756 1674 1798 potestatem
1689 1751 1733 1786 in
1750 1750 1909 1791 reliqua

76 1819 233 1855 organa
261 1810 511 1855 moderatur;
540 1808 600 1845 ita
628 1813 674 1844 ut
701 1810 905 1845 maximae
934 1810 990 1847 sit
1017 1810 1124 1846 inter
1151 1810 1253 1846 artis
1274 1811 1456 1847 medicae
1480 1808 1734 1846 adminicula
1754 1806 1905 1843 laudis.

75 1865 262 1904 Remedii
276 1875 396 1902 usum
410 1865 616 1902 Brasiliae
639 1869 906 1903 autochtones
929 1867 1067 1903 atavis
1089 1867 1300 1904 indicasse
1322 1867 1457 1904 ferunt
1478 1876 1622 1902 canem
1645 1867 1905 1910 sylvestrem,

77 1927 218 1961 Guara
232 1922 403 1970 dictum,
429 1922 512 1971 qui,
538 1924 575 1960 si
591 1931 724 1966 aquae
738 1926 879 1960 salsae
891 1926 1135 1960 lacunarum
1150 1924 1446 1961 maritimarum
1462 1920 1746 1960 immundaeve
1762 1919 1907 1956 fluvio-

77 1991 166 2018 rum
183 1980 354 2016 nimium
368 1979 531 2027 biberit,
561 1980 743 2016 maxima
758 1980 938 2016 caulium
954 1984 994 2016 et
1009 1981 1193 2017 radicum
1208 1982 1522 2025 Ipecacuanhae
1539 1981 1658 2023 copia
1673 1978 1904 2023 masticata,

77 2041 118 2075 et
149 2045 258 2081 aqua
287 2037 482 2083 evomita,
528 2037 748 2073 sanitatem
776 2046 1017 2081 recuperare
1046 2039 1196 2073 solitus
1227 2042 1348 2075 esset.
1414 2037 1637 2074 Brasiliam
1666 2044 1806 2071 omnes
1838 2033 1907 2076 qui

76 2095 283 2141 incolunt,
306 2095 634 2136 Ipecacuanham
651 2103 721 2136 pro
738 2095 933 2130 Panacea
947 2097 1118 2142 habent,
1151 2095 1248 2130 Piso
1265 2099 1303 2132 et
1318 2094 1606 2140 Marcgravius
1624 2096 1764 2129 tantae
1780 2091 1909 2127 medi-

77 2152 196 2188 cinae
220 2150 370 2187 famam
393 2150 514 2194 primi
535 2150 668 2186 literis
690 2151 998 2195 consignarunt.
1055 2152 1194 2187 Radix
1217 2152 1287 2188 diu
1313 2161 1339 2188 a
1364 2152 1608 2196 quibusdam
1627 2151 1733 2186 inter
1751 2150 1909 2185 secreta

77 2208 220 2245 habita
248 2211 288 2244 et
318 2207 475 2250 ingenti
507 2207 635 2250 pretio
668 2207 858 2252 vendita,
887 2210 1051 2244 tandem
1084 2208 1270 2245 faciliore
1299 2210 1442 2245 adlata
1471 2207 1710 2245 commercio
1742 2205 1908 2240 ineunte

78 2268 220 2308 elapso
243 2266 411 2300 saeculo
435 2263 689 2307 frequentius
717 2274 743 2301 a
764 2264 937 2300 medicis
959 2259 1152 2308 usurpari
1174 2266 1319 2309 coepit.
1377 2266 1515 2302 Radix
1537 2264 1622 2301 ista
1642 2263 1804 2305 oblique
1827 2265 1908 2297 ter-

77 2331 166 2358 ram
187 2321 347 2357 intrans
372 2320 549 2364 simplex
569 2325 633 2357 est
654 2324 722 2357 vel
743 2321 786 2356 in
810 2330 946 2357 ramos
971 2329 1124 2365 paucos
1158 2323 1416 2368 divergentes
1449 2322 1603 2367 divisa,
1634 2320 1838 2365 flexuosa,
1870 2320 1910 2353 et

79 2382 204 2426 torta,
234 2386 393 2422 pennae
423 2378 643 2414 anserinae
664 2378 827 2414 circiter
850 2378 1060 2426 crassitie,
1092 2383 1266 2422 quatuor
1285 2389 1324 2415 v.
1350 2379 1529 2422 quinque
1553 2377 1749 2421 pollicum
1772 2373 1908 2418 longi-

80 2435 260 2471 tudinem
281 2444 373 2470 raro
396 2439 577 2478 superat.
635 2437 739 2471 Tota
760 2434 894 2471 obsita
920 2439 981 2471 est
1004 2435 1172 2472 annulis
1194 2435 1506 2481 inaequalibus,
1537 2436 1776 2478 plerumque
1798 2434 1908 2467 ultra

80 2492 289 2527 dimidiam
308 2491 461 2527 'radicis
486 2491 717 2528 crassitiem
739 2492 860 2538 latis,
892 2491 1140 2535 epidermide
1163 2492 1394 2540 laevigata,
1426 2494 1592 2538 glabra,
1625 2491 1750 2525 dilute
1772 2488 1905 2535 fusca,

78 2549 267 2585 siccitate
289 2547 497 2595 umbrina,
528 2550 691 2584 tandem
713 2548 1165 2592 umbrino-nigricante
1185 2557 1226 2584 v.
1249 2548 1562 2592 griseo-fusca.
1592 2546 1909 2591 parenchymate

79 2607 324 2642 annulorum
352 2603 579 2649 aequabili,
624 2604 798 2647 primum
834 2605 1118 2653 molliusculo,
1165 2607 1456 2649 subamylaceo
1494 2606 1608 2651 albo,
1653 2603 1907 2639 siccescente

79 2662 234 2711 pallide
264 2663 384 2696 rubro
415 2669 454 2695 v,
486 2663 840 2709 testaceo-roseo,
871 2660 1352 2711 resinosa-splendente,
1383 2662 1550 2699 facilius
1582 2668 1608 2697 a
1640 2660 1706 2697 filo
1736 2656 1908 2695 centrali

80 2719 239 2764 lignoso
257 2717 384 2753 dilute
400 2716 548 2752 flavido
562 2717 791 2753 secedente.

224 2802 366 2840 coloni
389 2801 667 2839 Brasilienses
691 2802 898 2848 egregium
913 2804 1226 2847 Ipecacuanhae
1248 2801 1532 2840 commercium
1547 2799 1726 2848 faciunt,
1758 2797 1908 2836 altius-

82 2869 160 2904 que
190 2860 234 2896 in
264 2859 454 2902 emporiis
481 2859 698 2896 maritimis
728 2860 771 2895 in
798 2861 884 2896 dies
908 2861 1082 2903 pretium
1104 2860 1348 2902 adipiscitur
1366 2863 1406 2896 et
1429 2858 1682 2903 frequentius
1704 2855 1909 2900 expetitur

82 2916 281 2954 salutaris
303 2917 442 2963 radiX,
472 2915 534 2952 ita
559 2919 602 2952 ut
620 2917 869 2953 anonnullis
885 2917 1094 2964 timeatur,
1125 2926 1176 2952 ne
1191 2920 1332 2960 planta
1347 2919 1460 2953 tanta
1474 2915 1689 2961 diligentia
1704 2911 1906 2959 quaesita,

83 2978 124 3010 et
139 2974 269 3010 nullis
286 2974 516 3008 adhucdum
533 2973 694 3017 legibus
716 2977 866 3021 tutata,
896 2974 1088 3017 temporis
1113 2974 1291 3010 decursu
1317 2974 1614 3018 exstinguatur.
1673 2971 1796 3007 Indos
1819 2969 1909 3012 syl-

84 3033 263 3076 vestres,
295 3038 417 3072 quum
434 3032 484 3065 ab
502 3029 733 3074 Europaeis
748 3030 890 3066 varias
907 3040 972 3066 res
990 3030 1071 3066 sibi
1086 3031 1408 3074 pretiosissimas
1423 3035 1563 3067 mutuo
1580 3026 1818 3065 commercio
1835 3033 1907 3069 pro

82 3087 220 3123 radice
237 3086 455 3133 accipiant,
480 3089 590 3122 tanto
611 3088 752 3123 ardore
768 3087 811 3122 in
828 3096 878 3123 ea
892 3087 1343 3132 colligendatdesudare
1358 3090 1530 3124 relatum
1546 3089 1626 3133 est,
1649 3088 1694 3121 ut
1709 3084 1909 3119 interdum

84 3144 255 3180 duorum
285 3143 487 3178 mensium
514 3143 669 3191 spatio,
708 3144 866 3180 relictis
893 3144 1034 3192 pagis,
1066 3148 1105 3180 et
1136 3145 1283 3186 positis
1312 3146 1355 3180 in
1386 3148 1475 3181 loco
1507 3143 1645 3181 radice
1675 3141 1909 3178 abundante

85 3199 282 3245 tuguriis,
313 3201 426 3234 lucro
448 3204 608 3236 vacent.
666 3201 840 3236 Evulsis
865 3201 1073 3237 fruticulis
1091 3200 1253 3237 radices
1270 3204 1398 3238 cultro
1415 3211 1440 3238 a
1455 3200 1644 3237 caulibus
1663 3195 1910 3234 abscindunt

84 3264 238 3299 easque
258 3257 324 3291 vel
346 3257 453 3291 lotas
477 3265 516 3291 v.
543 3258 789 3292 adhaerente
810 3260 932 3302 gleba
955 3259 1088 3294 adbuc
1119 3263 1416 3302 conspurcatas
1443 3258 1486 3294 in
1514 3255 1738 3293 fasciculos
1765 3251 1909 3288 variae

86 3311 312 3348 formaeet
341 3313 638 3355 magnitudinis
668 3313 884 3361 colligant,
930 3314 1034 3350 solis
1065 3308 1194 3350 radiis
1228 3316 1511 3351 exsiccandos.
1570 3310 1765 3348 collectio
1797 3308 1908 3344 omni

84 3367 172 3404 fere
200 3368 243 3404 fit
273 3377 396 3416 anno,
430 3369 503 3405 sed
530 3369 740 3407 mensibus
771 3370 988 3419 Januario,
1019 3371 1244 3407 Februario
1269 3375 1309 3408 et
1330 3371 1477 3408 Martio
1502 3364 1910 3416 frequentium-dumi

84 3432 208 3468 quum
222 3425 361 3470 Aprili
383 3428 422 3460 et
437 3427 548 3470 Majo
570 3425 727 3463 fructus
748 3430 1024 3464 maturescere
1044 3422 1266 3476 incipiant,
1297 3426 1579 3473 propagationi
1600 3421 1911 3469 plantulaead-

86 3482 246 3520 modum
261 3485 325 3520 est.
340 3481 517 3520 noxium.
569 3484 682 3528 Quae
697 3479 802 3521 inter
815 3493 970 3522 merces
986 3488 1258 3523 observantur
1273 3484 1441 3530 genuini
1456 3480 1666 3530 pharmaci
1687 3479 1910 3516 varietates
