2147 3756
942 120 1021 173 45

72 293 213 340 Folia
244 290 448 350 alterna,
482 291 673 356 petiolis
707 290 902 340 eandem
937 307 1038 339 cum
1072 290 1205 339 caule
1237 298 1519 338 structuram
1552 290 1897 354 exhibentibus,

72 363 347 410 vernatione
381 363 643 410 circinatini
677 363 920 421 involutis,
952 378 1074 410 nunc
1108 362 1276 409 lamina
1309 360 1570 420 destitutis,
1605 380 1726 410 nunc
1758 366 1898 411 folio-

74 433 128 479 tis
169 442 369 496 quatuor
406 434 816 492 snbverticillatis,
859 432 980 480 haud
1014 433 1297 490 articulatis,
1339 432 1552 479 ohovatis
1584 450 1626 480 v.
1663 434 1897 481 obcorda-

74 505 154 561 tis,
201 504 334 551 venis
373 504 642 551 flabellatim
677 504 959 552 ‹licliotomis
993 505 1251 568 percursis,
1301 513 1348 551 et
1378 503 1653 551 stomatibus
1687 507 1898 552 cutancis

72 574 312 621 instructis
361 576 636 623 terminatis.
712 578 1045 639 Sporocarpe'a
1083 576 1130 622 in
1170 575 1324 622 axillis
1362 575 1581 621 foliorum
1621 576 1806 622 sessilia
1852 593 1897 623 v.

63 644 199 708 juxta
224 646 449 708 petiolum
475 646 698 710 disposita
727 647 939 693 solitaria
963 663 1005 692 v.
1025 655 1312 709 aggregata,
1346 646 1619 702 uniformia,
1655 647 1899 709 capsulae-

71 717 263 774 formia,
313 718 559 775 coriacea,
612 718 783 780 pilosa,
840 716 1235 781 di·tetraphylla,
1285 717 1629 780 carpophorum
1676 718 1898 779 margini-

70 785 156 834 bus
197 788 243 834 in
284 786 615 850 dissepinienta
661 788 927 834 inti-ossexis
973 787 1480 850 bi-quadrilocularia,
1522 787 1756 851 septicide
1795 789 1898 851 plus

70 859 217 904 minus
251 858 484 920 complete
516 857 940 920 bi-quadrivalvia.
1016 859 1193 905 Loculi
1226 860 1271 904 in
1313 857 1769 921 quadrilocularibus
1813 860 1899 920 (fo-

71 928 214 985 liatis)
258 929 489 985 continui,
544 929 589 974 in
627 927 966 975 bilocularibus
1009 928 1245 992 (aphyllis)
1287 929 1480 992 septulis
1527 929 1900 977 membranaceis

70 1000 372 1045 transversim
413 999 772 1061 plurilocellati,
822 1008 957 1046 extus
995 1015 1143 1063 prope
1185 999 1329 1045 basini
1370 1001 1663 1064 carpophylli
1703 1001 1898 1047 alterins

68 1068 331 1116 rudimento
365 1070 519 1131 gibbi,
553 1070 946 1134 trophospermiis
977 1070 1284 1133 parietalibus
1317 1070 1616 1133 gelatinosis,
1651 1072 1696 1116 in
1730 1071 1898 1118 loculis

66 1139 564 1203 perpendicularibus,
602 1143 644 1187 in
673 1141 856 1188 locellis
883 1140 1272 1188 horizontalibus.
1347 1143 1631 1204 Sporangz'a
1658 1143 1702 1188 in
1730 1142 1898 1189 loculis

67 1211 312 1258 locellisve
346 1212 543 1274 singulis
575 1211 840 1275 (limorpha,
874 1213 966 1259 alia
997 1213 1176 1258 fertilia
1209 1213 1528 1275 sporophora,
1569 1213 1659 1259 alia
1693 1214 1899 1275 granuli-

65 1282 186 1329 fera.
259 1283 543 1345 Sporangz’a
567 1284 781 1346 perfecta
806 1284 928 1330 intra
953 1284 1158 1330 tunicam
1186 1283 1480 1340 cellulosam,
1514 1284 1897 1347 tropliospcrmio

68 1351 477 1416 longitudinaliter
507 1353 721 1401 adnatam
754 1355 991 1411 solitaria,
1025 1363 1175 1401 strato
1210 1354 1473 1417 gelatinoso
1502 1355 1758 1412 corticata,
1791 1372 1900 1418 spo·

66 1439 162 1470 ram
196 1425 408 1482 unicam,
451 1424 551 1471 basi
584 1433 871 1483 truncatam,
920 1425 1108 1488 apiculo
1142 1426 1342 1482 mutico,
1392 1426 1736 1487 germinatione
1769 1427 1901 1489 vagi-

66 1511 170 1542 nam
204 1494 591 1559 cotyledonarem
623 1505 901 1553 exserente,
935 1495 1242 1543 includentia.
1304 1497 1587 1558 Sporangz'a
1620 1498 1899 1560 imperfecta

70 1571 270 1628 (organa
300 1567 568 1625 mascam)
601 1570 647 1613 in
680 1567 1071 1631 trophospermiis
1102 1566 1571 1630 perpendicularibus
1597 1568 1891 1630 superiorem

67 1636 321 1684 earundem
361 1646 539 1700 partem
581 1639 886 1702 occupantia,
943 1639 986 1684 in
1026 1637 1400 1684 horizontalibus
1439 1637 1497 1684 ad
1537 1637 1684 1684 basim
1724 1640 1898 1702 singuli

66 1708 271 1770 perfecti
304 1707 496 1755 binatim
530 1709 905 1772 quaternatimve
939 1709 1121 1755 sessilia
1155 1718 1234 1754 aut
1265 1707 1574 1770 pedicellata,
1616 1710 1898 1767 vesiculosa,

68 1779 402 1841 irreoulariter
431 1780 721 1841 lumpentia,
764 1779 973 1841 granulis
1005 1779 1127 1826 iutra
1158 1779 1488 1842 mucilagincm
1521 1780 1812 1840 natantibus,
1854 1798 1897 1828 v.

65 1849 340 1913 singillatim
372 1850 579 1913 gelatina
613 1849 847 1897 obvolutis
878 1851 1024 1897 foeta.

837 1985 868 2019 G·
889 1992 912 2019 E
933 1991 963 2018 Ν
985 1992 1008 2019 Ε
1030 1992 1056 2018 a
1079 1992 1124 2019 A.

178 2067 280 2102 690.
311 2066 518 2103 Pilularia
533 2063 658 2104 Lina.
1330 2059 1609 2094 Zaluzianskia
1626 2060 1740 2096 Neda

178 2125 274 2159 691.
306 2124 534 2161 Marsilaea
551 2121 674 2159 Lz'tm.
1374 2163 1379 2167 ‚
1436 2118 1462 2142 ⁹⁶

388 2173 532 2208 Lemna
547 2173 654 2207 Juss.
1120 2169 1216 2206 692.
1247 2169 1274 2204 S
1282 2170 1601 2213 phenophyllum
1618 2165 1807 2218 Brongn.

203 2258 530 2307 Affinitas·
602 2265 932 2304 Marsilaeaceae
963 2266 1154 2304 foliorum
1189 2267 1429 2304 vernatione
1458 2267 1656 2305 circinata
1684 2268 1902 2317 Filicibus,

65 2322 341 2366 sporocarpiis
358 2332 514 2367 organa
530 2322 762 2371 dimorpha‚
787 2333 956 2367 quorum
973 2325 1153 2370 dignitas
1170 2325 1214 2361 in
1230 2325 1368 2368 aprico
1385 2326 1562 2361 nondum
1581 2330 1661 2371 est,
1686 2326 1899 2364 includen—

67 2379 196 2426 tibus,
229 2378 325 2415 hinc
350 2380 649 2428 Salviniaceis,
679 2380 798 2418 illinc
821 2381 1105 2429 Selaginihus,
1138 2382 1327 2426 inprimis
1342 2382 1557 2418 Isoe‘titleis
1579 2383 1744 2430 affines,
1774 2394 1901 2427 pecu-

64 2434 210 2478 liarem
231 2444 331 2479 prae
348 2446 393 2473 se
412 2437 544 2473 serunt
567 2437 729 2474 faciem.
790 2435 1106 2485 Sphenoplzylla
1130 2438 1314 2484 fossilia‚
1347 2439 1667 2475 marsii-aearum
1691 2440 1817 2486 facie,
1851 2444 1899 2478 ob

64 2494 201 2534 plures
232 2492 418 2530 foliorum
447 2494 696 2542 verticillos,
727 2495 871 2539 petioli
899 2495 1182 2532 vernationem
1206 2495 1447 2532 circinatam
1471 2504 1592 2541 aegre
1616 2498 1898 2546 concedentes,

66 2547 257 2585 fortassis
272 2551 392 2595 longe
407 2554 457 2587 ab
474 2553 598 2595 hujus
615 2552 770 2590 ordinis
788 2552 1050 2589 contubernio
1067 2554 1348 2589 removendae.

179 2613 613 2671 Geographia·
672 2623 1021 2671 Marsilaeaceae,
1054 2623 1091 2660 si
1115 2624 1241 2660 clima
1263 2623 1463 2660 arcticum
1487 2627 1525 2659 et
1542 2624 1810 2661 antarcticum
1827 2636 1900 2662 ex-

65 2676 245 2725 ceperis,
277 2687 351 2722 pet
380 2678 622 2715 universum
652 2681 852 2716 terrarum
883 2683 1019 2716 orbem
1043 2681 1249 2727 habitant,
1280 2681 1430 2716 nullibi
1454 2680 1667 2729 copiosae,
1699 2682 1900 2719 inundata

65 2735 289 2782 paludosa,
321 2734 540 2778 fossasque
564 2739 603 2772 et
623 2738 744 2772 lacus
766 2736 1006 2773 incolentes.
1064 2737 1270 2777 Pilularia
1294 2737 1482 2773 foliorum
1505 2737 1664 2773 decoris
1689 2748 1838 2782 expers
1861 2743 1900 2775 et

66 2789 174 2827 facie
203 2791 466 2834 aliquatenus
497 2793 550 2829 ad
576 2794 736 2830 Isoe‘ten
766 2794 989 2840 accedens,
1020 2796 1137 2828 extra
1158 2795 1365 2836 Eulopam
1389 2803 1471 2829 non
1493 2793 1902 2838 gignitu1.Marsi-

63 2848 250 2883 laearum
265 2857 349 2884 una
362 2852 547 2897 nostras,
580 2849 689 2886 alias
705 2849 814 2885 Asia
829 2853 866 2886 et
881 2849 1049 2900 Africa,
1080 2851 1221 2895 plures
1236 2849 1431 2887 America
1446 2850 1533 2886 alit.
1578 2850 1708 2887 Clima
1725 2851 1901 2896 diligunt

66 2906 351 2952 temperatum,
380 2904 488 2942 inter
504 2906 681 2951 tropicos
698 2905 951 2943 rarissimae.

204 2962 266 2999 De
283 2961 552 3006 qualitatibus
566 2962 671 3001 nihil
686 2966 858 3001 constat.

485 3097 789 3159 classis
819 3098 955 3159 IX.
1027 3097 1474 3176 Selagines.

219 3217 506 3278 Truncus
535 3217 784 3295 foliatus,
815 3239 1065 3278 vasorum
1094 3219 1376 3279 fasciculis
1407 3218 1739 3278 centralibus
1767 3240 1899 3299 per·

65 3319 278 3359 cursus·
369 3302 800 3384 Sporocarpe'a
842 3305 902 3362 in
944 3305 1204 3363 foliorum
1243 3325 1291 3363 v.
1332 3305 1677 3363 bractearum
1714 3306 1899 3365 axillis

29 3454 32 3455 ⁷
66 3384 341 3461 solitaria,
371 3388 692 3465 uniformia,
725 3390 947 3468 organis
979 3389 1278 3468 dimorphis
1308 3389 1480 3463 foeta,
1518 3408 1570 3446 v.
1603 3409 1897 3467 sporocar-

65 3469 158 3547 pia
186 3470 308 3550 ipsa
339 3471 648 3552 (limorpha,
687 3494 894 3555 organa
923 3474 1340 3553 heteromorpha
1368 3473 1726 3534 includentia.
