2147 3756
1109 97 1247 181 273¹

259 315 312 342 ex
328 308 460 343 aetate
474 305 590 341 modo
607 303 801 351 pendere,
831 311 907 339 nec
923 311 975 340 ex
991 302 1231 338 diversitate
1250 301 1328 337 loci
1352 301 1507 338 natalis
1527 301 1793 351 derivandas,
1824 301 1918 340 inde
1936 297 2069 348 patet.

260 364 364 405 quod
379 362 533 398 mixtae
548 371 672 404 saepe
688 361 730 396 in
746 360 883 397 eodem
901 359 1099 394 fasciculo
1117 359 1479 400 deprehendantur.
1535 360 1646 402 Quae
1663 359 1706 395 in
1728 362 2072 404 pharmacopoliis

257 419 414 462 passim
438 421 592 461 prostat
615 413 917 464 Ipecacuanlta
928 414 1068 463 fusca
1089 423 1132 450 v.
1151 414 1279 460 nigra
1303 413 1607 458 (Ipeoacuanhe
1630 415 1756 458 brun)
1781 420 1940 452 constat
1962 417 2073 452 radi-

257 476 374 510 cibus
392 474 682 519 adultioribus,
714 474 851 515 paullo
868 465 1161 516 crassioribus,
1193 470 1365 506 subinde
1389 471 1618 507 evidentius
1641 472 1854 507 nodulosis
1877 476 1916 508 et
1939 482 2073 509 annu-

255 532 376 577 latis,
409 530 654 574 epidermide
670 527 887 572 spissiore,
920 527 1133 561 umbrino-
1145 526 1263 563 fusca
1276 536 1315 562 v.
1332 527 1560 570 nigricante
1575 528 1714 574 tectiS,
1743 528 1894 564 cortice
1910 529 2071 566 duriore

256 590 297 623 et
324 587 456 632 magis
487 587 686 621 resinosa.
745 580 1047 628 Ipeeacuanlaea
1073 581 1406 629 griseo-rubens
1430 582 1734 626 (lpecacuanue
1764 584 2012 630 gris-rouge
2034 594 2070 621 s.

255 643 364 687 gris]
391 643 566 678 radicem
589 640 699 676 sistit
727 639 950 683 juniorem,
981 639 1228 683 epidermide
1257 640 1458 687 tenuiore,
1490 641 1716 675 adhucdum
1748 639 2005 678 fuscescente
2033 644 2074 677 et

255 698 542 741 subpellucida
570 697 804 741 obductam,
836 696 1035 732 interdum
1064 696 1199 732 minus
1223 698 1437 743 nodosam,
1469 696 1635 732 corticis
1657 705 1851 740 compage
1872 697 2070 745 molliore,

254 754 556 799 subfarinaceo,
582 752 718 788 minus
735 752 1194 795 resinoso-splendente
1211 752 1426 797 insignem.
1460 749 1756 797 Cephamdam
1773 752 1881 788 aliae
1898 753 2073 801 species,

256 807 481 855 Cephae'lis
496 809 682 854 punicea
696 810 817 845 Vahl.
840 813 879 845 et
905 805 1124 854 Oephab’lis
1147 817 1342 843 muscosa
1363 810 1562 854 swarta,
1594 809 1636 844 in
1660 809 1817 845 antillis
1840 808 2071 860 indigenae,

253 868 432 902 radicem
464 866 674 901 emeticam
703 865 895 908 inquilini
924 875 1025 900 usus
1055 866 1298 908 largiuntur.
1371 863 1656 910 Psychae-iae
1679 867 1817 908 plures
1848 865 1914 901 his
1937 867 2073 908 quali-

253 926 336 959 tate
360 922 701 965 aequiparandae.
759 918 987 956 Ronabeae
1010 921 1210 956 emeth-ae
1226 922 1361 969 Rich,
1395 923 1445 957 ad
1468 922 1634 957 fluvium
1651 922 1922 966 Magdalenae
1936 923 2073 958 Novo-

251 979 566 1014 Granatensium
597 977 842 1025 crescentis,
881 979 1000 1014 radix
1030 974 1354 1023 Ipecacucmhae
1376 977 1642 1023 perum‘anae
1671 987 1704 1013 s.
1736 978 1925 1012 striatae
1954 978 2071 1015 titulo

250 1043 403 1078 magna
425 1036 626 1076 quondam
650 1034 767 1077 copia
788 1036 1020 1077 Hamburgo
1043 1044 1115 1077 per
1137 1034 1394 1070 Germaniam
1424 1034 1636 1079 divulgata
1659 1038 1740 1082 est,
1777 1034 1821 1070 vi
1854 1037 1938 1070 tute
1961 1043 2072 1071 eme-

252 1091 335 1126 tica
358 1091 572 1137 mediocri,
604 1100 679 1126 nec
700 1091 742 1126 in
766 1090 859 1133 ipsa
880 1091 1015 1134 patria
1037 1090 1269 1133 frequenter
1291 1099 1316 1126 a
1331 1091 1499 1126 medicis
1515 1091 1741 1126 adhibetur.
1800 1092 1911 1133 Quae
1928 1099 1953 1126 a
1967 1092 2072 1126 Bra·

248 1147 490 1183 siliensibus
520 1147 626 1183 inter
654 1150 876 1190 pharmaca
897 1149 1206 1190 Ipecacuanhae
1228 1147 1419 1182 virtutem
1442 1147 1714 1193 aemulantia,
1745 1143 2072 1191 [pecucuanhae

248 1201 373 1237 albae
396 1213 435 1239 v.
453 1202 704 1248 campestris
720 1202 1030 1247 (Ipecacuanna
1045 1206 1197 1239 branca
1211 1213 1246 1238 s.
1263 1204 1312 1238 do
1331 1202 1506 1246 campo]
1530 1203 1691 1238 nomine
1715 1202 2070 1250 circumferuntur,

248 1259 324 1296 illa
348 1260 390 1295 in
414 1264 626 1305 quantum,
658 1259 800 1295 missis
824 1259 1039 1302 Polygalis
1060 1263 1098 1294 et
1120 1259 1276 1305 Violis,
1308 1268 1330 1294 e
1353 1258 1653 1295 Rubiacearum
1675 1268 1841 1294 numero
1868 1263 1984 1306 sunt,
2016 1260 2069 1295 ad

247 1317 565 1360 Spermacoceas
582 1315 824 1352 referuntur.
883 1317 991 1351 Inter
1006 1318 1081 1351 has
1098 1312 1438 1349 Richardsom'ae
1459 1315 1619 1358 generis
1642 1314 1824 1360 species,
1857 1312 2073 1349 Richard-

247 1371 372 1407 som‘a
388 1370 544 1407 scabra
561 1373 617 1408 St..
636 1372 716 1407 ΗΠ.
734 1368 1043 1414 (Ipecacuanha
1060 1375 1155 1408 alba
1176 1381 1217 1408 v.
1234 1374 1451 1414 amylacea
1473 1381 1506 1407 s.
1532 1370 1776 1418 undulata),
1809 1368 2070 1406 Richardso-

245 1427 322 1462 m‘et
358 1437 485 1463 rosea
514 1430 571 1463 St.
595 1428 678 1462 Hil.
696 1454 706 1474 ,
751 1425 1069 1462 Richarclsonia
1095 1427 1275 1462 emelia-a
1296 1430 1423 1474 Mart,
1469 1425 1683 1462 Borrerioe
1701 1426 1963 1476 ferruginea
1985 1428 2070 1466 Dc,

246 1487 287 1519 et
310 1482 523 1518 Borrerv'ec
545 1482 697 1528 Poaya
719 1484 800 1519 DC.
831 1483 1031 1527 imprimis
1060 1485 1294 1520 laudantur.
1350 1483 1565 1519 Borreriae
1588 1486 1727 1526 plures
1751 1492 1777 1518 a
1799 1483 1993 1532 Nigritis,
2024 1484 2070 1521 in

243 1540 443 1576 America
469 1541 638 1577 servitio
667 1540 936 1587 mancipatis,
975 1540 1081 1578 inter
1108 1543 1409 1586 praesentanea
1437 1543 1712 1585 gonorrhoeae
1741 1540 1922 1577 remedia
1948 1549 2072 1586 prae-

246 1596 453 1633 dicantur.

387 1678 645 1715 Cltz‘ococcae
661 1679 938 1725 americanae,
958 1679 1250 1724 Cephae'lidum
1266 1679 1515 1717 contribules
1528 1707 1538 1727 ,
1557 1691 1580 1717 e
1595 1679 1732 1716 radice
1746 1683 1993 1727 nascuntur,
2017 1682 2068 1717 ob

244 1738 469 1776 salutarem
485 1739 686 1784 effectum,
719 1746 835 1780 quem
850 1737 892 1772 in
910 1737 1111 1773 hominem
1128 1737 1330 1781 serpentis
1345 1741 1545 1773 venenato
1561 1736 1643 1772 ictu
1659 1745 1843 1785 aegrum,
1873 1737 2071 1774 vomitum

240 1793 444 1838 imprimis
460 1794 616 1841 ciendo,
634 1794 828 1839 exserint,
844 1796 1022 1830 hocloco
1038 1795 1424 1830 commemorandae.
1455 1791 1658 1828 Radia-em
1671 1791 1868 1828 Cae'nanoe
1883 1803 1922 1828 v.
1938 1792 2069 1828 Cain-

242 1860 298 1885 ca
320 1859 471 1886 vocare
492 1852 671 1887 solemus
697 1850 857 1886 radices
878 1847 1135 1884 Cm'ococcae
1151 1849 1564 1898 anguv'ficgaeMart„
1595 1849 1747 1893 virgati
1763 1849 1926 1885 fruticis
1944 1849 2069 1893 (Cipo

240 1916 353 1953 cruz,
370 1907 611 1953 Fedorenta,
629 1908 817 1951 Dambre,
841 1907 945 1942 Raiz
963 1907 1011 1942 de
1028 1906 1166 1951 frade]
1184 1910 1222 1942 et
1241 1903 1498 1941 Cleo‘ocoecae
1514 1903 1766 1955 densz'foliae
1782 1909 1902 1942 Mart.
1920 1909 2070 1942 arbus-

240 1965 362 2000 culae
379 1961 507 2006 (Raiz
524 1962 684 2008 prem),
719 1964 826 2006 apud
843 1963 1119 1999 Brasilienses
1135 1963 1178 1999 in
1194 1963 1327 2006 sylvis
1343 1962 1565 2006 primaevis
1583 1962 1812 2007 degentium
1824 1989 1833 2007 ,
1865 1966 2067 1999 vocabulo

240 2029 263 2055 e
293 2019 495 2062 serpentis
526 2020 740 2061 cujusdam
769 2019 981 2065 venenati,
1013 2020 1200 2055 Cainana
1232 2030 1266 2056 s.
1291 2019 1508 2055 Caninana
1533 2019 1651 2066 dicti,
1683 2018 1844 2054 nomine
1868 2023 2064 2056 mutuato.

241 2076 460 2111 violentae
490 2076 737 2121 medicinae,
769 2078 819 2112 ab
851 2076 1001 2111 incolis
1032 2076 1344 2111 autochtonibus
1376 2079 1517 2111 contra
1546 2079 1778 2118 serpentum
1800 2084 1959 2112 morsus
1984 2075 2068 2111 fre-

238 2135 408 2174 quenter
432 2132 656 2177 adhibitae,
689 2131 873 2168 effectum
897 2132 1073 2168 Martius
1097 2132 1212 2168 vidit.
1273 2132 1471 2167 corticem
1494 2132 1646 2167 radicis
1671 2131 1845 2167 recentis
1876 2132 2067 2169 derasum

237 2187 376 2224 infuso
405 2188 590 2231 pauxillo
620 2196 751 2230 aquae
781 2188 855 2223 teri
885 2192 924 2223 et
946 2189 1076 2234 quati,
1109 2189 1235 2223 donec
1255 2187 1459 2224 saeculam
1482 2192 1698 2231 partesque
1720 2197 1859 2224 omnes
1880 2188 1923 2224 in
1949 2197 2058 2232 aqua

238 2244 438 2280 solubiles
463 2244 678 2289 dimiserit,
710 2253 936 2286 aquamque
952 2244 1045 2280 inde
1062 2247 1263 2280 obtentam
1281 2245 1400 2279 valde
1418 2245 1688 2279 turbulentam
1708 2247 1746 2278 et
1761 2244 1922 2287 saporis
1945 2246 2068 2284 valde

236 2300 554 2344 ingratimagna
571 2299 687 2343 copia
702 2300 855 2335 homini
870 2301 1013 2336 saucio
1029 2300 1180 2347 ingeri,
1214 2300 1347 2336 tradit.
1401 2301 1624 2344 Aegrotum
1639 2309 1794 2335 veneno
1811 2300 2064 2349 languidum,

238 2366 497 2403 soporosum,
542 2357 615 2392 vix
644 2357 710 2392 sui
741 2359 982 2402 compotem,
1020 2366 1115 2392 mox
1143 2356 1463 2392 eructationibus
1495 2355 1750 2391 creberrimis
1780 2359 1819 2391 et
1849 2360 1930 2393 tam
1962 2356 2063 2394 diris

237 2414 412 2449 motibus
438 2413 696 2448 convulsivis
719 2412 950 2448 excruciari
975 2413 1114 2459 refert,
1148 2416 1211 2458 ut,
1242 2413 1339 2448 licet
1362 2412 1587 2455 exsanguis
1618 2416 1657 2448 et
1686 2411 1806 2455 quasi
1836 2422 1928 2449 cum
1958 2412 2064 2450 facie

235 2469 534 2515 hippocratica,
565 2471 640 2504 sub
672 2477 831 2503 summa
860 2468 1008 2504 virium
1037 2469 1330 2517 prostratione,
1361 2468 1549 2505 lethifero
1572 2469 1654 2505 ictu
1679 2468 1922 2517 corruisset,
1955 2480 2063 2506 nuuc

235 2535 312 2561 nec
343 2535 415 2568 per
443 2525 608 2560 unicum
640 2524 798 2568 quidem
829 2525 1020 2567 temporis
1042 2529 1286 2561 momentum
1309 2525 1469 2568 quietus
1493 2534 1657 2561 manere
1681 2524 1822 2568 possit.
1881 2527 2062 2563 Tandem

236 2585 329 2625 post
353 2581 549 2624 plurimos
574 2584 612 2616 et
641 2580 734 2616 visu
767 2580 967 2616 terribiles
999 2573 1188 2623 spasmos
1220 2584 1258 2616 et
1288 2581 1472 2617 universi
1501 2580 1681 2624 corporis
1710 2582 1984 2618 volutationes
2015 2583 2060 2620 in

237 2647 423 2674 enormes
454 2637 611 2680 rapitur
633 2637 830 2683 vomitus,
863 2636 1011 2679 quibus
1034 2637 1229 2682 salivam,
1261 2637 1404 2684 bilem,
1437 2639 1644 2684 chymum,
1676 2637 1756 2672 imo
1781 2637 1918 2674 faeces
1940 2641 2061 2683 larga

236 2694 358 2737 copia
386 2693 526 2736 egerit.
605 2694 837 2729 Succedunt
866 2692 1107 2730 subitaneae
1137 2693 1223 2728 alvi
1254 2693 1544 2729 evacuationes
1581 2692 1742 2729 saecum
1780 2694 1900 2736 quasi
1937 2704 2059 2731 succo

235 2749 395 2786 viscido
411 2750 706 2795 involutarum,
739 2758 861 2797 quae,
893 2749 931 2785 si
948 2748 1138 2785 continua
1152 2759 1226 2792 per
1241 2749 1395 2792 aliquot
1419 2749 1611 2793 temporis
1634 2749 1811 2792 spatium
1837 2750 1944 2786 serie
1965 2760 2060 2787 sese

236 2806 466 2852 excipiant,
499 2815 590 2842 cum
619 2805 779 2841 visibili
809 2805 922 2850 aegri
949 2806 1175 2852 levamine,
1207 2805 1335 2841 fausti
1364 2805 1501 2841 exitus
1530 2804 1684 2840 indicia
1712 2808 1931 2853 habentur,
1963 2815 2060 2843 nam

236 2862 541 2898 excretionibus
563 2862 657 2899 istis
680 2862 850 2898 sudores
871 2861 1098 2906 largissimi
1120 2864 1363 2908 succedunt,
1395 2870 1491 2897 mox
1515 2863 1706 2897 blandum
1729 2871 1913 2908 somnum
1936 2863 2061 2898 indu-

235 2921 389 2955 centes.
446 2918 562 2953 Omni
578 2921 653 2955 sub
671 2921 847 2960 tempore
864 2927 941 2961 quo
957 2925 1077 2961 aeger
1091 2917 1245 2954 vomitu.
1260 2921 1297 2953 et
1314 2917 1400 2953 alvi
1422 2916 1761 2954 evacuationibus
1783 2908 2056 2967 excruciatur,

237 2974 466 3010 familiares
489 2974 570 3018 ipsi
593 2973 756 3010 vulneri
786 2975 955 3009 eandem
985 2973 1160 3009 radicem
1191 2976 1404 3009 contusam
1431 2973 1661 3021 adplicant,
1691 2982 1817 3017 saepe
1846 2984 2060 3011 revomen-

236 3031 330 3066 dam
351 3034 390 3066 et
412 3039 503 3066 cum
528 3033 659 3066 altera
679 3030 914 3075 recentiori,
945 3029 1035 3066 sive
1057 3037 1170 3064 mera
1194 3028 1284 3066 sive
1313 3029 1411 3065 aliis
1439 3029 1576 3065 herbis
1608 3033 1647 3065 et
1675 3030 1882 3066 radicibus
1911 3031 2055 3078 mixta,

235 3087 487 3123 mutandam.
544 3086 684 3123 Dosim
713 3086 865 3122 radicis
895 3084 1070 3121 recentis
1100 3084 1220 3121 tritae
1240 3095 1310 3128 pro
1336 3094 1415 3121 usu
1438 3085 1595 3121 interno
1618 3087 1789 3122 duarum
1811 3089 1863 3124 ad
1886 3090 2060 3130 quatuor

235 3144 518 3179 drachmarum
547 3152 641 3179 esse
669 3142 920 3187 observavit,
960 3142 1023 3178 bis
1054 3145 1192 3183 terque
1220 3141 1347 3185 primo
1379 3141 1443 3178 die
1474 3141 1718 3190 iterandam,
1765 3143 1847 3179 nisi
1877 3146 2056 3191 morbuS,

236 3199 341 3241 quod
364 3209 445 3235 non
469 3207 559 3235 raro
582 3198 750 3245 accidit,
782 3207 866 3234 una
896 3198 985 3235 dosi
1016 3198 1248 3245 frangatur,
1279 3202 1317 3234 et
1348 3207 1499 3241 paucos
1529 3202 1618 3242 post
1650 3199 1737 3234 dies
1766 3199 1810 3235 in
1840 3199 2058 3236 sani-tatem

235 3258 368 3292 abeat.
433 3255 637 3292 Debilitas
666 3263 845 3302 summa,
890 3259 1037 3291 tremor
1066 3258 1245 3302 artuum,
1289 3255 1396 3290 livor
1426 3258 1467 3291 et
1504 3255 1744 3299 digestionis
1772 3255 2059 3292 vehementius

233 3311 508 3348 labefactatae
535 3314 835 3356 phaenomena,
866 3314 1034 3348 suborta
1062 3319 1187 3355 saepe
1214 3311 1610 3359 leucophlegmasia,
1642 3314 1681 3348 et
1709 3313 1851 3348 ulcera
1872 3311 1916 3348 in
1939 3314 2056 3355 parte

234 3369 454 3405 vulnerata
474 3368 676 3415 maligna,
708 3372 862 3411 quanta
883 3367 1082 3404 violentia
1105 3367 1148 3403 in
1178 3367 1452 3412 organismum
1482 3372 1618 3404 actum
1647 3367 1722 3415 sit,
1753 3368 1858 3405 satis
1888 3367 2054 3404 demon-

233 3426 379 3460 strant.
439 3422 695 3460 Chae‘ococcae
712 3432 955 3460 racemosae
970 3425 1106 3472 Jacq.‚
1135 3424 1180 3460 in
1195 3424 1467 3461 Americacis
1483 3428 1743 3467 aequatorem
1759 3423 1955 3461 calidiore
1979 3431 2057 3459 na·-

235 3479 409 3529 scentis,
447 3481 623 3519 radicem
651 3480 759 3519 inter
785 3481 963 3519 remedia
990 3480 1170 3519 drastice
1199 3480 1437 3531 purgantia,
1475 3480 1760 3519 efficacissime
1789 3479 1989 3518 diuretica
2016 3484 2056 3516 et
