2147 3756
1029 135 1148 185 2043

916 214 1012 221 m>
1019 216 1183 220 my-
1218 212 1260 218 ,Α

177 312 340 356 dentes,
374 309 485 346 sonis
516 307 810 354 ternansectis,
845 307 1184 344 Cucurbitaceam
1213 314 1255 342 v.
1285 305 1571 343 Passiffoream
1601 307 1814 347 simulant,
1847 312 1886 344 et
1909 317 1992 344 em-

176 371 328 410 bryone
350 367 578 403 adhucdum
608 364 812 407 incognito
843 362 1042 399 subdubie
1065 372 1156 397 cum
1177 363 1409 405 Gyrocarpo
1431 363 1731 400 consociantur.
1788 365 1994 400 Remotio}-

177 428 236 459 θεῖ
270 422 496 466 Gyrocarpi
526 430 616 456 cum
646 419 944 456 Combretaceis
975 428 1028 454 ex
1057 418 1287 460 embryonis
1317 422 1521 456 structura
1549 419 1750 467 affinitas,
1781 425 1820 457 et
1851 420 1994 463 aliqua

174 489 197 516 e
213 479 369 516 fructus
386 478 515 515 forma
532 486 623 513 cum
636 475 964 519 Dipterocarpeis
982 474 1186 518 analogia.
1548 488 1553 493 ,

316 539 746 598 Geographia.
804 545 952 580 Omnes
982 543 1089 579 inter
1119 542 1296 587 tropicos
1323 544 1521 582 habitant.
1581 544 1803 589 Gyrocarpi
1834 545 1993 588 species

174 608 366 652 quatuor,
397 608 540 640 harum
562 607 643 637 tres
664 600 806 636 Indiae
828 600 1120 647 continentem,
1151 600 1315 636 insulas
1337 604 1376 636 et
1397 601 1702 636 Australasiam
1719 601 1912 644 tropicam
1929 601 1994 636 in·-

174 665 331 708 colunt,
364 664 509 704 quarta
531 657 766 694 americana
790 657 1013 702 antillana,
1045 660 1152 692 certe
1176 665 1397 703 congener,
1430 656 1467 692 si
1484 660 1618 693 tamen
1634 656 1771 701 specie
1789 659 1837 693 ab
1855 656 1994 694 indica

175 719 352 755 diversa.
410 717 601 758 Illigerae
618 713 659 748 in
676 712 810 755 sylvis
827 712 988 748 insulae
1004 713 1111 748 Java
1125 716 1308 756 repertae
1324 712 1501 749 fuerunt.

313 789 373 824 De
390 782 657 831 qualitatibus
675 785 714 819 et
728 791 807 820 usu
822 781 925 818 nihil
943 785 1132 825 constat„

608 916 779 964 ordo
810 890 1038 963 cmi.
1111 915 1559 997 santalaceae.

313 1019 510 1068 Herbae
540 1034 722 1066 annuae
751 1034 795 1065 v.
826 1015 1323 1082 perenne5,frzcte'ces
1353 1035 1397 1066 v.
1434 1017 1659 1075 arbores,
1689 1017 1818 1064 foliis
1849 1017 1992 1065 alter·

175 1093 271 1150 nis,
318 1108 365 1138 v.
402 1088 634 1136 interdum
666 1089 713 1134 in
745 1089 974 1135 inferiore
1005 1087 1288 1134 ramulorum
1320 1097 1453 1151 parte
1485 1087 1824 1151 suboppositis,
1870 1090 1993 1135 inte-

175 1162 420 1226 gerrimis,
461 1158 806 1223 penninerviis,
848 1158 1081 1205 coriaceis
1112 1174 1155 1205 v.
1187 1158 1419 1204 interdum
1452 1159 1737 1215 carnosulis,
1785 1156 1994 1221 quando-

175 1249 264 1297 que
296 1228 767 1295 squamaeformibus,
800 1245 844 1276 v.
876 1229 1013 1292 plane
1048 1228 1292 1276 obsoletis,
1349 1230 1572 1292 ScePulae
1601 1228 1773 1274 nullae.
1818 1230 1992 1276 Flores

171 1303 378 1366 perfecti
416 1318 461 1349 v.
505 1301 657 1347 rarius
698 1299 866 1346 abortu
905 1299 1196 1361 imperfecti,
1242 1300 1397 1362 parvi,
1446 1299 1682 1346 racemosi
1719 1314 1762 1345 v.
1803 1299 1989 1361 spicati,

173 1372 405 1420 interdum
442 1370 718 1434 paniculati,
767 1385 1090 1431 nonnunquam
1133 1369 1331 1414 solitarii
1370 1369 1612 1426 axillares,
1658 1367 1895 1415 bracteati
1942 1377 1991 1415 et

172 1443 474 1490 bracteolati.
565 1441 877 1502 Perigom'um
916 1439 1135 1501 simpleX,
1183 1440 1421 1485 rarissime
1461 1439 1677 1502 calyculo
1716 1439 1988 1486 accessorio

174 1513 420 1569 munitum,
453 1512 577 1557 intus
612 1510 894 1565 coloratum,
930 1508 1212 1564 tubulosum,
1246 1509 1357 1554 tubo
1392 1525 1493 1555 cum
1526 1509 1736 1571 germine
1770 1518 1988 1566 connato,

175 1581 407 1630 interdum
453 1596 592 1643 supra
637 1577 749 1626 illud
795 1577 1052 1641 producto,
1104 1578 1232 1625 limbi
1279 1577 1794 1642 quadri-quinquefidi,
1840 1581 1991 1642 persi-

174 1655 420 1709 stentisxv.
454 1651 641 1713 saepius
681 1648 895 1707 decidui,
946 1648 1067 1695 lobis
1105 1664 1192 1711 per
1231 1649 1588 1696 aestivationem
1625 1649 1841 1706 valvatis,
1888 1649 1991 1696 basi

174 1725 298 1771 intus
330 1736 475 1784 saepe
507 1721 802 1777 incrassatis,
850 1719 1026 1782 glabris
1063 1735 1107 1766 v.
1138 1718 1362 1766 barbatis.
1435 1721 1611 1766 Discus
1648 1734 1872 1766 carnosus
1910 1735 1989 1766 va-

175 1795 294 1851 rius,
340 1793 386 1839 in
425 1792 529 1837 aliis
568 1791 690 1836 ultra
732 1790 955 1851 germinis
994 1797 1042 1836 et
1072 1789 1167 1835 tubi
1209 1789 1518 1852 perigonialis
1550 1789 1835 1853 sympbysim
1867 1788 1989 1836 haud

172 1862 451 1931 productUS‚
497 1861 543 1906 in
589 1860 692 1907 aliis
737 1861 783 1905 in
830 1860 1043 1906 laminam
1083 1861 1306 1921 germinis
1346 1860 1513 1906 vertici
1553 1861 1838 1922 impositam,
1886 1859 1989 1923 plus

172 1935 322 1983 minus
369 1947 597 1988 crassam,
652 1929 875 1988 lobatam,
930 1929 1051 1976 iobis
1100 1945 1202 1976 cum
1250 1929 1376 1976 limbi
1423 1930 1606 1976 laciniis
1651 1929 1990 1976 alternantibus

172 2005 373 2060 effusus,
430 2002 477 2048 in
516 1999 787 2064 quibusdam
819 1999 955 2062 juxta
992 1999 1093 2046 tubi
1123 2000 1352 2062 parietem
1382 1998 1640 2063 productus
1670 2001 1716 2046 in
1749 1996 1989 2062 glandulas

172 2075 276 2140 plus
315 2074 462 2120 minus
500 2072 795 2128 manifestas,
845 2068 1078 2116 interdum
1119 2069 1435 2133 petaloideas,
1484 2086 1585 2116 cum
1633 2069 1760 2116 limbi
1805 2070 1988 2117 laciniis

174 2146 403 2200 alternas,
450 2157 776 2203 nonnunquam
817 2149 946 2187 retro
987 2141 1182 2186 stamina
1221 2141 1267 2186 in
1306 2139 1489 2186 lobulos
1529 2139 1721 2202 glabros
1757 2156 1805 2188 v.
1846 2140 1989 2187 fasci-

177 2213 548 2276 culato-pilosos
587 2212 779 2258 solutus.
854 2211 1074 2257 Stamina
1104 2211 1342 2273 perigonii
1373 2209 1493 2257 lobis
1524 2226 1719 2257 numero
1751 2211 1984 2274 aequalia,

173 2284 434 2347 iisdemque
468 2283 682 2345 opposita
713 2289 761 2328 et
790 2279 889 2327 basi
922 2278 1126 2339 inserta,
1153 2280 1428 2343 filamente's
1458 2279 1706 2338 subulatis,
1746 2280 1985 2338 brevibus,

173 2357 253 2403 vix
282 2354 423 2401 limbo
455 2351 777 2415 longioribus,
827 2349 1003 2413 glabris
1035 2366 1078 2397 v.
1110 2350 1619 2412 fasciculato-pilosiS,
1670 2345 1887 2398 anthcrz's
1915 2351 1987 2396 in-

173 2425 366 2481 trorsiS,
412 2421 748 2470 bilocularibus
785 2437 829 2468 v.
862 2420 1100 2467 rarissime
1141 2419 1620 2484 quadrilocularffius,
1667 2419 1986 2483 longitudina-

174 2496 286 2543 liter
331 2492 702 2541 dehiscentibus.
794 2493 993 2539 Germen
1038 2491 1259 2548 inferum,
1314 2490 1624 2537 uniloculare.
1717 2492 1987 2538 Gcmmulae

174 2570 364 2622 2—4,
412 2563 683 2626 saepissime
722 2566 752 2612 3
794 2562 892 2621 (vix
928 2562 1112 2619 unica),
1166 2577 1226 2608 ex
1262 2562 1398 2624 apice
1438 2560 1716 2608 columellae
1764 2561 1987 2608 centralis

173 2636 376 2693 liberae,
424 2634 653 2680 filiformis
692 2649 736 2680 v.
778 2629 1415 2694 crassiusculaependulae,
1463 2640 1739 2694 anatropae.
1822 2632 1988 2693 Stylus

171 2705 453 2763 terminaliS,
505 2703 721 2766 simplex,
767 2701 952 2760 brevis,
991 2704 1168 2764 stigma
1200 2703 1478 2765 capitatum,
1521 2701 1732 2749 breviter
1760 2701 1985 2747 bi-trilo-

170 2777 301 2834 bum,
347 2775 585 2835 rarissime
626 2772 873 2821 radiatum.
946 2773 1152 2820 Fructus
1188 2781 1582 2819 nucamentaceus
1618 2788 1663 2817 v.
1705 2770 1983 2833 drupaceus,

169 2856 221 2895 ut
250 2848 492 2911 plurimum
525 2844 667 2891 limbo
700 2843 936 2907 perigonii
966 2843 1275 2904 persistente,
1321 2846 1646 2904 nonnunquam
1679 2836 1818 2888 etiam
1852 2840 1983 2887 disco

171 2910 472 2966 increscente
526 2915 742 2978 styloque
797 2921 1071 2969 coronatus,
1138 2913 1292 2975 rarius
1345 2912 1524 2969 calvus,
1592 2910 1888 2957 umbilicatus
1941 2925 1982 2959 v.

171 2988 481 3050 marginatuS,
540 2983 779 3047 putamine
825 2990 1072 3028 crustaceo
1118 2998 1164 3028 v.
1205 2980 1439 3029 interdum
1484 2979 1735 3038 subossco,
1796 2996 1985 3045 semper
2029 2973 2031 2977 ’

170 3071 519 3119 monospermO.
591 3052 801 3115 Embryo
833 3053 956 3099 intra
987 3051 1231 3099 albuminis
1270 3051 1413 3098 basim
1453 3051 1775 3114 orthotropus,
1822 3060 1982 3098 rectus

168 3146 214 3177 v.
252 3125 464 3174 nonnihil
509 3123 745 3186 obliquuS,
796 3121 978 3178 brevis,
1029 3122 1267 3168 rarissime
1314 3120 1504 3168 dimidio
1549 3121 1780 3174 albumine
1825 3121 1982 3184 paullo

171 3198 385 3261 longior,
436 3193 802 3257 cotyledom‘bas
832 3190 1130 3259 cyliqdricis,
1176 3192 1401 3239 radicula
1431 3191 1589 3251 brevi,
1633 3207 1831 3257 supera,
1874 3206 1982 3239 ver-

168 3270 311 3317 ticem
341 3268 520 3314 fructus
552 3271 793 3329 spectante
822 3279 866 3310 v.
899 3277 1078 3309 sursum
1111 3261 1392 3325 centrifuga.

933 3394 967 3430 G
983 3401 1008 3430 Β
1029 3401 1058 3429 1³1
1079 3401 1103 3430 Β
1123 3401 1152 3429 R
1169 3401 1217 3430 A.
1675 3445 1678 3448 y

254 3481 377 3518 2070.
409 3478 763 3527 Quincllamalium
777 3474 897 3516 Juss.
1187 3476 1266 3513 20⁷
1276 3477 1311 3513 1.
1342 3477 1525 3520 Arjoona
1543 3474 1645 3513 Cav.
