2147 3756
1044 84 1163 135 (354

581 279 749 327 ordo
778 278 1054 328 CCLXV.
1112 278 1628 337 Rhizophoreae.

335 381 561 431 Arbores
603 399 647 430 v.
679 380 919 445 frutices,
979 381 1118 444 ramis
1172 382 1426 445 oppositis,
1488 381 1676 429 ramulis
1728 381 2007 445 tetragonis.

196 454 338 504 Folia
370 455 612 518 opposita,
645 453 895 516 petiolata,
928 452 1183 514 simplicia,
1228 452 1476 510 coriacea,
1516 453 1847 516 penninervia,
1889 453 2011 501 inte-

197 527 418 589 gerrima.
471 525 692 586 Stipulae
724 523 1128 585 interpetiolares,
1162 524 1381 586 utrinque
1413 523 1674 581 solitariae,
1711 523 2009 582 convolutae,

198 594 445 643 deciduae.
518 596 688 642 Flores
718 594 945 655 perfecti,
978 593 1247 655 regulares,
1282 594 1327 639 in
1359 592 1633 656 pedunculis
1666 594 1935 641 axillaribus
1966 610 2011 641 v.

198 666 542 721 terminalibus,
591 663 997 721 di-trichotomis,
1042 663 1274 710 interdum
1312 664 1358 709 in
1398 665 1646 727 capitulum
1685 665 2011 728 approximati.

200 739 357 799 Calyce
407 735 683 798 saepissime
734 734 836 780 basi
889 734 1084 781 bractea
1136 735 1432 798 cupulifonni
1491 735 1709 798 stipatus,
1770 735 2009 782 rarissime

197 808 517 862 ebracteatuS,
581 804 690 852 tubo
738 821 840 851 cum
887 805 1113 873 germine
1144 822 1189 853 v.
1238 822 1339 852 cum
1386 804 1594 868 ejusdem
1641 805 1741 852 basi
1787 813 2011 864 connato,

197 878 338 925 limbo
370 892 540 939 supero
572 892 614 921 v.
649 876 966 938 semisupero‚
1014 874 1209 939 quadri·
1221 866 1670 939 duodecimpartitO,
1712 877 2013 939 persistente,

198 949 381 995 laciniis
420 946 731 993 aestivatione
770 947 985 992 valvatis.
1034 948 1291 1009 Corollae
1321 947 1476 1010 petala
1508 947 1685 1010 calycis
1718 947 1899 993 laciniis
1932 963 2017 993 nu-

197 1034 326 1066 mero
366 1017 583 1081 aequalia
622 1026 671 1064 et
708 1017 913 1074 alterna,
961 1017 1130 1063 annulo
1174 1033 1374 1064 carnoso
1413 1018 1515 1080 plus
1554 1018 1701 1064 minus
1746 1017 2013 1075 manifesto,

196 1091 320 1137 inter
360 1088 539 1152 calycis
580 1086 736 1135 tubum
777 1095 826 1134 et
870 1102 1066 1149 germen
1111 1095 1331 1151 protruso
1379 1097 1514 1136 extus
1559 1088 1761 1144 inserta,
1810 1087 2010 1145 sessilia,

196 1162 384 1223 integra
424 1168 474 1206 et.
509 1158 668 1222 plana,
715 1175 756 1206 v.
788 1156 930 1205 bifida
971 1167 1019 1207 et
1056 1158 1156 1205 basi
1190 1157 1541 1221 conduplicata,
1589 1158 1709 1205 lobis
1741 1158 1939 1220 integris
1969 1173 2012 1205 v.

196 1231 448 1278 laciniatiS.
514 1229 740 1277 Stamina
772 1245 874 1275 cum
905 1229 1073 1292 petalis
1105 1230 1306 1286 inserta,
1342 1228 1479 1292 duplo
1512 1245 1554 1280 v.
1585 1229 1725 1291 triplo
1759 1227 2016 1275 eorundem

195 1318 414 1359 numer0,
461 1301 613 1348 rarius
653 1299 885 1363 multipla,
935 1300 1210 1362 saepissime
1250 1299 1415 1357 iisdem
1463 1300 1732 1362 geminatim
1779 1300 2014 1363 opposita.

195 1374 470 1420 Fe'lamenta
503 1371 738 1419 filiformia
768 1387 810 1418 v.
843 1368 1081 1427 subulata,
1122 1369 1291 1419 libera.
1367 1371 1626 1418 Antherae
1657 1370 1912 1427 inti-orsae,
1944 1369 2016 1416 bi-

196 1444 454 1501 loculares,
515 1441 614 1489 basi
659 1457 701 1488 v.
751 1439 907 1487 dorso
939 1456 1079 1504 supra
1123 1440 1268 1487 basim
1315 1442 1547 1498 insertae,
1612 1439 2018 1504 longitudinaliter

198 1514 516 1562 dehiscentes.
596 1514 796 1559 Germen
837 1512 1038 1559 inferum
1074 1527 1118 1559 v.
1161 1512 1506 1569 semiinferum,
1559 1520 1691 1574 parte
1732 1510 1901 1558 adnata
1946 1511 2018 1558 bi-

197 1583 688 1648 tri—quadriloculari,
743 1583 912 1630 loculis
959 1583 1216 1646 gemmulas
1261 1583 1394 1630 binas
1440 1583 1730 1640 foventibu3‚
1778 1583 2017 1629 rarissime

196 1655 502 1712 uniloculari,
550 1654 793 1718 gemmulis
833 1669 939 1712 sex,
989 1662 1123 1718 parte
1165 1653 1316 1700 libera
1348 1653 1522 1711 solida,
1569 1654 1616 1715 in
1646 1654 1820 1715 stylum
1853 1653 2018 1699 filifor-

198 1743 318 1774 mem
348 1743 394 1775 v.
432 1725 672 1783 conicum,
717 1727 947 1787 stigmate
985 1725 1294 1788 integerrimo
1334 1741 1378 1772 v.
1412 1723 1756 1771 bi-tridentato
1796 1724 2019 1771 termina-

198 1808 316 1855 tum,
371 1797 608 1844 continua.
678 1796 944 1843 .Gemmula
998 1811 1058 1842 ex
1102 1797 1237 1859 apice
1283 1796 1459 1859 anguli,
1488 1795 1711 1842 centralis
1758 1795 2019 1841 loculorum

198 1868 542 1927 collaterali-ter
572 1865 795 1930 pendula,
830 1875 1072 1930 anatropa.
1124 1868 1330 1914 Fructus
1362 1867 1631 1923 coriaceus,
1666 1865 1844 1930 calycis
1877 1865 2017 1911 limbo

196 1940 510 2005 persistente,
561 1938 908 2002 patentiusculo
943 1939 1124 1985 cinctus
1154 1954 1196 1985 v.
1233 1946 1509 1995 coronatus,
1557 1937 1724 1984 abortu
1758 1936 2019 1997 unilocula-

196 2012 284 2068 ris,
333 2025 711 2072 monospermus,
761 2010 896 2072 apice
942 2011 1136 2057 semzm‘s
1181 2008 1543 2065 exalbuminosi,
1592 2008 1787 2064 inversi,
1836 2007 2020 2069 cotyle-

200 2081 404 2129 dombus
437 2080 615 2127 duabus
646 2081 798 2143 planis
838 2081 1082 2137 instructi,
1132 2096 1240 2126 mox
1277 2081 1606 2143 germinantis,
1652 2079 1879 2125 radicula
1917 2077 2020 2124 lon·

198 2153 411 2217 gissima,
446 2152 630 2199 clavata
660 2168 702 2200 v.
735 2151 971 2199 fusiformi
1002 2151 1286 2214 perforatus.

967 2268 1001 2304 G
1018 2275 1044 2303 E
1061 2275 1093 2302 N
1111 2275 1137 2303 E
1156 2276 1186 2303 R
1203 2275 1251 2303 A.

311 2354 433 2390 6098.
463 2351 723 2396 Rhizophora
740 2348 862 2390 Lam.
1248 2349 1372 2388 6102.
1404 2349 1586 2389 Garama
1604 2346 1742 2384 Roxb.

370 2414 406 2436 a.
433 2401 585 2444 Mangle
604 2401 718 2435 Endl.
1456 2398 1659 2432 Baraldeia
1680 2397 1872 2432 Thomu-5.

369 2445 402 2478 b.
429 2445 580 2488 Aerope
599 2444 712 2478 Endl.
1456 2441 1654 2475 Baranltia
1673 2439 1806 2475 Stetcd.

312 2497 437 2531 6099.
469 2496 635 2537 Ceriops
651 2489 762 2529 Ara.
1456 2485 1634 2518 Difltssmfl
1650 2483 1767 2518 Lour.

313 2553 436 2587 6100.
467 2551 672 2587 Karmena
697 2547 844 2595 W2·gm
860 2552 900 2587 et
915 2545 1021 2586 Arn.
1455 2525 1830 2603 {gttfflfflssfffffi

313 2610 437 2645 (3101.
467 2608 696 2650 BrugUlel'a
714 2605 834 2644 Lam.
1459 2612 1674 2646 Demidofia
1690 2612 1852 2646 Dennst,

523 2655 774 2691 Paletuveria
795 2656 988 2692 Theman.

338 2743 660 2788 AffinitaS·
721 2750 845 2796 Ordo,
876 2748 1102 2786 seminibus
1119 2746 1228 2785 intra
1241 2746 1515 2792 pericarpium
1537 2755 1626 2782 cum
1652 2746 1779 2790 stirpe
1800 2746 1928 2782 matre
1951 2753 2022 2781 co-

164 2848 166 2851 .
200 2809 371 2848 haerens
409 2807 733 2851 germinantibus
771 2810 811 2842 et
839 2807 1018 2843 radicem
1049 2805 1093 2841 in
1123 2810 1271 2841 terram
1302 2804 1519 2848 agentibus
1552 2803 1798 2848 singularis,
1843 2801 1939 2838 hinc
1969 2802 2022 2837 ad

200 2866 471 2902 Oenotnereas
489 2867 524 2898 et
541 2863 814 2898 mediantibus
830 2862 1092 2907 Legnotideis
1110 2863 1162 2898 ad.
1176 2852 1508 2908 Lyth'rariaceas,
1534 2859 1652 2895 illinc
1668 2860 1720 2895 ad
1738 2858 2023 2896 cunoniaceas

202 2919 508 2964 simplicifolias
525 2920 719 2955 accedere
736 2919 908 2955 videtur.

343 2982 770 3040 Geographia.
843 2988 1169 3035 Rhizophoreae,
1210 2986 1253 3023 in
1281 2986 1486 3023 littoribus
1516 2985 1687 3022 marinis
1718 2987 1866 3030 plagae
1896 2983 2023 3021 inter-

203 3047 382 3090 tropicae
406 3048 528 3082 totius
551 3047 660 3082 orbis
685 3045 840 3090 ingenti
856 3045 1157 3081 individuorum
1174 3053 1338 3079 numero
1355 3044 1520 3089 obviae,
1553 3043 1757 3087 regionem
1774 3042 2023 3085 peculiarem

202 3104 408 3155 formant,
427 3107 463 3140 et
495 3103 767 3147 vegetationis
792 3102 1006 3149 littoralis,
1037 3110 1128 3137 cum
1151 3100 1415 3146 Avicenniis,
1446 3100 1689 3143 Aegicerate
1711 3099 1888 3141 aliisque
1910 3099 2024 3141 ejus-

202 3162 308 3196 modi
347 3160 520 3206 plantis,
559 3159 804 3203 principalis
833 3168 931 3202 pars
961 3162 1069 3196 sunt.
1135 3157 1302 3200 Species
1334 3166 1386 3192 ex
1418 3157 1611 3192 America
1640 3156 1763 3192 unica
1793 3155 2022 3191 adhucdum

178 3213 182 3217 ’
202 3218 385 3263 cognita,
416 3219 556 3253 eadem
588 3215 779 3253 fortassis
810 3216 933 3252 etiam
957 3215 1001 3251 in
1022 3213 1192 3252 Africae
1213 3213 1346 3250 littore
1369 3213 1559 3249 orientali
1582 3212 1724 3260 obvia,
1754 3211 1955 3256 plurimae
1979 3210 2023 3246 in

204 3274 329 3321 Asia,
360 3273 560 3317 imprimis
575 3272 756 3309 insulari
771 3276 970 3316 repertae.

345 3337 705 3388 Qualitates
737 3347 776 3381 et
804 3349 972 3384 usus.
1031 3340 1217 3378 Omnium
1247 3342 1386 3377 cortex
1416 3339 1698 3388 adstringens,
1731 3336 1882 3376 diversi
1911 3337 2021 3381 apud

205 3398 399 3436 coriarios
429 3403 469 3436 et
499 3401 713 3448 tinctores,
744 3410 821 3437 nec
851 3409 930 3437 non
960 3400 1003 3436 in
1032 3398 1237 3435 medicina
1259 3397 1448 3441 populari
1471 3406 1575 3434 usus
1595 3399 1670 3434 est.
1728 3397 2022 3431 Nonnullarum

207 3455 364 3493 semina
380 3457 593 3494 admodum
610 3461 794 3507 austera,
819 3456 1104 3504 pauperrimae
1120 3456 1226 3500 apud
1242 3455 1365 3493 Indos
1381 3453 1490 3501 plebi
1507 3455 1666 3492 Arecae
1683 3455 1772 3490 loco
1789 3455 1904 3501 sunt,
1931 3459 2021 3487 cum
