2147 3756
950 89 1063 139 155

98 274 232 306 vatus.
291 264 511 301 Saurarus
534 270 572 301 et
587 260 846 310 Aneminpsis
869 272 1020 308 genera
1041 260 1294 310 ameiioana,
1329 255 1550 305 spumeum
1574 264 1611 295 et
1626 257 1924 306 Hoaccaynme

99 327 265 370 Asiam,
298 320 613 368 Aponagetmzes
631 321 818 357 Africam
835 321 1077 356 inhabitant.

241 387 604 440 Qualitates
631 395 669 427 et
690 398 858 430 usus.
919 393 1151 426 Sam-ureae
1168 388 1365 431 qualitate
1383 385 1604 422 aromatica
1623 385 1789 421 subacri
1806 394 1923 422 suam

54 480 58 483 ⁴
99 462 188 488 cum
211 451 448 494 Piperaceis
473 450 712 485 affinitatem
737 450 983 484 confirmant.
1045 443 1231 480 Sam-urz·
1253 442 1399 478 cermlz‘
1420 443 1539 478 Linn.
1565 442 1714 486 (vulgo
1740 441 1925 477 Lizaril’s

99 509 212 552 Tail,
245 507 569 550 Breast-weed)
602 507 644 541 in
677 505 877 541 umbrosis
908 504 1086 539 humidis
1110 502 1329 538 Americae
1359 500 1536 537 borealis
1566 498 1776 534 nascentis
1807 498 1928 534 radix

96 565 140 601 in
165 567 315 607 pultem
339 564 512 599 contrita
542 563 584 597 in
616 562 828 605 pleuritico
861 562 995 596 dolore
1026 560 1224 602 applicari
1256 561 1370 594 solet.
1433 553 1731 600 Houctuynme
1762 557 1927 589 herbam

98 621 470 658 Cocliinchinenses
495 620 601 654 inter
624 619 802 654 remedia
819 625 1106 661 emmenagoga
1120 618 1284 652 habent.
1344 610 1684 660 Aponogelonum
1702 615 1739 648 et
1757 608 1929 656 Spectari

98 679 321 715 rhizomata
337 677 426 713 Indi
445 680 483 711 et
498 675 738 711 nouentoui
753 679 911 710 vorant.

436 809 737 870 Classis
768 809 1054 868 XXIV.
1129 805 1586 878 Aquaticae.

238 945 463 1004 Herbae
496 944 807 1022 aquaticae,
844 941 1069 999 floribus
1099 940 1360 1019 perfectis
1391 961 1439 997 v.
1472 939 1790 1012 diclinihus,
1828 958 1929 1015 pe-

96 1032 310 1110 rigonio
349 1030 500 1088 nullo
546 1049 596 1086 v.
635 1028 1051 1101 rudimentario,
1097 1027 1342 1104 germine
1386 1023 1929 1103 uni-pluriloculari,

96 1116 379 1196 gemmulis
426 1114 686 1172 solitariis
730 1133 783 1174 V.
822 1113 1097 1191 pluribus,
1145 1111 1422 1188 anatropis
1467 1131 1515 1167 v.
1556 1108 1930 1188 amphitropiS,

96 1203 384 1279 embryone
416 1198 827 1258 exalbuminoso
859 1218 910 1256 v.
941 1198 999 1256 in
1030 1198 1124 1255 axi
1157 1196 1451 1254 albuminis
1491 1195 1622 1272 sito,
1668 1193 1930 1270 dicotffle-

98 1287 298 1364 doneo,
330 1285 575 1344 radicula
605 1303 824 1363 supera.

434 1437 606 1483 Ordo
629 1434 972 1481 LXXXIII.
1031 1434 1591 1490 Ceratophylleae.

236 1541 432 1588 Herbae
478 1539 772 1596 submersae,
827 1538 1198 1595 ramosissimae‚
1253 1535 1464 1599 rigidae,
1515 1534 1648 1582 caule
1694 1533 1930 1597 ramisque

99 1612 350 1671 teretibus,
383 1610 905 1666 nodoso-articulatis..
963 1610 1108 1657 Folia
1140 1608 1446 1664 verticillata,
1480 1605 1688 1664 sessilia,
1723 1605 1932 1667 exstipu-

98 1685 214 1740 lata,
265 1682 634 1729 (li-trichotome
673 1682 961 1738 multisecta,
1010 1680 1195 1726 laciniis
1228 1677 1547 1733 filiformibus,
1595 1677 1768 1732 acutis,
1823 1675 1932 1722 sub-

96 1755 312 1802 serratiS.
390 1755 563 1801 Flores
599 1753 832 1810 monoz'ce',
879 1752 926 1797 in
964 1750 1118 1798 axillis
1164 1749 1379 1796 foliorum
1419 1747 1628 1794 sessileS.
1703 1745 1934 1794 Floribus

96 1824 438 1888 staminigeris:
478 1824 784 1872 Involeccrum
817 1819 1526 1884 decem-duodecimpartitum,
1565 1818 1750 1865 laciniis
1781 1817 1934 1864 linea-

96 1897 248 1954 ribus,
289 1895 589 1960 aequalibus,
633 1895 834 1957 integris
871 1911 920 1942 v.
955 1894 1136 1940 incisis,
1211 1892 1528 1954 Perz'gom‘um
1567 1890 1756 1937 nullum.
1828 1889 1933 1936 An-

98 1970 268 2016 tlcerae
308 1967 579 2014 indefinitae
619 1967 666 2013 in
709 1975 874 2013 centro
915 1964 1151 2012 involucri
1198 1962 1345 2010 dense
1394 1970 1676 2024 congestae,
1724 1960 1932 2018 sessiles‚

98 2038 543 2101 ovato-oblongae,
577 2038 718 2100 apice
751 2036 1111 2100 tricuspidatae,
1146 2035 1313 2081 loculis
1348 2032 1529 2080 duobus
1562 2031 1932 2089 collateralibus,

94 2111 218 2158 intra
263 2125 459 2156 massam
507 2108 779 2156 cellulosam
825 2108 1079 2164 immersis,
1133 2105 1315 2153 demum
1363 2104 1697 2167 irregulariter
1742 2103 1931 2149 laceris.

95 2183 302 2230 Pollz'm's
341 2180 535 2243 granula
573 2196 747 2243 pauca,
795 2188 950 2227 ovata.
1025 2177 1254 2226 Floribus
1292 2176 1587 2240 pistilligeris
1634 2175 1933 2222 involucrum

96 2261 147 2300 ut
177 2253 221 2298 in
255 2251 590 2314 staminigeriS.
663 2252 978 2313 Perz’gom‘zcm
1011 2249 1198 2295 nullum.
1271 2250 1475 2295 Germen
1505 2246 1714 2304 unicum,
1749 2244 1933 2301 sessile,

98 2323 254 2387 paullo
286 2339 426 2387 supra
455 2323 604 2369 basim
643 2323 862 2385 utrinque
902 2322 947 2367 in
989 2318 1231 2383 cuspidem
1269 2315 1931 2380 brevissimum¹productum,

97 2395 406 2442 uniloculare.
486 2386 728 2441 Gemmula
759 2393 925 2450 unica,
972 2407 1033 2438 ex
1063 2392 1202 2455 apice
1243 2390 1457 2437 cavitatis
1495 2387 1721 2452 pendula,
1770 2386 1934 2434 ortho-

99 2475 249 2529 tropa.
339 2466 506 2528 Stylus
550 2465 706 2528 cuspis
753 2464 1040 2521 terminalis,
1097 2462 1297 2525 germini
1343 2461 1613 2518 continuus,
1668 2458 1803 2522 apice
1849 2456 1934 2503 ab-

98 2538 267 2601 ruptim
299 2545 491 2600 patente
523 2537 632 2582 hinc
664 2536 985 2598 stigmatosus.
1062 2534 1259 2582 Nucula
1292 2533 1541 2589 coriacea,
1584 2544 1929 2592 monosperma,

98 2608 344 2655 involucro
383 2608 670 2670 persistente
716 2607 908 2668 stipata,
957 2603 1230 2668 cuspidibus
1276 2603 1558 2649 basilarihus
1604 2599 1933 2648 excrescenti-

97 2679 206 2736 bus,
246 2679 583 2742 patentissimis
624 2678 841 2724 aculeata
873 2685 921 2724 et
951 2676 1075 2740 stylo
1106 2675 1391 2738 persistente
1425 2673 1680 2736 apiculata.
1757 2673 1930 2718 Semen

98 2749 372 2815 pendulum,
428 2750 751 2811 integumento
794 2748 1067 2800 tenuissime
1108 2745 1494 2804 membranaceo,
1544 2744 1672 2789 circa
1712 2750 1929 2804 punctum

98 2822 370 2869 insertionis
402 2821 680 2868 incrassato.
756 2819 1047 2881 Embryom‘s
1078 2815 1442 2872 exalbuminosi,
1484 2814 1728 2876 anfflropi,
1768 2810 1930 2858 viridis

99 2893 410 2955 cotyledones
443 2900 644 2956 quatuor
672 2890 1012 2947 verticillatae,
1047 2887 1165 2935 duae
1200 2887 1443 2950 oppositae
1471 2893 1637 2932 ovatae
1664 2892 1710 2930 et
1736 2881 1929 2929 totidem

99 2973 297 3026 anguste
347 2964 574 3020 lineares,
623 2963 842 3025 plamula
886 2960 1207 3023 substipitata,
1251 2957 1547 3022 polyphylla,
1597 2951 1930 3020 cotyledonum

100 3033 422 3098 longitudine,
455 3035 681 3082 radicula
711 3032 1012 3090 brevissima,
1045 3031 1216 3077 infera.

749 3152 962 3186 GENus
1015 3154 1289 3186 σΝῙσυΜ.

668 3237 788 3272 1829.
821 3235 1152 3277 Ceratophyllum
1172 3230 1294 3269 Lv’nn.

848 3280 1287 3324 Hyaroem-atophyllnm
1303 3278 1418 3314 Vaill.

848 3324 1194 3369 Dichotopbyllum
1210 3323 1350 3358 Dillen.

243 3410 564 3458 Affinitas.
623 3418 759 3456 Dubia
780 3422 841 3455 est
863 3417 1038 3464 ordinis,
1071 3416 1194 3453 unico
1218 3425 1365 3461 genere
1390 3416 1425 3451 et
1445 3423 1536 3450 cum
1552 3415 1665 3449 nullo
1683 3412 1932 3457 cognitorum

101 3479 370 3523 comparando
387 3476 686 3525 comprehensi,
718 3475 912 3513 affinitas.
950 3476 1014 3512 Ab
1033 3471 1596 3521 Onagrariis‘etUrticaceis,
1624 3471 1772 3515 ,quibus
1790 3478 1932 3507 anon-
