2147 3756
984 126 1064 176 69

111 294 441 362 simplicissimi
495 294 595 344 basi
647 295 876 360 vaginati,
930 293 1042 342 nudi
1095 311 1140 343 v.
1191 293 1345 342 medio
1391 293 1691 342 bibracteati.
1728 296 1938 344 2Flores

108 368 359 432 completi,
402 368 447 413 in
488 368 691 430 capitula
729 365 1266 413 imbricato-bracteam
1305 364 1544 428 dispositi,
1584 364 1792 413 bracteis
1832 384 1936 414 sca—

109 441 272 497 riosis,
312 439 480 485 infimis
514 437 793 502 quandoque
825 438 983 485 vacuis
1026 445 1073 483 et
1111 435 1429 483 dissimilibus.
1502 438 1814 499 Perigom'ztm
1855 436 1938 483 ‹lu-

114 510 248 574 plex,
290 510 506 572 utrinque
544 510 828 573 tripliyllum.
902 510 1162 570 Pem’gom'e‘
1189 509 1452 554 eoeterz‘ore‘s
1482 507 1645 553 foliola
1678 507 1937 569 glumacea‚

111 580 202 628 duo
237 580 449 627 lateralia
484 580 990 627 naviculam-concava
1022 580 1322 641 persistentia
1356 579 1542 624 tertium
1576 579 1778 624 anticum
1805 577 1940 625 obte-

108 652 292 714 gentia,
333 652 535 697 anticum
577 652 811 710 tenerius,
852 650 1023 711 majus,
1071 651 1364 712 perigonium
1407 650 1602 695 interius
1642 649 1938 711 calyptratim

107 722 375 779 includens,
418 721 659 768 caducum.
733 722 995 783 Pert'gvm'c‘
1029 721 1282 766 interioris
1321 720 1483 766 foliola
1522 719 1814 783 petaloidea,
1855 736 1939 766 un-

108 794 368 855 guiculata,
424 792 656 854 unguibus
702 789 804 836 basi
843 807 889 836 v.
927 790 1065 852 juxta
1105 799 1250 837 totam
1293 789 1631 853 longitudinem
1673 792 1715 835 in
1760 790 1853 835 tubi
1894 807 1937 835 v.

107 863 436 927 hypocrateris
476 864 670 907 formam
711 860 900 907 coalita.
983 862 1205 907 Stamina
1250 862 1489 924 perigenii
1536 861 1779 907 interioris
1825 860 1938 906 tubo

108 936 308 990 inserta,
350 933 436 978 tria
470 932 647 978 fertilia
679 930 891 994 ejusdem
924 930 1109 977 laciniis
1142 933 1380 995 opposita,
1422 949 1522 978 cum
1564 931 1758 978 totidem
1801 932 1942 977 stcri-

106 1003 250 1059 libus,
290 1002 600 1066 penicillatis‚
642 1001 874 1049 interdum
909 1002 1045 1065 plane
1080 1001 1345 1049 obliteratis
1377 1003 1682 1060 alternantia,
1718 1003 1940 1049 fertilium

83 1073 364 1136 filamente's
402 1073 720 1131 filisormibus,
770 1074 989 1120 anthere's
1029 1074 1286 1129 extrorsis,
1330 1073 1691 1129 bilocularibus,
1736 1073 1942 1135 longitu-

105 1143 327 1191 dinaliter
355 1143 730 1192 dehiscentibus}
799 1146 1000 1191 Germen
1028 1144 1247 1201 liberum,
1282 1145 1575 1208 triphyllum,
1609 1144 1942 1208 carpophyllo-

103 1232 203 1263 rum
237 1214 531 1279 marginibus
569 1215 949 1278 trophospermia
983 1215 1258 1276 gerentibus
1291 1216 1505 1261 valvatim
1541 1216 1756 1261 connatis
1790 1214 1941 1261 unilo-

103 1286 287 1342 culare,
320 1303 363 1332 v.
391 1286 555 1332 iisdem
591 1286 689 1332 basi
722 1295 800 1332 aut
826 1286 960 1348 juxta
994 1294 1136 1331 totam
1166 1285 1504 1348 longitudinem
1532 1287 1575 1332 in
1605 1285 1940 1348 ‹lissepimcnta

102 1357 365 1404 introsscxis
391 1357 675 1420 incomplete
701 1374 744 1403 v.
773 1357 1007 1419 complete
1040 1357 1332 1403 triloculare.
1398 1358 1670 1404 Gemmzelae
1694 1358 1937 1420 plurimae,

100 1428 291 1475 sessiles
317 1445 361 1475 v.
385 1443 409 1473 e
437 1428 656 1474 funiculis
682 1428 837 1489 longis
864 1436 1072 1483 erectae,
1108 1428 1369 1491 micropyle
1397 1445 1565 1491 supera
1593 1446 1633 1475 v.
1655 1429 1935 1491 centripeta.

102 1500 268 1561 Stylets
314 1499 600 1557 terminalis,
658 1499 868 1555 trifidus3
925 1501 1158 1561 stigmata
1199 1499 1640 1545 bi-tri-multiloba.
1728 1500 1941 1562 Capsala

103 1586 225 1617 nunc
258 1570 588 1628 unilocularis,
640 1569 695 1616 ad
730 1579 913 1616 suturas
947 1568 1223 1627 dehiscens,
1266 1586 1386 1615 nunc
1422 1570 1732 1625 trilocularis,
1774 1570 1942 1617 loculi-

105 1640 238 1699 cida,
281 1658 404 1687 nunc
435 1641 539 1687 basi
571 1641 880 1697 trilocularis,
922 1641 1117 1686 valvulis
1149 1657 1176 1687 a
1216 1639 1562 1704 dissepimentis
1602 1641 1768 1687 solutis
1807 1643 1939 1688 fene-

103 1721 278 1769 strata,
321 1713 458 1774 apice
493 1712 776 1757 uniloculari
811 1711 1107 1774 operculata.
1187 1712 1384 1760 Semina
1416 1712 1634 1774 plurima,
1676 1713 1861 1758 sessilia
1894 1720 1942 1758 et

101 1783 344 1845 angulata,
387 1799 427 1828 v.
463 1797 488 1828 e
521 1783 741 1829 funiculis
775 1782 928 1844 longis
962 1791 1127 1828 crecta
1166 1791 1214 1829 et
1253 1782 1562 1844 subglobosa,
1612 1784 1939 1845 integumento

101 1853 331 1900 exteriori
380 1853 629 1910 coriaceo,
679 1851 819 1911 duro,
870 1848 1283 1900 costato-striato.
1364 1853 1575 1916 Embryo
1630 1854 1939 1911 lenfficularis,

100 1925 335 1981 minimus,
390 1923 638 1970 albuminis
686 1925 875 1972 carnosi
920 1924 1047 1989 apici
1094 1924 1314 1972 umbilico
1362 1940 1388 1973 e
1436 1924 1666 1972 diametro
1717 1925 1937 1990 opposito

100 1995 371 2061 applicitus,
411 1996 692 2060 antitropuS.

876 2131 909 2166 G
929 2138 953 2165 Ε
973 2138 1004 2166 N
1024 2139 1048 2165 E
1070 2140 1098 2165 n
1118 2139 1165 2167 A.

187 2214 307 2249 1025.
338 2213 464 2269 §fyris
481 2210 604 2251 Le'nn.
1135 2211 1322 2251 Genus
1353 2209 1626 2264 Xyrideis
1659 2209 1852 2252 affine.

269 2274 306 2345 ἵ·
327 2263 447 2345 1¹33ss
448 2263 651 2347 {REH‘UE
678 2314 721 2346 dl
1135 2287 1258 2323 1027.
1288 2289 1471 2330 mayaca
1488 2282 1608 2323 Anbl.

121 2331 130 2353 ¹
294 2337 302 2345 ‘
425 2332 435 2345 ‘
493 2341 500 2345 “
518 2324 598 2355 yms
651 2325 673 2346 '²
722 2339 730 2346 '
1377 2334 1522 2369 Biaslia
1544 2335 1667 2370 l'and.

187 2371 308 2405 1026.
337 2370 551 2406 Abolboda
570 2368 626 2406 Η.
645 2375 681 2406 et
702 2369 751 2406 B.
1373 2377 1501 2419 Syena
1521 2378 1675 2412 Schreb.

426 2417 631 2452 Chloerum
654 2419 788 2454 Willd.
1373 2420 1543 2456 Colletia
1557 2421 1663 2455 Flor.
1679 2420 1810 2455 Flam.

238 2519 563 2566 Affinitas.
621 2526 830 2572 Xyrideae
856 2526 1000 2563 habitu
1017 2530 1054 2564 et
1072 2528 1255 2565 antheris
1274 2529 1473 2564 extrorsis
1487 2529 1668 2575 Irideas,
1699 2538 1739 2564 v.
1757 2527 1940 2572 germine

98 2580 229 2619 infero
259 2587 296 2619 et
328 2586 546 2627 embryone
567 2587 798 2627 orthotropo
822 2585 1185 2632 distinctissimas,
1218 2586 1405 2621 nonnihil
1429 2589 1706 2631 aemulantes,
1737 2586 1939 2621 Eriocau-

96 2639 231 2676 loneis
262 2643 299 2675 et
331 2640 681 2684 Commelynaceis
710 2641 940 2688 proximae,
973 2644 1023 2677 ab
1055 2642 1141 2677 illis
1174 2642 1373 2687 perigonii
1405 2642 1611 2678 interioris
1643 2647 1792 2678 natura
1815 2645 1938 2685 plane

99 2696 302 2740 corollina
332 2700 369 2732 et
400 2699 694 2740 gemmularum
725 2707 890 2733 numero
923 2698 1135 2744 diversae,
1168 2701 1219 2734 ab
1251 2699 1339 2744 his,
1372 2699 1519 2741 quibus
1552 2700 1765 2749 gemmwis
1796 2699 1938 2735 multis

98 2754 320 2799 accedunt,
353 2754 560 2797 perigonio
592 2754 791 2790 exteriore
820 2756 1055 2803 glumaceo,
1086 2754 1280 2791 interiore
1311 2759 1573 2800 gamophyllo
1599 2759 1634 2792 et
1659 2756 1841 2792 antheris
1865 2765 1939 2792 ex·-

100 2810 244 2846 trorsis
262 2813 299 2845 et
315 2810 458 2846 habitu
477 2810 676 2847 differunt.

242 2878 432 2927 Μαρια-α
448 2881 596 2927 Aubl.,
627 2891 758 2926 genus
781 2881 888 2917 nulli
912 2882 1163 2926 cognitorum
1187 2881 1342 2918 arctius
1360 2883 1501 2930 affine,
1533 2883 1715 2919 antheris
1733 2883 1937 2931 introrsis,

98 2937 446 2984 unilocularibus‚
478 2938 582 2973 ritna
598 2938 729 2981 apicis
748 2939 923 2985 apertis,
956 2942 1155 2982 capsulae
1172 2939 1445 2976 unitocularis
1463 2941 1600 2975 valvis
1619 2941 1749 2976 medio
1765 2941 1938 2976 semini-

101 2994 200 3031 feris
218 2998 254 3030 et
271 2995 410 3030 habitu
430 2994 683 3030 musciformi
701 2995 950 3046 singularis,
975 2995 1081 3032 inter
1095 2996 1300 3040 Xyrideas
1317 3000 1352 3033 et
1373 2997 1734 3041 commelynaceas
1751 2997 1935 3045 ambigit,

103 3060 177 3087 nec
193 3051 258 3087 his
278 3062 352 3087 nec
370 3052 459 3087 illis
477 3052 764 3088 adscribenda.

244 3129 676 3186 Geographia.
736 3137 900 3174 Ordinis
917 3134 1077 3181 species
1095 3138 1241 3182 paucis
1259 3138 1479 3182 generibus
1496 3142 1834 3185 comprehensae,
1859 3147 1935 3175 nec

102 3191 315 3236 copiosae,
346 3193 579 3229 Americam
605 3194 798 3237 tropicam
825 3199 860 3230 et
878 3197 1082 3230 borealem
1100 3197 1334 3231 calidiorem
1354 3196 1609 3239 potissimum
1629 3196 1834 3242 incolunt,
1867 3204 1941 3232 ra-

102 3249 230 3284 riores
253 3249 402 3285 Asiam
425 3250 621 3293 tropicam
653 3254 690 3286 et
713 3253 868 3287 Novam
893 3252 1176 3298 Hollandiam,
1209 3257 1290 3288 tum
1315 3253 1374 3288 cis
1401 3257 1482 3288 tum
1509 3255 1621 3287 trans
1645 3252 1936 3295 Capricornum

100 3305 301 3342 habitant.
360 3308 542 3350 mayaca
557 3307 598 3342 in
615 3308 820 3357 masilia,
853 3308 1017 3344 Guiana
1032 3313 1068 3344 et
1087 3309 1282 3346 carolina
1298 3312 1517 3346 observata
1534 3312 1608 3345 est.

244 3383 607 3435 Qualitates
632 3395 671 3430 et
691 3398 861 3433 usus.
912 3393 1100 3437 Qualitas
1122 3394 1196 3430 vix
1217 3403 1379 3437 magna.
1428 3391 1608 3439 Xyrz'de's
1632 3391 1798 3429 indicae
1813 3394 1933 3431 Linn.

102 3443 292 3488 (Checna
314 3449 478 3490 ghanza
504 3452 541 3484 et
564 3450 670 3485 Dalii
688 3451 818 3486 dooba
834 3451 1395 3496 Benga1.Kotsjiletti-pullu
1413 3452 1563 3487 Rheed.
1581 3453 1735 3488 Malata.
1751 3453 1820 3487 IX.
1841 3453 1934 3487 139.

104 3508 130 3539 t.
149 3503 240 3548 71.)
267 3503 456 3541 foliorum
471 3514 641 3543 succum
656 3515 748 3544 cum
764 3510 879 3544 aceto
896 3506 1066 3544 mixtum
1083 3507 1311 3553 impetigini
1330 3507 1540 3556 resistere,
1574 3507 1675 3545 folia
1689 3517 1781 3546 cum
1798 3508 1934 3545 radice
