2147 3756
81 269 292 306 terminum
308 265 485 302 nivalem
502 263 754 301 miscendam
769 274 809 301 v.
827 265 877 301 ad
896 264 1048 309 polaris
1066 263 1210 300 circuli
1227 263 1400 308 glaciem
1416 267 1646 300 excurrant.
1676 265 1907 299 Rarescunt

81 336 227 362 versus
260 327 518 366 aequatorem
548 326 587 357 et
617 325 806 358 excelsas
837 326 976 365 petunt
1007 322 1219 358 stationes.
1277 323 1323 356 In
1354 321 1475 355 elatis
1497 321 1627 355 Asiae
1645 321 1758 364 jugis
1783 320 1903 355 etiam

82 387 195 418 trans
213 385 470 422 aequatorem
487 389 565 414 non
585 387 713 421 parva
730 381 955 422 Quercuum
973 382 1007 414 et
1028 379 1320 414 castanearum
1338 377 1454 420 copia
1470 378 1610 421 obvia,
1630 377 1671 411 in
1688 377 1906 411 American

81 439 260 481 tropicae
276 437 478 472 montibus
495 436 600 470 inter
616 445 805 470 cancrum
824 440 861 471 et
879 439 1136 477 aequatorem
1160 444 1239 470 non
1263 434 1540 476 infrequentes
1564 435 1789 476 Quercuum
1813 442 1907 475 spe-

83 496 189 539 cies,
222 495 326 529 inter
351 495 502 528 lineam
528 496 564 528 et
589 493 870 535 capricornum
896 494 1105 528 admodum
1137 500 1267 528 rarae.
1325 490 1494 537 Africa,
1526 489 1562 524 si
1590 490 1793 529 regionem
1822 498 1907 524 me-

80 552 350 586 diterraneam
373 549 684 593 occidentalem,
725 551 905 592 Quercus
936 551 1134 591 quasdam
1165 549 1452 593 proferentem,
1493 546 1709 591 demseris,
1748 548 1906 581 nullam

83 606 410 650 Cupuliferarum
434 606 599 648 stirpem
622 608 796 640 liucdum
819 605 969 649 largita
993 610 1067 640 est.
1133 607 1264 640 Trans
1291 604 1570 647 capricornum
1589 603 1692 647 Fagi
1707 602 1908 648 habitant,

82 664 123 699 in
140 664 319 699 Andium
345 664 630 699 antinoensium
649 663 763 698 Cbile
787 662 984 697 australis
1004 664 1102 704 jugo
1128 662 1249 696 etiam
1275 661 1516 703 proceritate
1541 661 1730 705 decorae,
1763 655 1908 704 Fagns

83 718 252 766 obliqua
275 720 392 755 Mirb.
419 723 455 755 et
477 716 616 765 Fagus
635 717 840 763 Jimubeyi
856 718 971 752 lilirb.
996 717 1208 760 (Coygne)
1233 718 1341 761 ligno
1366 717 1586 752 utilissimo
1612 719 1649 751 et
1665 723 1782 763 coma
1800 716 1910 750 fron-

83 779 182 812 dosa
198 777 367 822 nobiles,
394 779 429 811 et
453 772 592 821 Fagus
602 784 790 820 procera
806 774 974 817 Poppig.
996 774 1167 818 (Bauli)
1185 777 1411 816 sylvestres
1429 777 1594 809 arbores
1611 776 1772 816 praeter
1787 781 1910 807 unam

80 833 354 870 Araucariam
377 833 594 867 altitudine
617 833 831 867 excedens.
892 827 1035 876 Fagus
1048 829 1223 875 pumilio
1241 832 1366 873 Popp.
1386 829 1578 874 (Nirrlie)
1596 830 1797 874 regionem
1816 839 1910 871 pro-

81 891 210 933 priam
235 899 359 931 super
382 889 650 933 vegetationis
674 891 869 924 arboreae
892 887 1105 922 terminum
1128 885 1170 922 in
1195 887 1363 922 summis
1380 888 1503 929 hujus
1521 889 1667 930 plagae
1685 885 1911 921 cacumini-

80 936 156 982 bus
174 946 394 981 constituit.
454 945 576 981 Aliae
593 945 634 979 in
653 945 815 988 regione
832 944 1132 992 Magellanica,
1164 943 1361 980 ininsula
1376 943 1547 979 Diemen
1565 948 1600 978 et
1616 943 1659 978 in
1674 945 1790 979 Nora
1805 943 1911 978 Zee-

81 1003 226 1040 landia
242 1002 449 1046 frigidiore
467 1004 711 1038 observatae
728 1001 906 1036 suerunt.
1914 999 1918 1002 '

224 1081 585 1133 allalitates
612 1090 650 1123 et
673 1092 842 1125 usus.
907 1088 941 1123 E
965 1085 1232 1128 substantiis,
1263 1096 1368 1130 quae
1391 1085 1433 1122 in
1457 1083 1648 1122 affinibus
1678 1086 1914 1129 plantarum

81 1144 291 1180 ordinibus
323 1145 469 1180 minori
500 1145 728 1187 frequentia
756 1147 1046 1188 observantur,
1073 1146 1273 1187 quaedam
1302 1144 1347 1179 in
1377 1144 1562 1179 omnibus
1586 1142 1914 1186 Cupuliferarum

80 1201 270 1244 stirpium
293 1202 480 1244 partibus
502 1202 660 1241 largius
683 1202 952 1244 reperiuntur.
1011 1203 1078 1237 Ex
1099 1201 1164 1236 his
1187 1201 1387 1245 imprimis
1411 1200 1659 1235 nominanda
1680 1204 1774 1235 sunt
1793 1199 1916 1234 acida

78 1259 180 1304 fixa,
213 1259 386 1294 Acidum
417 1257 765 1300 quercitannicum
795 1262 834 1293 et
864 1259 1039 1294 Acidum
1066 1258 1281 1304 gallicum,
1321 1268 1343 1293 e
1375 1267 1543 1300 quorum
1571 1256 1742 1303 virtute,
1773 1256 1915 1292 fibram

80 1315 301 1351 animalem
323 1315 413 1351 sive
435 1315 574 1351 vivam
598 1315 907 1361 sive-*mortuam
933 1315 1232 1360 adstringente,
1263 1314 1447 1350 medicus
1464 1317 1503 1349 et
1519 1313 1731 1350 teclinicus
1748 1313 1916 1349 corticis

80 1371 410 1415 Cupuliferarum
440 1382 541 1407 usus
571 1373 731 1415 pendet.
790 1372 969 1408 Acidum
992 1372 1182 1418 volatile,
1215 1373 1319 1415 quod
1341 1371 1580 1406 Subericum
1610 1371 1839 1417 nominant„
1872 1369 1916 1405 in

80 1429 349 1472 plurimarum
388 1432 575 1464 arborum
613 1428 762 1464 cortice
801 1429 970 1464 minima
1000 1429 1117 1472 copia
1147 1429 1318 1475 residet,
1368 1439 1389 1464 e
1419 1429 1654 1471 Quercubus
1687 1426 1914 1473 nonnullis,

79 1488 316 1522 suberosum
350 1486 540 1521 corticem
563 1485 883 1532 proferentibus,
917 1495 1008 1521 cum
1038 1486 1272 1530 unguinosa
1301 1485 1536 1521 substantia
1566 1484 1714 1520 dubiae
1742 1488 1917 1521 naturae

82 1541 323 1589 (Cerrina),
368 1542 542 1578 ubertim
573 1543 787 1579 obtinetur.
861 1543 1105 1578 Substantia
1141 1542 1370 1578 extractiva
1401 1550 1541 1577 amara
1570 1540 1837 1585 (Quercina)
1870 1541 1916 1576 in

79 1599 288 1642 plerisque
318 1600 554 1642 Quercubus
579 1602 771 1645 liabetur,
815 1597 1005 1642 Quercus
1040 1598 1270 1633 ciue-toriae
1292 1599 1438 1634 Willd.
1464 1598 1918 1634 boreali-americanae

83 1660 222 1691 cortex
241 1656 408 1691 interior
429 1656 637 1692 materiem
660 1657 1050 1692 flavo-colorantem
1072 1655 1260 1699 propriae
1281 1655 1432 1691 indolis
1457 1653 1801 1700 (Quercitrinam)
1819 1664 1920 1691 con-

83 1713 195 1748 tinet.
254 1713 494 1755 Pericarpia
511 1709 725 1759 Fugerunt
743 1712 976 1748 substantia
992 1713 1219 1748 extractiva
1234 1711 1441 1747 narcotica
1458 1709 1666 1756 (Fagina)
1684 1711 1790 1748 foeta
1807 1713 1919 1749 sunt.

81 1763 354 1811 Cois-ledones
378 1771 514 1811 amylo
538 1772 703 1815 plenae,
734 1769 805 1805 ubi
827 1769 959 1805 minor
980 1769 1158 1813 partium
1174 1768 1514 1813 adstringentium
1530 1769 1616 1816 vis,
1649 1769 1791 1804 edules
1807 1771 1918 1804 sunt.

79 1827 115 1862 E
134 1822 347 1872 Fagorum
364 1829 402 1861 et
421 1824 569 1871 Ceryli
581 1826 807 1862 seminibus
823 1828 957 1862 oleum
972 1826 1087 1871 mite,
1105 1827 1214 1862 haud
1231 1825 1476 1862 siccativum
1493 1826 1708 1861 obtinetur.
1738 1827 1772 1861 E
1790 1827 1921 1869 Quer-

82 1892 203 1918 cuum
219 1883 436 1926 speciebus
452 1883 702 1918 nostratibus
723 1881 794 1926 (Q.
806 1880 974 1917 Robore
983 1884 1129 1918 Willd.
1146 1883 1396 1929 Steineiche3
1414 1884 1455 1926 Q.
1467 1879 1759 1927 petiunculam
1771 1883 1919 1918 Willd.

82 1939 319 1985 Stieleiche3
353 1937 401 1982 Q.
414 1938 666 1984 pubescente
684 1940 830 1975 Wind.
853 1939 1083 1984 Ungrische
1098 1940 1226 1975 Eiche
1243 1944 1282 1975 et
1301 1938 1349 1983 Q.
1371 1938 1496 1974 Cerri
1509 1940 1655 1976 w'illd.
1673 1937 1918 1982 Zerreiche]

83 2000 222 2031 cortex
251 2005 451 2031 ramorum
481 2006 578 2032 vere
608 1996 834 2040 promiscue
863 1997 1090 2044 colligitur,
1135 1996 1178 2032 in
1209 1997 1385 2032 officinis
1414 1999 1659 2033 servandus.
1728 1994 1921 2039 Quercus

86 2050 256 2087 Suberis
279 2055 325 2089 L.
352 2052 683 2099 (AIcornorrue),
715 2055 822 2097 apud
853 2054 1064 2097 Hispanos
1088 2058 1127 2089 et
1151 2055 1195 2089 in
1225 2054 1365 2090 vicina
1385 2053 1559 2090 Africae
1582 2063 1652 2090 ora
1675 2053 1917 2098 crescentis,

84 2113 222 2145 cortex
238 2110 415 2145 exterior
429 2113 617 2146 morbosa
633 2110 947 2155 degeneratione
962 2111 1005 2146 in
1023 2111 1296 2147 substantiam
1313 2110 1548 2157 elasticam,
1568 2118 1751 2154 perosam
1762 2137 1772 2156 ,
1790 2110 1920 2146 levis*

86 2167 231 2202 simam
256 2164 429 2214 (suber,
454 2167 686 2211 Korkholz]
710 2171 891 2202 mutatus
909 2172 1028 2203 caute
1045 2168 1270 2214 colligitur,
1293 2168 1467 2211 plurimo
1490 2167 1727 2204 commercio
1746 2167 1920 2203 circum-

83 2225 308 2260 veliendus.
344 2221 581 2267 Quercuum
597 2222 774 2269 glandes
791 2224 832 2259 in
850 2233 1001 2269 magna
1017 2226 1144 2268 amyli
1161 2225 1280 2268 copia
1297 2227 1427 2260 oleum
1445 2225 1618 2273 pingue,
1643 2224 1920 2261 substantiam

86 2288 267 2316 amaram
299 2283 337 2316 et
359 2281 679 2325 adstringentem
701 2284 859 2325 gerunt.
919 2283 1067 2317 Tostae
1092 2284 1129 2317 et
1153 2290 1261 2324 aqua
1284 2280 1443 2317 fervida
1465 2281 1633 2319 infusae
1657 2285 1706 2318 ob
1729 2281 1920 2318 virtutem

85 2336 247 2381 egregie
276 2340 531 2373 roborantem
555 2341 594 2373 et
615 2338 860 2373 nutrientem
883 2340 1060 2374 tenellae
1083 2338 1276 2375 sanitatis
1298 2338 1518 2374 infantulis
1541 2338 1750 2383 propinari
1774 2341 1919 2374 solent.

88 2394 267 2430 Glandes
298 2394 342 2430 in
370 2395 540 2437 publica
569 2394 805 2430 calamitate
834 2394 933 2437 pani
963 2395 1191 2442 admixtas,
1222 2395 1266 2431 in
1296 2395 1512 2439 Hungaria
1540 2399 1580 2431 et
1608 2396 1706 2432 aliis
1727 2396 1920 2438 Europae

87 2450 345 2486 australioris
375 2451 612 2496 regionibus
634 2451 840 2487 maximae
861 2451 905 2487 in
928 2452 1173 2496 saginandis
1195 2453 1336 2488 scrofis
1360 2452 1554 2488 utilitatis
1577 2455 1750 2489 constat.
1818 2454 1924 2488 Sunt

86 2507 198 2542 aliae
221 2508 446 2549 Quercuum
476 2508 658 2554 species,
689 2510 827 2551 prout:
863 2506 913 2551 Q.
939 2505 1144 2543 Aesculus
1167 2510 1234 2557 L.,
1270 2507 1318 2553 Q.
1347 2504 1541 2555 Aegv‘lops
1563 2511 1632 2556 L.,
1666 2508 1716 2553 Q.
1736 2506 1836 2547 [lex
1857 2510 1920 2556 1..'‚

90 2561 140 2606 Q.
157 2560 337 2597 Ballota
351 2564 463 2600 Desf.
480 2565 521 2599 in
538 2565 702 2607 regione
718 2564 1017 2601 mediterranea
1031 2568 1272 2612 nascentes,
1291 2574 1460 2609 quarum
1476 2567 1649 2610 glandes
1665 2565 1924 2614 substantiae

87 2628 253 2656 amarae
271 2623 308 2655 et
325 2623 498 2656 acerbae
514 2620 599 2656 fere
614 2624 818 2667 expertes,
850 2621 893 2656 in
910 2631 1115 2658 annonam
1131 2626 1433 2658 convertuntur.
1481 2614 1610 2656 Folz‘a'
1630 2627 1669 2659 et
1692 2621 1870 2668 cupulae
1887 2632 1921 2657 s.

89 2674 278 2722 calyculi
295 2677 545 2723 Quercuum,
576 2677 672 2712 olim
688 2679 736 2712 ob
752 2674 836 2712 vim
852 2678 1172 2722 adstringentem
1189 2679 1233 2714 in
1257 2679 1433 2714 officinis
1452 2679 1615 2726 habita,
1647 2679 1798 2715 exoleti
1822 2688 1924 2714 usus

88 2737 196 2770 sunt.
255 2733 438 2776 Cupulae
459 2731 650 2777 Quercus
667 2729 860 2779 Aege'lops
876 2735 922 2769 L.
949 2733 1095 2779 (vulgo
1115 2734 1341 2778 Velanide]
1359 2743 1384 2770 a
1400 2735 1641 2771 tinctoribus
1658 2738 1924 2778 usurpantur.

91 2787 246 2824 Gallae
263 2788 517 2835 (GallapfeD
537 2790 738 2834 Cynipum
756 2800 892 2826 morsu
908 2790 949 2825 in
968 2791 1130 2833 petiolis
1147 2792 1375 2836 Quercuum
1390 2795 1634 2838 nascuntur,
1666 2791 1923 2829 acerbissimi

90 2846 272 2893 saporis,
305 2846 420 2882 acido
445 2847 597 2891 gallico
621 2850 658 2882 et
680 2848 1097 2883 substantiatannica
1114 2847 1258 2883 foetae.
1316 2847 1527 2883 Plurimae
1541 2849 1773 2894 Gallarum‚
1805 2851 1926 2892 prout

90 2903 328 2939 commercio
351 2903 712 2951 circumferuntur,
744 2903 927 2950 species,
957 2913 1133 2947 magnus
1163 2905 1207 2939 in
1237 2905 1414 2941 diversis
1446 2905 1629 2940 artificiis
1655 2914 1777 2951 usuS‚
1809 2910 1924 2941 atra-

89 2963 244 3006 mento,
273 2969 350 3003 quo
366 2960 605 3007 scribimus,
631 2964 675 2996 ut
690 2963 813 2996 robur
827 2961 997 3007 addant,
1018 2962 1103 3003 jam
1122 2969 1147 2996 a
1162 2961 1276 2996 mille
1293 2961 1415 2997 annis
1430 2962 1666 3012 miffcentur.
1699 2962 1741 2998 ln
1759 2962 1926 3006 cupulis

89 3017 318 3059 Quercuum
355 3019 406 3053 ab
436 3016 608 3052 insectis
636 3018 866 3053 vulneratis
898 3019 1042 3053 Gallae
1078 3018 1336 3061 reperiuntur
1371 3018 1541 3054 secundi
1571 3019 1732 3062 generis
1768 3018 1925 3064 (vulgo

89 3072 358 3119 Knoppern),
396 3072 438 3109 in
470 3073 618 3115 quibus
648 3074 882 3109 substantia
912 3074 1105 3119 tannina,
1137 3083 1164 3110 a
1193 3074 1436 3111 cerdonibus
1467 3076 1666 3123 expetita,
1700 3077 1926 3120 praevalet.

89 3130 137 3165 In
150 3127 316 3172 Quercu
333 3129 564 3177 coccqferce,
583 3131 944 3173 dumosoEuropae
960 3131 1156 3166 australis
1171 3130 1332 3178 frutice,
1353 3130 1510 3167 Caecus
1528 3130 1648 3166 [licis
1663 3133 1780 3168 vivit.
1810 3134 1844 3168 Ε
1862 3131 1926 3168 fo-

89 3185 161 3221 liis
181 3183 374 3228 Quercus
390 3185 649 3234 vufectorz'ae
666 3187 770 3223 Oliv.
795 3190 832 3222 et
848 3187 1024 3223 aliarum
1041 3188 1270 3230 specierum
1285 3190 1488 3231 Europam
1506 3189 1926 3225 austro-orientalem

89 3241 406 3278 inhabitantium
423 3238 592 3277 Mamm
616 3242 821 3290 quercina
843 3243 1062 3287 colligitur.
1120 3244 1243 3287 Apud
1259 3245 1713 3281 Boreali-americanos
1733 3243 1925 3289 Quercus

93 3296 194 3332 alba
209 3300 255 3334 L.
280 3302 319 3334 et
336 3296 527 3342 Quercus
543 3299 677 3335 rubra
691 3301 739 3336 L.
761 3300 1005 3336 nostratium
1027 3300 1255 3343 specierum
1277 3303 1366 3337 loco
1389 3301 1432 3337 in
1447 3301 1694 3337 medicorum
1709 3305 1748 3338 et
1763 3302 1807 3338 in
1824 3302 1926 3338 arti-

90 3354 401 3392 fi'cu'm'officinis
417 3357 629 3392 habentur.
664 3354 855 3400 Quercus
874 3354 1080 3391 cinctoria
1096 3356 1257 3405 xvilld„
1280 3357 1386 3393 inter
1401 3357 1695 3401 pulcherrimas
1711 3361 1926 3403 sylvarum

91 3411 500 3448 transatlanticarum
522 3415 687 3449 arbores
709 3413 954 3457 proceritate
977 3413 1180 3461 eminenS,
1212 3414 1400 3451 corticem
1422 3417 1591 3459 praebet
1604 3415 1922 3464 amarissimum,

93 3468 327 3507 substantia
342 3470 549 3507 colorante
564 3468 673 3508 flava
688 3468 993 3516 (Quercitrina)
1012 3469 1173 3508 foetum.

1504 3538 1566 3589 11
