2147 3756
970 132 1087 182 507

855 212 1055 219 ›..-..-—..—-„.
1175 212 1199 216 .-

113 320 288 351 venerea
309 309 612 353 Sassaparillae
644 307 918 346 substituitur.
978 304 1208 354 Lychnidos
1241 305 1506 352 vespertinae
1534 306 1654 344 Linn.
1687 306 1938 352 [saponaria

112 372 210 407 alba
227 367 363 412 offic.)
382 371 418 402 et
437 364 664 412 Lychnidfs
682 363 1005 400 chalcedonia-ae
1020 365 1140 400 Linn.
1159 364 1277 400 ratlix
1295 364 1548 407 Saponariae
1565 365 1695 400 instar
1712 368 1937 402 adhibetur.

111 427 305 463 Radicem
328 422 594 470 Saponcrrz'ac
617 422 856 458 {evanlicae
881 433 913 459 s.
932 422 1213 468 aegyptiacae
1234 431 1273 458 v.
1291 417 1539 467 hispanicae
1556 423 1808 464 Gypsopntla
1825 426 1940 458 Stru-

114 483 239 519 thium
265 482 384 518 Linn.
415 482 604 523 aliaeque
635 483 800 523 plantae
824 489 1070 523 congeneres
1095 479 1338 523 largiuntur.
1398 479 1531 521 Hujus
1556 478 1746 520 frequens
1772 479 1940 520 saponis

111 539 243 575 instar
262 548 364 574 usus
388 541 469 583 est3
502 539 651 573 virtute
668 539 865 580 Senegam
892 538 1139 582 aemulatur,
1174 535 1361 571 acredine
1385 543 1409 570 a
1434 535 1575 570 resina
1598 534 1710 570 molli
1728 536 1939 577 pendente.

114 593 251 630 Silene
272 592 407 629 Ocices
425 595 546 631 Linn.
575 594 736 638 (Herba
752 592 1013 636 Viscaginis)
1039 601 1180 627 antara
1204 598 1242 628 et
1265 592 1546 637 adstringens,
1579 591 1701 626 etiam
1725 591 1766 626 in
1790 593 1941 634 hydro-

113 653 262 697 phobia
286 646 576 688 commendata.
637 647 796 685 Silenos
823 648 1054 695 virginit-ae
1070 648 1191 684 Linn.
1218 649 1334 683 radix
1357 649 1462 683 inter
1483 646 1941 683 Boreali-amerieano-

113 718 202 745 rum
233 708 582 744 anthelminthica.
641 704 934 741 Jh‘antlzormn
965 704 1082 740 flores
1113 706 1232 740 odore
1264 705 1480 740 aromatico
1512 714 1678 740 suaves.
1737 706 1940 751 Syrupus,

112 774 315 801 conserva
339 769 374 801 et
401 774 508 807 aqua
534 764 750 801 stillaticia
773 773 825 799 ex
848 762 913 798 1115
937 762 1138 804 quondam
1165 761 1208 796 in
1229 760 1416 796 officinis.
1483 759 1724 796 Vae-cariae
1749 759 1941 806 vulgaris

112 822 224 858 Hort.
247 822 404 857 sentina
428 822 627 856 tliuretica
649 821 880 856 creduntur.
939 814 1127 863 Lychnis
1147 814 1332 863 Gichago
1351 820 1467 861 Scop.
1494 817 1690 862 (Githago
1708 828 1741 854 s.
1759 814 1943 861 sigena-

113 879 403 922 strunrOffic.,
437 880 558 920 vulgo
596 874 759 918 Radere)
793 875 985 917 frequens
1016 874 1121 910 inter
1150 877 1311 917 segetes
1336 876 1532 911 nascitur.
1593 875 1758 911 Semina
1783 874 1943 910 fervida

112 932 307 978 (Semina
324 932 441 967 Lolii
460 931 760 978 officinarum),
794 931 891 967 olim
908 931 950 965 in
966 930 1141 967 officinis
1158 930 1362 977 admissa,
1394 931 1431 967 si
1448 941 1538 969 cum
1554 935 1736 978 segetum
1756 931 1941 977 frugibus

114 991 239 1027 nimia
258 990 376 1035 copia
392 989 522 1026 mixta
536 989 580 1026 in
596 989 775 1026 farinam
793 987 1054 1038 rediguntur,
1085 988 1257 1025 sanitati
1272 991 1431 1024 nocent.

547 1126 720 1173 ordo
752 1125 923 1173 CCX.
981 1123 1556 1200 Phytolaceaeeae.

251 1229 446 1278 Herbae
469 1247 512 1278 v.
526 1227 766 1293 frutices,
802 1230 936 1278 caule
970 1232 1206 1296 ramisque
1238 1230 1468 1277 teretibus
1500 1237 1579 1278 aut
1609 1229 1942 1292 irregulariter

112 1301 363 1366 angulatis.
444 1303 587 1350 Folia
633 1302 838 1360 alterna,
893 1303 1134 1349 rarissime
1181 1301 1511 1365 subopposita,
1568 1301 1822 1365 simplicia,
1870 1301 1940 1347 in-

111 1384 271 1437 tegra,
331 1373 605 1437 plerumque
666 1373 998 1436 integerrima,
1060 1372 1341 1437 quandoque
1401 1371 1639 1436 Pellucide
1699 1381 1938 1435 punctam,

110 1445 471 1493 membranacea
507 1461 549 1493 v.
589 1445 855 1492 carnosula.
930 1446 1155 1508 Ste'pulac
1193 1445 1237 1490 in
1279 1443 1386 1490 aliis
1425 1444 1603 1503 nullae,
1651 1445 1697 1490 in
1736 1444 1841 1490 aliis
1882 1442 1940 1490 ad

110 1516 256 1564 basim
294 1516 579 1579 petiolorum
621 1516 861 1579 geminae,
909 1515 1115 1574 liberae,
1161 1513 1392 1562 deciduae
1425 1531 1468 1563 v.
1502 1516 1551 1562 in
1583 1515 1777 1562 aculeos
1808 1515 1942 1561 unci-

112 1597 247 1635 natos
278 1596 500 1634 mutatae.
574 1588 748 1635 Florcs
777 1587 1003 1651 perfecti,
1043 1587 1294 1650 regulares
1326 1603 1373 1634 v.
1409 1586 1813 1649 subirrcgulares‚
1849 1586 1941 1649 spi-

112 1659 226 1715 cati,
280 1659 512 1705 racemosi
542 1675 585 1705 v.
620 1659 1131 1722 eymoso-glomerati,
1178 1658 1426 1716 axillareS,
1476 1658 1746 1704 terminales
1778 1674 1821 1704 v.
1857 1673 1942 1720 op-

110 1729 386 1793 positifolii,
443 1728 691 1792 pedicellis
738 1728 873 1777 nudis
918 1747 963 1777 v.
1008 1729 1467 1776 uni-tribracteatiS.
1550 1730 1707 1791 Calyx
1753 1726 1943 1792 quadri-

112 1801 537 1865 quinquepartitus,
585 1800 769 1847 laciniis
808 1800 1080 1857 herbaceis,
1128 1800 1340 1863 margine
1373 1815 1517 1862 saepe
1548 1799 1939 1858 membranaceis,

111 1873 233 1919 intus
279 1889 371 1917 non
417 1887 526 1918 raro
575 1872 827 1930 eoloratis,
874 1871 1146 1935 aequalibus
1192 1881 1272 1918 aut
1317 1870 1552 1917 interdurn
1597 1870 1938 1935 inaequalibus,

110 1943 425 1991 aestivatione
470 1941 745 1989 imbricatis.
827 1939 1026 1990 Corolla
1071 1943 1347 2006 saepissime
1394 1943 1541 2000 nulla,
1587 1942 1739 1989 rarius
1786 1941 1942 2005 petala

111 2014 291 2078 calycis
331 2013 513 2060 laciniis
553 2030 748 2060 numero
789 2015 1003 2078 aequalia
1043 2022 1091 2061 et
1130 2014 1339 2071 alterna,
1391 2022 1470 2060 aut
1509 2015 1649 2061 etiam
1695 2013 1940 2076 pauciora,

110 2086 231 2132 imae
273 2083 483 2147 ejusdem
523 2084 625 2131 basi
665 2086 869 2143 inserta,
917 2085 1117 2148 abrupte
1157 2084 1478 2147 unguiculata.
1555 2084 1782 2133 Stamina.
1821 2082 1943 2130 disci

111 2156 249 2204 imum
283 2156 496 2220 calycem
527 2157 775 2203 vestientis
809 2157 1007 2218 margini
1047 2173 1090 2204 v.
1125 2156 1425 2219 carpophoro
1467 2155 1683 2202 obsoleto
1725 2152 1804 2203 aut
1840 2156 1941 2219 plus

111 2229 260 2275 minus
294 2226 516 2274 distincto
551 2226 635 2274 sub
668 2229 881 2290 germine
915 2229 1119 2284 inserta,
1169 2244 1292 2274 nunc
1327 2228 1505 2291 calycis
1538 2227 1714 2274 foliolis
1746 2242 1942 2273 numero

111 2299 328 2362 aequalia
370 2307 418 2345 et
455 2297 620 2345 iisdem
661 2300 866 2357 alterna,
914 2315 1035 2346 nune
1075 2299 1230 2361 plura,
1280 2300 1522 2345 exteriora
1561 2298 1769 2356 alterna,
1821 2299 1944 2345 inte-

111 2370 240 2417 riora
278 2378 431 2416 autem
473 2371 711 2432 opposita,
756 2387 800 2417 v.
835 2371 880 2416 in
919 2370 1178 2432 phalanges
1218 2371 1343 2417 inter
1382 2370 1560 2433 ealycis
1601 2369 1796 2416 lacinias
1830 2370 1942 2415 sitas

114 2441 341 2498 collecta,
373 2457 418 2487 v.
444 2439 713 2501 indefinita,
747 2440 1078 2503 irregulariter
1104 2445 1350 2502 congesta.
1403 2442 1680 2487 Fe'lamcnta
1712 2440 1944 2486 filiformi-

113 2519 326 2568 setacea,
359 2527 402 2558 v.
439 2527 465 2557 e
495 2510 598 2557 basi
630 2511 722 2557 lata
756 2511 992 2569 subulata,
1032 2510 1181 2558 libera
1212 2528 1256 2557 v.
1289 2511 1460 2558 baseos
1494 2510 1715 2558 dilatatae
1750 2511 1943 2557 fimbriis

112 2582 159 2628 in
194 2582 389 2644 cupulae
423 2583 629 2644 speciem
665 2582 989 2629 cohaerentia.
1056 2583 1315 2629 Anllzerae
1347 2583 1604 2639 introrsae,
1637 2581 1942 2640 biloettla1²es,

112 2651 217 2699 basi
262 2669 306 2699 v.
355 2651 497 2699 dorso
545 2653 746 2710 affixae,
797 2662 989 2700 erectae
1035 2669 1078 2699 v.
1128 2653 1476 2711 incumbentes,
1533 2652 1945 2715 longitudinaliter

114 2721 432 2770 dehiscentes.
513 2726 715 2771 Germcn
757 2739 782 2770 0
825 2723 1047 2786 carpidiis
1085 2723 1296 2786 pluribus
1333 2724 1655 2780 verticillatis‚
1701 2724 1942 2770 rarissime

113 2810 174 2843 ex
211 2795 375 2851 unico,
422 2794 788 2841 subexcentrico
830 2803 1079 2851 constans,
1124 2795 1349 2858 carpz'de'a
1389 2794 1611 2841 distincta
1650 2811 1691 2841 v.
1724 2794 1826 2857 plus
1859 2795 1945 2841 mi-

112 2875 458 2925 nusconnata,
496 2866 794 2929 carpophoro
819 2866 1186 2930 papillaeformi,
1219 2866 1370 2912 rarius
1396 2864 1616 2913 distincte
1640 2866 1944 2929 stipitiformi,

114 2953 345 3001 nunquam
393 2938 439 2984 in
485 2938 607 2984 axim
652 2936 885 3001 producto
931 2935 1206 2994 insidentia,
1269 2937 1597 2984 unilocularia.
1701 2937 1945 2984 Gemmula

114 3008 277 3065 unica,
316 3007 537 3067 basifixa,
573 3008 930 3073 campylotropa
961 3024 1006 3055 v.
1038 3009 1189 3055 rarius
1221 3009 1534 3072 amphitropa.
1611 3008 1744 3071 Stylz·
1770 3009 1946 3054 intror-

115 3095 213 3126 sum
255 3079 498 3137 laterales,
548 3080 864 3144 carpidiorum
904 3079 1075 3142 angulo
1110 3080 1309 3127 centrali
1342 3080 1478 3143 apice
1512 3080 1699 3137 inserti,
1748 3078 1943 3126 discreti
1979 3125 1986 3138 s

114 3166 158 3196 v.
204 3150 356 3196 rarius
402 3151 493 3197 ima
544 3150 645 3198 basi
699 3151 884 3210 coaliti,
945 3151 1422 3209 uncinato-recurvi,
1485 3152 1610 3198 intus
1664 3151 1943 3213 stigmatosi.

114 3222 320 3268 Fructus
350 3220 642 3280 utricularis,
674 3221 924 3281 baccatus,
953 3223 1291 3281 'coecisormis,
1333 3221 1678 3279 samaroideus,
1721 3219 1945 3284 carpidiis

115 3290 279 3338 liberis
309 3308 354 3339 v.
388 3293 627 3351 connatis,
676 3292 857 3341 demum
898 3293 1256 3355 secedentibus,
1303 3292 1732 3350 indehiscentibus,
1780 3309 1945 3357 monom—

116 3363 333 3425 spermis.
372 3363 543 3411 Semen
570 3372 802 3423 erectum,
835 3363 1160 3428 integumento
1186 3364 1571 3422 membranaceo,
1604 3380 1647 3412 v.
1675 3368 1942 3422 crustaceo,

117 3432 265 3480 nitido
297 3442 346 3481 et
376 3434 554 3497 fragili.
626 3432 838 3499 Embr‘yo
870 3453 992 3484 nune
1023 3436 1374 3501 peripherieuS,
1420 3435 1678 3494 annularis,
1726 3435 1940 3482 albumen

116 3503 398 3567 farinosum,
430 3506 674 3572 copiosum
704 3505 972 3569 includenS,
1013 3507 1382 3571 cotyledonibus
1410 3507 1582 3571 planis,
1623 3507 1857 3572 angustis,
1897 3522 1939 3553 v.

592 3647 601 3667 fi
