2147 3756
1079 124 1193 173 16ss

951 199 1065 206 -.-...
1087 202 1092 205 ,
1109 201 1184 206 ..ὴ-α,
1197 198 1297 206 --——

360 294 538 342 Corylus
556 291 763 330 Avellana
780 297 825 333 12.
852 292 1280 339 [llaselnussstaude]
1308 303 1377 336 per
1394 295 1598 336 Europam
1622 297 1656 329 et
1675 293 1820 330 Asiam
1836 297 2036 331 borealem

221 353 390 399 diffusa,
421 352 608 396 vulgaris
633 353 829 388 nascitur.
888 351 1010 394 Ligni
1028 354 1157 386 oleum
1177 349 1560 392 empyreumaticum
1578 350 1672 385 olim
1690 351 1888 386 adversus
1904 352 2036 387 Asca-

217 410 325 445 rides
356 410 697 455 commendatum,
730 413 865 443 cortex
895 407 1154 450 adstringens
1185 406 1290 440 inter
1320 405 1493 441 remedia
1524 405 1727 450 febrifuga
1749 415 1774 441 a
1798 407 2038 449 quibusdam

216 467 421 503 laudatur.
482 464 658 500 Seminis
689 464 816 499 oleosi
846 464 952 498 inter
980 463 1151 509 cupedia
1181 461 1332 497 viliora
1356 461 1708 502 frequentissimus
1734 472 1846 498 usuS.
1905 464 2039 499 Nuces

222 520 370 566 Coryli
386 518 599 554 enlm-nae.
620 522 666 555 L.
692 520 924 563 (tiirkische
948 518 1226 561 Haselnu'sse]
1251 522 1286 552 et
1313 515 1459 562 Ceryli
1482 516 1698 552 tubulosae
1713 520 1759 553 L.
1785 517 2042 560 (Lamberts-

218 578 369 622 nasse)
394 577 435 611 in
458 578 621 619 Europa
644 576 887 611 australiore
904 578 1153 620 crescentes,
1184 574 1361 609 lautiora
1379 575 1562 609 bellaria.
1620 574 2043 610 Boreali-americani

222 632 420 679 Corylzcm
456 635 697 667 rostratam
726 631 812 667 Ait.
845 634 881 666 et
916 629 959 666 C.
992 629 1280 664 ameria-anam
1311 630 1463 666 Michx.
1500 631 1731 667 Avellanae
1760 635 1924 667 nostrae
1952 633 2042 667 loco

218 692 381 727 liabent.

362 742 504 791 Fugns
534 742 747 790 sylvace’ca
775 743 821 779 L.
855 741 1140 787 [Rothbuchffl
1171 742 1212 778 in
1242 743 1432 786 Europae
1462 742 1639 778 borealis
1664 741 1911 785 planitiebus
1938 745 1972 778 et
2000 743 2043 779 in

222 802 381 839 mediae
398 805 432 837 et
452 801 648 836 australis
666 800 866 835 montibus
884 803 1027 842 sylvas
1045 804 1188 835 vastas
1206 803 1240 834 et
1260 808 1447 834 amoenos
1464 801 1580 834 lucos
1599 800 1790 834 efformat.
1823 800 1854 833 E
1871 799 2044 834 nucibus

222 859 326 902 Fagi
352 856 497 901 (vulgo
514 855 804 899 Bucheckern]
830 859 960 891 oleum
977 856 1126 899 pingue
1144 857 1393 898 exprimitur.
1450 857 1496 891 ln
1514 855 1754 898 pericarpiis
1772 856 2045 891 substantiam

221 914 428 959 propriam
465 913 714 948 nai-euticam
752 911 1013 956 (Faginam)
1050 915 1176 948 latere
1213 912 1404 947 diximus.
1478 912 1645 947 Semina
1679 914 1725 946 ob
1764 912 1929 947 nimiam
1968 911 2046 947 olei

223 972 383 1014 copiam
412 970 549 1013 gustui
573 969 835 1011 plurimorum
859 969 1042 1015 ingrata,
1075 970 1099 1004 a
1122 962 1287 1003 rusticis
1311 971 1498 1011 Europae
1520 967 1696 1005 borealis
1720 968 1874 1003 comedi
1899 970 2045 1014 solent,

222 1027 351 1064 nimia
367 1025 484 1068 copia
501 1025 663 1069 ingesta
678 1024 920 1068 vertiginem
938 1028 976 1060 et
992 1033 1187 1060 nauseam
1206 1028 1392 1060 causant.

371 1080 613 1115 castaneae
630 1090 778 1115 rescae
797 1083 934 1116 Gartn.
951 1108 960 1126 ‚
992 1081 1033 1116 in
1058 1081 1221 1124 regione
1242 1082 1537 1116 mediterranea
1560 1082 1705 1123 sylvas
1727 1083 1871 1116 vastas
1894 1078 2050 1115 consti-

224 1138 395 1184 tuentis,
430 1137 588 1174 semina
618 1139 743 1173 cruda
768 1137 1087 1184 adstringentia,
1121 1140 1236 1172 cocta
1260 1140 1299 1172 et
1324 1141 1429 1172 tosta
1452 1137 1494 1171 in
1519 1146 1721 1172 annonam
1746 1139 2047 1172 convertuntur.

224 1196 346 1237 Apud
370 1194 610 1232 Mexicanos
633 1198 671 1231 et
691 1194 736 1231 in
757 1194 863 1233 Asia
887 1194 1041 1238 tropica
1061 1196 1202 1238 plures
1218 1193 1512 1230 castanearum
1534 1193 1696 1237 species
1719 1192 1824 1228 inter
1840 1195 2053 1229 esculenta

222 1254 435 1288 habentur.

767 1370 937 1416 01·ᾱο
966 1367 1090 1416 XO.
1159 1371 1518 1417 Ulmaceae.

368 1473 594 1522 Arbores
617 1469 921 1534 v.srut2'ces,
953 1473 1092 1519 ramis
1124 1471 1333 1518 alternis,
1392 1473 1535 1518 Folia
1567 1471 1770 1529 alterna,
1804 1471 2049 1534 simplicia„

228 1544 484 1608 petiolata,
537 1543 870 1606 pennincrvffl,
917 1551 1125 1599 serrata,
1173 1541 1357 1588 scabra.
1432 1543 1655 1605 Stz'pulae
1692 1541 1750 1588 ad
1786 1542 1930 1589 hasim
1969 1559 2054 1606 pe-

231 1616 451 1662 tiolorum
500 1614 739 1676 geminae,
790 1612 1014 1660 caducae.
1100 1614 1272 1660 Flores
1309 1613 1354 1658 in
1393 1613 1582 1659 ramulis
1621 1612 1863 1670 laterales,
1911 1614 2053 1659 fasci-

232 1686 400 1743 culati,
447 1684 651 1748 perfecti
686 1700 730 1730 v.
764 1683 930 1730 abortu
969 1684 1253 1747 imperfecti.
1327 1685 1638 1746 Peregom’um
1678 1683 1962 1731 herbaceum
2001 1699 2049 1730 v.

234 1756 614 1810 subcoloratum‚
663 1753 1143 1817 subcampanulatum,
1192 1753 1333 1800 limbo
1373 1753 1877 1817 quadri-quinquefido
1909 1771 1953 1801 v.
1985 1755 2055 1800 in-

233 1825 418 1874 terdum
481 1824 713 1882 octoiid0‚
779 1826 1092 1872 aestivatione
1152 1824 1422 1881 imbricato,
1485 1824 1567 1870 sub
1627 1825 1808 1872 anthesi
1870 1833 2052 1872 erecto.

235 1899 458 1944 Stamina
489 1896 580 1941 imo
612 1895 863 1958 perigonio
896 1896 1093 1952 inserta,
1141 1894 1350 1957 ejusdem
1384 1895 1566 1941 laciniis
1606 1911 1799 1941 numero
1839 1895 2055 1959 aequalia

237 1976 286 2016 et
317 1966 554 2031 opposita,
589 1982 697 2013 raro
729 1966 888 2029 plura3
917 1966 1192 2029 filamentz's
1223 1964 1546 2023 filiformibus,
1592 1964 1844 2022 distinctis,
1885 1967 2056 2013 anthe-

234 2040 305 2086 rz's
340 2036 702 2094 bilocularibus‚
752 2035 892 2083 dorso
933 2052 1073 2100 supra
1110 2035 1256 2083 basim
1303 2036 1518 2093 insertis,
1566 2035 1734 2082 loculis
1778 2035 2054 2100 suboblique

234 2108 484 2172 appositis,
545 2105 952 2168 longitudinaliter
997 2106 1366 2153 dehiscentibus·
1456 2109 1656 2153 Germen
1702 2106 1925 2164 liberum,
1987 2105 2057 2152 di-

234 2179 469 2243 phyllum,
519 2177 932 2241 carpophyllorum
970 2176 1257 2240 marginibus
1304 2177 1352 2222 in
1398 2174 1730 2239 dissepimenta
1772 2178 2051 2235 introssexis,

236 2250 358 2296 axim
404 2247 743 2311 attingentibus
788 2247 1048 2294 biloculare
1092 2263 1141 2294 v.
1191 2245 1357 2294 iisdem
1409 2246 1695 2294 abbreviatis
1746 2247 2054 2295 uniloculare.

241 2320 513 2367 Gemmulae
544 2319 590 2365 in
622 2318 846 2381 germinis
886 2317 1160 2365 bilocularis
1200 2317 1368 2364 loculis
1406 2317 1670 2375 solitariae,
1720 2316 2055 2381 dissepimento

196 2390 394 2454 'paullo
440 2388 787 2452 infrarapicem
833 2404 1092 2452 appensae,
1153 2388 1199 2434 in
1249 2381 1460 2451 germine
1505 2387 1788 2435 uniloculari
1827 2388 2058 2451 gemmula
2109 2404 2119 2411 ‘

236 2461 403 2518 unica,
439 2460 666 2523 exapice
700 2460 917 2506 cavitatis
950 2457 1175 2521 pendula,
1207 2467 1451 2521 anatropa.
1525 2459 1659 2521 Scyle·
1685 2463 1738 2514 2,
1773 2459 2059 2523 carpophyl-

239 2532 389 2578 lorum
436 2528 577 2577 dorso
625 2530 857 2588 continui,
921 2528 1188 2586 divaricasti,
1249 2530 1372 2575 intus
1416 2528 1821 2591 longitudinaliter
1865 2531 2059 2592 stigma-

240 2602 349 2649 tosi.
422 2602 630 2649 Fructus
658 2600 758 2647 basi
789 2600 1038 2664 perigonio
1076 2600 1361 2662 persistente
1400 2599 1620 2662 stipatus,
1668 2608 1788 2646 nunc
1827 2600 2057 2647 membra-

239 2687 438 2730 naceus,
478 2668 821 2728 samar-cidem,
863 2686 984 2717 nunc
1017 2670 1386 2733 capsuliformis‚
1429 2671 1699 2728 coriaceus,
1742 2668 2058 2728 indehiscens‚

241 2743 388 2790 laevis
433 2758 477 2789 v.
525 2741 873 2804 squamulosus,
936 2739 1259 2804 dissepimenti
1311 2740 1642 2787 obliteratione
1697 2749 1746 2787 et
1796 2741 2058 2803 gemmulae

243 2813 437 2861 alterius
476 2812 644 2868 abortu
684 2812 918 2859 constanti
957 2811 1284 2868 unilocularis,
1331 2827 1698 2873 monospermuS.
1773 2812 1943 2858 Semen
1989 2811 2061 2857 in-

241 2899 450 2940 versum,
481 2883 803 2944 integumento
836 2881 1218 2938 membranaceo,
1252 2881 1430 2944 rhaphe
1462 2879 1790 2942 longitudinali
1812 2896 2059 2944 percurso.

242 2954 532 3015 Embryom's
562 2951 929 3036 exaibuminosi,
973 2951 1237 3015 orthotropi
1269 2951 1578 3013 cotyledones
1607 2951 1797 3014 planae,
1836 2952 2060 3002 radicula

243 3024 424 3082 brevis,
458 3038 646 3086 supera.

1009 3137 1295 3173 GENERA.

333 3223 454 3260 1849.
481 3223 661 3258 Planera
679 3217 810 3257 Gmel.
1066 3259 1069 3263 ²
1325 3212 1357 3245 b.
1382 3211 1550 3247 Planci-a
1570 3211 1692 3249 Gmel.

395 3283 432 3305 α.
457 3269 642 3305 Abelicea
656 3269 755 3304 Hon.
772 3266 885 3304 Belli.
1263 3263 1383 3300 1850.
1413 3265 1557 3301 Ulmus
1573 3261 1694 3299 Lz'mz.

388 3355 711 3402 Affinitas.
748 3362 967 3398 Ulmaceae
983 3358 1207 3396 seminibus
1225 3359 1547 3398 exalbuminosis
1563 3362 1897 3406 praecedentibus
1912 3361 2065 3399 ordini-

248 3421 326 3456 bus
355 3422 466 3456 arcte
495 3419 786 3466 conterminae,
815 3417 910 3454 inde
933 3417 1040 3453 facie
1063 3418 1115 3453 ad
1139 3416 1344 3454 Celtideas
1369 3420 1586 3470 accedunt,
1616 3419 1837 3471 perigenii,
1867 3419 2067 3465 germinis

250 3479 290 3514 et
303 3475 461 3516 fructus
477 3475 637 3516 fabrica
651 3475 756 3514 inter
771 3474 952 3520 reliquas
967 3474 990 3511 J
996 3473 1173 3512 ulifloras
1189 3473 1418 3512 distinctae.
