2147 3756
1086 125 1206 174 678

233 298 455 335 arundines
472 298 570 333 illae
587 298 637 334 ad
655 297 903 334 Bambusam
921 297 1142 344 pertinere,
1175 307 1197 333 e
1215 306 1296 340 qua
1313 296 1451 333 baculi
1469 298 1518 334 ad
1537 298 1864 337 summovendam
1881 310 2062 339 massam

231 355 426 400 pigmenti
456 355 711 392 adhibentur.
771 353 1027 401 Indae'gqfera
1055 349 1164 390 Am'l
1191 353 1310 390 Linn.
1341 358 1380 390 et
1409 352 1663 404 Incligofera
1694 356 1891 392 caerulea
1915 360 2059 406 Roxh.‚

236 414 457 454 pluresque
479 421 750 456 congenerum
774 411 948 447 similem
981 411 1176 453 pigmenti
1208 411 1388 448 caerulei
1419 412 1576 455 copiam
1608 416 1816 455 praebent.
1876 415 2063 450 Omnium

232 469 405 503 istarum
435 468 555 503 radix
585 468 914 511 antisyphilitica
944 470 981 503 et
1012 468 1311 512 lithontriptica
1334 468 1531 515 creditur,
1563 468 1665 504 folia
1690 471 1877 506 remediis
1902 479 2064 507 amaro-

234 524 400 570 tome-is,
434 524 649 568 febrifugis
667 528 949 560 accensentur.

377 590 584 639 Αῐοὲαχῃῖῖ
612 590 838 639 Agalloclaez'
865 596 1007 641 Lour.,
1055 593 1212 630 arboris
1243 593 1286 630 in
1316 595 1485 631 summis
1514 594 1815 632 Cochinchinae
1855 596 2060 633 montibus

235 651 477 696 crescentis,
510 651 709 686 botanicis
741 651 814 685 vix
846 655 983 697 notae,
1017 650 1174 694 lignum
1204 654 1410 687 vetustum
1441 653 1481 687 in
1514 652 1688 695 propriis
1721 653 1936 689 canalibus
1961 656 2059 688 sub-

234 708 427 744 stantiam
460 707 886 753 oleoso-resinosam,
919 707 1265 750 praestantissimi
1296 709 1451 753 odoris,
1483 711 1632 744 vehere
1655 710 1878 751 perhibent.
1939 706 2065 755 Li‘gm'

235 759 369 799 Alob's
387 758 767 809 s‚Agallochiveri
781 761 1050 808 (Calambas)
1070 764 1230 800 nomIne
1249 767 1413 811 truncos
1430 765 1604 808 ejusmdi
1621 766 1729 808 apud
1744 767 1867 802 Indos
1883 767 2061 802 maximo

236 821 280 857 in
296 821 425 865 pretio
442 820 602 866 haberi,
636 829 762 863 supra
781 821 973 856 diximus.

346 924 350 927 ,
374 893 483 926 Inter
506 890 824 934 Papilionaceas
855 890 1087 927 resinifluas
1118 891 1384 934 copalliferae
1413 891 1751 928 Americanorum
1784 894 1950 928 arbores
1979 892 2064 936 pri-

234 957 343 984 mum
366 948 649 983 memorandae
672 957 724 982 ex
747 949 1008 990 Hymenaeae
1031 958 1199 992 genere:
1233 946 1483 994 Hymenaea
1509 946 1740 983 Conrbarz'l
1760 949 1879 984 Linn.
1904 953 1942 985 et
1967 946 2064 996 Hy.

235 1013 411 1038 menaea
428 1002 792 1048 Crrachylobium)
818 1013 1050 1038 verrucosa
1072 1004 1191 1041 Linn.
1215 1007 1432 1048 pluresque
1456 1005 1566 1042 aliae
1590 1006 1773 1051 species,
1806 1004 2062 1048 potissimum

234 1062 279 1097 in
295 1060 478 1096 Brasilia
494 1069 517 1095 a
534 1060 681 1096 Martio
698 1070 784 1095 meo
803 1060 996 1098 detectae.
1058 1058 1218 1095 Resina
1239 1059 1374 1106 Oopal
1388 1062 1623 1097 americana
1641 1072 1661 1097 e
1686 1061 1834 1097 cortice
1857 1064 2066 1105 lacryma-

237 1127 325 1154 rum
343 1115 481 1159 specie
498 1116 646 1163 effluit,
677 1119 743 1152 vel
761 1117 864 1151 inter
880 1117 1068 1152 corticem
1087 1120 1121 1151 et
1149 1118 1305 1161 lignum
1328 1118 1456 1153 effusa
1479 1118 1695 1164 reperitur,
1728 1119 1909 1154 maxima
1932 1122 2067 1154 tamen

236 1174 356 1216 copia
373 1174 415 1208 in
432 1173 568 1209 radice
586 1173 719 1216 palari
738 1177 972 1217 aggregata.
1034 1170 1235 1207 Resimmz
1252 1168 1429 1219 stimme,
1467 1183 1585 1216 quam
1603 1174 1718 1209 multi
1737 1176 1787 1209 ad
1806 1176 2065 1217 Hymenaeae

238 1230 454 1273 cujusdam
478 1239 646 1266 succum
671 1229 873 1275 referunt,
906 1229 1058 1265 rectius
1083 1239 1133 1265 ex
1149 1231 1277 1277 Icica,
1311 1231 1662 1266 Therebinthacea
1686 1233 1846 1276 arbore,
1879 1232 2065 1267 derivata

239 1287 429 1323 creditur.
490 1283 676 1321 Resinae
697 1282 867 1331 Olampz‘
881 1290 918 1322 et
939 1284 1271 1321 Kikekunenzalo
1288 1287 1394 1322 inter
1412 1287 1539 1329 Copal
1558 1291 1596 1322 et
1612 1287 1760 1322 Anime
1777 1287 2000 1332 ambigunt.

378 1343 768 1379 praestantissimus
783 1344 1149 1387 Leguminosarum
1179 1353 1329 1379 succus
1356 1344 1795 1382 aethereo-resinosus
1814 1342 2063 1378 Balsamum

240 1398 453 1445 Copaivae
469 1403 552 1445 est,
591 1410 612 1435 e
633 1398 890 1448 Copaq's'erae
908 1400 1170 1446 (Copahou),
1204 1400 1365 1443 generis
1389 1400 1612 1436 americani
1634 1401 1798 1448 tropici,
1832 1401 2062 1444 specierum

239 1456 506 1500 complurium
530 1456 660 1492 inciso
693 1460 833 1491 trunco
866 1457 1050 1492 effluens.
1111 1457 1342 1493 Peculiaris
1373 1458 1474 1492 haec
1507 1458 1585 1492 olei
1616 1457 1792 1493 aetherei
1824 1457 2067 1493 aromatico-

237 1514 370 1559 acris,
402 1513 564 1549 resinae
588 1513 719 1548 flavae
744 1516 781 1548 et
805 1514 1049 1549 subresinae
1082 1513 1224 1549 fuscae
1255 1513 1427 1549 miscela
1459 1517 1538 1560 est,
1572 1518 1768 1549 accurata
1798 1514 1963 1549 nonnisi
1994 1522 2066 1558 per

237 1574 401 1616 gustum
426 1574 463 1605 et
485 1570 676 1605 olfactum
701 1568 980 1613 exploratione
1003 1579 1028 1606 a
1055 1571 1364 1617 Terebintliina,
1397 1578 1516 1612 quam
1542 1564 1756 1606 coniferae
1788 1573 1950 1606 arbores
1981 1573 2066 1605 lar-

237 1628 424 1673 giuntur,
465 1627 747 1663 discernenda.
807 1627 951 1663 Virtus
983 1627 1223 1674 stimulans,
1265 1635 1384 1670 quam
1416 1631 1576 1669 praeter
1606 1626 1843 1663 universum
1871 1635 2065 1662 vasorum

236 1688 421 1728 systema
443 1683 645 1726 imprimis
666 1686 926 1719 membranas
956 1693 1149 1721 mucosas
1180 1688 1218 1720 et
1248 1692 1403 1729 organa
1432 1683 1634 1732 urinalia,
1668 1693 1835 1726 quorum
1865 1675 2066 1720 secretum

239 1750 318 1778 sua
336 1740 608 1776 amaritudine
625 1739 788 1787 imbuit,
820 1741 1096 1783 experiuntur.

380 1795 630 1831 Balsanmm
647 1806 886 1843 perannum
904 1797 1114 1841 Myroxyli
1138 1797 1334 1841 peruiferi
1350 1797 1494 1843 Linn.‚
1527 1796 1686 1833 arboris
1712 1796 1754 1832 in
1770 1796 1962 1833 America
1985 1798 2067 1832 tro·

236 1853 332 1899 pica
348 1854 410 1890 cis
427 1858 686 1897 aequatorem
703 1854 935 1900 indigenae,
963 1863 1112 1890 succus
1131 1859 1211 1900 est,
1245 1864 1295 1889 ex
1312 1857 1400 1890 oleo
1419 1856 1606 1890 aethereo
1626 1852 1691 1889 sui
1711 1853 1894 1900 generis,
1927 1853 2069 1890 resina.

238 1911 455 1954 duplic-iret
483 1911 599 1947 acido
623 1911 816 1947 benzoico
841 1911 1109 1957 compositus,
1144 1911 1292 1947 virtute
1311 1911 1518 1953 Copaivae
1541 1912 1728 1947 donatus.
1787 1911 1951 1954 Duplex
1967 1906 2067 1946 Bal-

238 1968 343 2005 sami
362 1968 531 2011 peruani
548 1968 707 2010 species
726 1968 765 2003 in
783 1966 1055 2004 mercimoniis
1073 1971 1147 2003 est.
1199 1965 1374 2013 Nigrum
1387 1990 1398 2012 ,
1432 1970 1535 2010 quod
1551 1971 1719 2014 vocant,
1750 1965 2066 2011 nigro-fuscum

238 2029 322 2071 est,
353 2025 396 2060 in
420 2024 598 2069 singulis
627 2022 753 2069 guttis
771 2025 1108 2071 fusco-rubrum,
1142 2025 1282 2067 syrupi
1307 2024 1438 2060 instar
1458 2022 1630 2071 lentum,
1662 2023 1796 2059 odoris
1821 2023 2060 2070 gratissimi,

241 2084 403 2125 qualem
421 2081 505 2116 fere
521 2083 693 2118 Vanilla
717 2085 753 2117 et
772 2083 933 2117 Benzoe'
958 2083 1159 2128 redolent,
1192 2081 1354 2124 saporis
1377 2075 1611 2125 aromatici'‚
1645 2078 1855 2116 subamari
1879 2080 2064 2116 etacris.

238 2140 325 2174 Hoc
358 2148 379 2173 e
411 2138 536 2174 ramis
567 2139 742 2181 aliisque
766 2139 922 2174 arboris
946 2138 1130 2181 partibus
1155 2139 1335 2173 coctione
1358 2138 1399 2172 in
1422 2146 1531 2180 aqua
1554 2137 1647 2172 elici
1671 2137 1856 2172 traditur.
1916 2133 2065 2170 Album

238 2198 383 2238 sponte
399 2204 450 2230 ex
468 2198 609 2231 arbore
627 2199 795 2231 manare
811 2195 1035 2241 perhibent,
1060 2195 1294 2240 limpidum,
1319 2194 1601 2229 flavo-album
1613 2220 1623 2239 ,
1648 2193 1690 2228 in
1707 2193 1885 2229 resinam
1901 2193 2065 2239 flavam,

171 2276 181 2280 -
237 2251 486 2296 pellucidam
516 2252 830 2297 exsiccandum,
865 2261 968 2295 quae
995 2248 1268 2296 Opobalsama·
1296 2250 1401 2284 si'ccz
1421 2247 1581 2285 nomine
1604 2250 1806 2286 venditur.
1866 2247 2066 2283 Balsami

242 2307 431 2344 tolutam
457 2308 619 2344 nomine
643 2309 851 2352 Myroxyli
883 2307 1060 2344 toluiferi
1082 2310 1131 2343 H.
1155 2306 1202 2344 Β.
1228 2309 1277 2344 Κ.
1299 2308 1469 2351 lympha
1498 2307 1631 2355 venit,
1661 2306 1797 2374 indole
1831 2314 1857 2343 a
1877 2309 2064 2343 balsamo

238 2374 420 2411 peruano
437 2365 510 2400 vix
529 2365 599 2400 div
602 2375 707 2401 ersa.
1714 2377 1717 2385 ι

388 2419 743 2467 Tragacantham
766 2421 809 2457 in
834 2421 1032 2457 Graeciae
1054 2422 1166 2464 etSy
1169 2420 1253 2456 riae
1275 2420 1481 2457 montibus
1506 2428 1559 2456 ex
1572 2419 1885 2464 Astragalorum
1910 2417 2066 2456 truncis

240 2481 410 2526 sudare,
442 2479 547 2514 satis
572 2483 744 2514 constat.
805 2480 964 2514 Graeca
987 2479 1146 2520 quidem
1168 2486 1325 2513 merces
1343 2486 1395 2513 ex
1413 2474 1647 2522 Astragalo
1666 2475 1825 2511 cretzco
1842 2476 1962 2512 Linn.
1981 2478 2066 2512 col-

238 2539 367 2583 lecta,
405 2544 457 2571 ex
479 2535 930 2581 Aclraia‚Pe10p0nesi‚
964 2536 1194 2581 Parnasso,
1226 2534 1545 2580 Thessalonica,
1577 2533 1717 2576 Cypro·
1743 2527 2010 2576 et-imprimis
2044 2541 2066 2568 e
2103 2571 2107 2577 ,

238 2594 388 2629 Patras
405 2593 640 2638 advehitur,
672 2601 766 2628 nam
784 2592 823 2626 in
841 2593 913 2627 Ida
930 2592 1074 2626 Cretae
1088 2595 1242 2637 monte,
1274 2591 1316 2626 in
1335 2600 1411 2633 quo
1428 2592 1756 2634 Tragacantham
1775 2590 1891 2625 nasci
1906 2593 2066 2625 veteres

238 2650 468 2694 perhibent,
501 2658 703 2691 nusquam
734 2649 775 2684 id
806 2649 956 2690 gummi
985 2648 1103 2683 hodie
1133 2647 1384 2696 producitur,
1418 2654 1650 2696 quanquam
1674 2638 1825 2689 duplex
1850 2644 2066 2690 Astragali

239 2707 401 2750 species
432 2705 489 2740 ihi
519 2709 727 2742 nascatur.
806 2702 1141 2751 Tragacanfflae
1170 2702 1428 2738 libanoticae
1459 2702 1606 2746 [vulgo
1636 2706 1858 2748 Mesanna,
1884 2703 2067 2739 ‘Gomme

240 2762 441 2807 sanquis)
465 2766 594 2797 mater
618 2759 879 2808 Astragalus
898 2760 1127 2810 gmmnq'fer
1148 2762 1249 2796 Lab.
1276 2764 1356 2808 est,
1390 2760 1527 2796 frutex
1550 2760 1661 2795 cirea
1684 2759 1940 2801 Persepolim·
1962 2761 1999 2794 et
2023 2758 2066 2794 in

238 2819 389 2857 Libani
405 2819 687 2862 promontoriis
703 2829 783 2854 non
808 2816 1057 2861 infreduens.
1123 2814 1459 2863 Tragacamlzae
1474 2815 1674 2862 persicae
1696 2814 1885 2858 (Imban)
1910 2816 2066 2850 incerta

241 2877 367 2919 origo.
429 2872 656 2921 Ascragala·
682 2873 842 2910 baetici
862 2875 982 2911 Linn.
1009 2872 1351 2911 semina'Coffeae
1379 2876 1469 2909 loco
1501 2872 1683 2909 adhiberi
1712 2870 1862 2916 [vulgo
1882 2873 2067 2915 Stragel-

243 2933 399 2979 (jaffe),
433 2932 620 2975 quoniam
638 2933 704 2967 hic
722 2933 770 2967 de
786 2932 1024 2976 Astragalis
1040 2940 1171 2967 sermo
1188 2935 1270 2977 est,
1305 2930 1462 2966 dixisse
1478 2930 1670 2966 sufficiat.
1907 2949 1909 2951 -

382 2988 637 3032 Principium
661 2989 869 3032 peculiare
893 2996 1185 3034 amaro-acre,
1219 2988 1431 3023 emeticum
1448 2991 1485 3022 et
1502 2995 1682 3030 purgans
1700 2985 1741 3020 in
1758 2983 2065 3032 Papilionaceis

240 3045 370 3082 nostri
387 3046 490 3082 coeli
505 3048 573 3080 vel
590 3047 702 3080 deest
725 3048 794 3081 vel
818 3044 900 3080 fere
924 3054 1155 3088 repressum
1179 3047 1228 3080 ab
1253 3044 1348 3080 aliis
1373 3042 1616 3079 substantiis
1640 3041 1859 3089 reperitur,
1890 3050 1970 3076 non
1995 3042 2067 3076 de-

241 3106 338 3139 sunt
362 3106 495 3138 tamen
517 3102 639 3137 etiam
664 3102 769 3137 inter
792 3104 996 3137 nostrates
1017 3103 1236 3149 quaedam,
1267 3100 1310 3135 in
1335 3100 1480 3143 quibus
1497 3099 1579 3134 ista
1601 3099 1723 3134 etiam
1746 3099 1878 3134 virtus
1903 3097 2065 3133 emicat.

241 3156 403 3193 Loceae
419 3162 641 3195 nonnul-lae
659 3168 709 3194 ex
726 3159 895 3194 istarum
913 3167 1078 3194 numero
1095 3160 1211 3203 sunt,
1247 3154 1449 3190 Gem’scae
1465 3154 1682 3201 imprimis,
1716 3152 1915 3201 Spartia,
1952 3151 2064 3188 Ono-

241 3214 359 3251 m'des
383 3220 504 3259 atque
531 3213 795 3258 Corom'llae,
829 3223 999 3258 quarum
1025 3214 1223 3256 quaedam
1246 3213 1406 3256 species
1430 3215 1503 3248 hoc
1526 3214 1614 3247 loco
1636 3212 1736 3248 mihi
1763 3211 2062 3247 memorandae.

245 3270 413 3318 Spartii
424 3271 705 3318 juncez'Linn.
724 3269 942 3316 (Genist'ae
965 3270 1209 3314 hispanicae
1232 3279 1253 3305 s
1279 3272 1455 3313 junceae
1472 3268 1632 3315 offic),
1666 3264 1949 3303 Sarotlcamm·
1967 3274 2061 3300 sco-

235 3330 360 3375 parii
373 3331 538 3366 Wimm.
558 3329 776 3374 (Genistae
793 3329 1005 3371 scopariae
1021 3326 1180 3373 ome),
1208 3323 1417 3361 Gcm'stae‘
1429 3324 1659 3360 tine-toriae
1673 3325 1794 3361 Linn.
1812 3328 1851 3360 et
1865 3323 2063 3370 affinium,

241 3396 316 3422 nec
345 3396 425 3422 non
451 3384 655 3420 Genistae
685 3384 905 3432 sagittulis·
934 3385 1056 3420 Linn.
1087 3382 1386 3428 (Genisteltaej
1417 3387 1553 3426 partes
1584 3391 1725 3418 omnes
1753 3388 1844 3416 cum
1874 3379 2065 3416 acredine

243 3450 425 3490 amaras,
458 3446 676 3487 purgantes
694 3443 963 3487 etemeticas,
995 3441 1113 3476 hodie
1131 3443 1263 3476 tamen
1282 3439 1492 3476 amedicis
1509 3438 1855 3484 sepositas'esse,
1888 3439 2062 3472 constat.

246 3496 449 3534 Gem'stae
474 3498 704 3534 tractoriae
724 3498 978 3535 summitates
1002 3497 1210 3534 incassum
1236 3498 1436 3535 adversus
1458 3495 1776 3541 hydr-ephebiam
1807 3493 2062 3530 commenda-
