2147 3756
994 147 1098 195 135

133 320 384 366 introducta,
416 319 510 354 inde
527 329 596 362 per
612 320 818 362 Europam
833 327 990 354 omnem
1009 319 1242 363 divulgata,
1276 319 1398 353 etiam
1416 318 1524 353 Indis
1542 321 1666 354 culta.
1707 315 1958 365 Alrz‘plicam

131 386 260 421 genus
275 376 494 419 Spinaciae
510 374 707 410 affinitate
725 375 1002 418 propinquum.
1061 376 1093 410 E
1112 374 1327 417 speciebus
1351 374 1578 409 numerosis
1602 377 1848 422 nonnullae,
1881 377 1957 412 du-

132 432 223 468 biae
245 431 435 476 originis,
467 431 571 466 inter
595 433 707 466 olera
729 434 940 477 seruntur,
973 434 1089 467 cocta
1112 441 1149 466 v.
1176 432 1266 466 sale
1289 433 1325 465 et
1358 433 1472 465 aceto
1502 430 1667 465 condita
1696 433 1954 467 comedenda.

135 484 356 533 Atrz'plice‘s
379 485 595 521 hortensis
616 486 737 522 Linn.
763 486 974 532 [Serinek,
1013 486 1360 530 Garten-Melde]
1384 488 1510 521 herba
1525 485 1630 521 inter
1645 487 1824 522 remedia
1839 487 1959 522 resri-

132 545 318 588 gerantia
334 549 369 579 et
391 543 596 579 solventia
610 546 799 590 habetur,
825 544 984 580 semina
999 544 1189 588 euletica,
1214 542 1357 585 majori
1374 543 1461 578 dosi
1477 546 1664 586 purgant.
1693 544 1727 578 E
1745 552 1962 578 numerosa

136 598 493 645 chenopodiorum
530 600 773 636 nostratium
809 594 928 644 gente
961 597 1267 645 Clcereopodium
1299 597 1438 633 album
1469 599 1610 641 Linn.,
1651 596 1957 644 Cheaopude'um

134 654 267 692 viride
282 657 418 698 Linn.‚
440 653 744 702 chenopodium
753 651 986 704 ficifolz'nm
999 657 1152 701 Sinith.,
1174 654 1480 701 Claenopvdimn
1498 652 1959 703 opzclfftde'mnSchrad.‚
2004 676 2007 679 »

131 718 343 757 praeterea
360 709 706 760 Agathophylmn
726 711 872 747 Bonus
891 710 1105 747 neuris-as
1122 716 1228 755 Moq.
1248 712 1524 758 (Sciunerbel,
1541 714 1771 755 Lapathum
1789 715 1960 746 unctuo-

133 780 222 806 sum
246 769 382 814 effic.)
414 775 453 805 et
477 766 822 815 Agathoplqzsttcm
845 768 1017 803 rubram
1041 773 1147 812 Moq.
1173 768 1435 813 (mutinam,
1467 771 1603 804 Herba
1626 768 1846 811 Atriplicis
1871 771 1959 810 syl--

134 827 283 862 vestris
301 825 437 869 offic.)
455 825 561 861 inter
576 826 748 869 opsonia
765 827 955 871 eduntur,
974 825 1123 861 virtute
1139 827 1298 861 medica
1313 825 1682 868 cum-&triplicibus
1700 825 1958 860 conveniunt.

133 878 248 917 Ble'tz‘
274 882 708 927 (Erdbeerenspinat)
740 882 953 926 perigonia
982 885 1176 929 baccata,
1210 885 1350 929 rubra,
1383 882 1565 925 insipida
1593 890 1618 917 a
1647 881 1858 917 nonnullis
1891 891 1960 916 vo-

133 943 284 976 rantur.

269 992 408 1030 Betae
438 993 682 1040 (Mangold)
714 995 883 1031 incertis
914 995 1146 1039 natalibus,
1186 994 1365 1038 plurima
1397 994 1612 1030 formarum
1647 994 1866 1041 varietate,
1907 997 1956 1030 ab

131 1050 430 1095 antiquissimis
468 1052 716 1095 temporibus
746 1052 788 1087 in
819 1052 945 1088 hortis
978 1051 1178 1087 oleraceis
1209 1055 1345 1097 satae,
1393 1052 1515 1087 etiam
1545 1052 1588 1087 in
1617 1051 1728 1096 agris
1758 1053 1958 1086 coluntur.

130 1107 267 1143 Betae
288 1106 430 1143 Ce‘clae
445 1109 565 1145 Linn.
592 1108 735 1152 [quasi
751 1109 937 1154 Siculae,
963 1102 1176 1155 τεύῖλιον,
1201 1108 1377 1143 weisser
1391 1107 1609 1152 Mangold)
1630 1108 1904 1150 foliajuniora
1923 1111 1956 1140 vt

131 1165 251 1202 radix
279 1169 525 1202 saccharata
554 1165 660 1200 inter
688 1166 861 1208 opsonia
889 1169 996 1201 sunt.
1055 1166 1265 1206 Frequens
1296 1168 1357 1200 est
1386 1162 1520 1198 Betae
1547 1163 1736 1211 vulgaris
1759 1165 1883 1200 Linn.
1909 1167 1957 1200 ob

127 1222 305 1258 radicem
329 1222 598 1265 napiformem
621 1225 794 1258 cultura.
853 1224 918 1257 Ex
941 1222 1096 1266 ingenti
1113 1221 1360 1256 varietatum
1374 1231 1517 1266 grege,
1548 1230 1716 1264 quarum
1735 1223 1959 1256 nonnullae

127 1279 234 1315 inter
257 1279 522 1315 delicatorum
538 1279 724 1314 lautitias
738 1282 1022 1321 numerantur,
1070 1278 1273 1320 duplicem
1289 1282 1428 1321 typum
1448 1287 1804 1313 commemoramus
1818 1305 1828 1323 ,
1877 1275 1956 1310 Hm

133 1338 219 1370 tam
244 1333 462 1382 vulgarem
486 1335 661 1370 rubram
690 1345 723 1372 s.
748 1334 944 1370 italicam
967 1335 1058 1378 [die
1083 1338 1196 1370 rothe
1219 1334 1380 1381 Rupe),
1414 1338 1454 1370 et
1478 1331 1631 1368 Rerum
1655 1331 1956 1368 saccharz'nmn

130 1402 165 1429 s.
195 1390 438 1427 soe'lesz‘ctcam
469 1392 559 1436 (die
587 1391 890 1435 Runkelrt'ibe).
949 1393 1115 1427 Rubrae
1145 1392 1265 1427 radix
1294 1400 1490 1438 carnosa,
1522 1400 1644 1427 succo
1677 1391 1806 1436 dulci,
1839 1391 1957 1426 odore

126 1449 329 1492 peculiari
350 1450 554 1495 praedito,
587 1450 1009 1493 purpureo-tingente
1033 1449 1161 1494 foeta,
1195 1452 1312 1484 cocta
1336 1452 1374 1484 et
1397 1458 1488 1484 cum
1511 1452 1626 1483 aceto
1644 1448 1807 1483 condita
1823 1448 1955 1482 cibum

125 1508 280 1553 levem,
311 1504 619 1551 refrigerantem
646 1510 824 1550 praebet.
883 1508 1042 1542 Succus
1066 1515 1290 1549 expressus
1315 1509 1353 1541 et
1375 1515 1466 1541 cum
1483 1513 1592 1548 aqua
1608 1507 1783 1541 haustus
1800 1508 1954 1540 aestum

127 1562 312 1599 febrilem
344 1567 558 1609 temperat,
589 1573 726 1600 merus
750 1568 787 1599 et
812 1562 981 1598 naribus
1007 1566 1162 1598 tractus
1185 1561 1500 1598 sternutatorius
1524 1565 1606 1608 est,
1639 1571 1731 1596 cum
1756 1563 1957 1604 clysmate

126 1619 302 1663 injectus
318 1620 481 1665 egregie
496 1624 655 1664 purgat.
713 1622 840 1656 Betae
855 1620 1126 1655 saccharinae
1142 1621 1304 1654 cultura
1317 1619 1450 1655 vastis
1468 1619 1584 1653 hodie
1602 1618 1713 1662 agris
1730 1621 1956 1667 exercetur,

126 1680 163 1712 et
188 1677 348 1721 magnis
370 1677 695 1721 Agronomorum
718 1677 899 1722 agitatur
921 1676 1092 1720 studiis,
1125 1685 1177 1711 ex
1199 1685 1276 1718 quo
1298 1676 1458 1711 chemia
1483 1677 1747 1721 saccharum,
1778 1675 1955 1718 pectina,

127 1734 339 1769 albumina
362 1741 400 1769 et
425 1734 585 1770 salibus
610 1733 876 1769 ammoniacis
889 1734 1176 1779 inquinatum,
1209 1727 1390 1768 e’radice
1407 1741 1498 1767 cum
1513 1734 1625 1767 lucro
1641 1731 1789 1766 elicere
1806 1732 1955 1772 docuit,

125 1790 186 1826 ita
217 1794 259 1825 ut
287 1790 454 1832 plurimi
475 1799 545 1833 pro
569 1791 801 1828 cerealibus
823 1790 1050 1825 seminibus
1074 1792 1316 1825 saccharum
1337 1791 1414 1823 sub
1438 1797 1611 1823 noverco
1632 1788 1767 1823 sidere
1788 1792 1954 1826 metant,

126 1847 220 1892 dum
244 1846 417 1882 aliorum
440 1855 591 1882 avaras
615 1857 712 1890 spes
738 1849 901 1883 cultura
921 1854 1031 1881 nova
1055 1849 1093 1882 et
1117 1845 1298 1881 seculari
1314 1844 1590 1888 experimento
1606 1845 1804 1880 firmanda
1819 1846 1956 1879 eludit.

123 1904 262 1939 Radix
286 1907 394 1939 tosta
416 1903 523 1939 inter
544 1904 753 1940 vilissima
775 1907 895 1947 potus
913 1903 1069 1939 arabici
1084 1903 1355 1938 succedanea.
1412 1901 1502 1937 Indi
1517 1905 1679 1945 praeter
1694 1899 1847 1935 Betam
1865 1900 1956 1936 vecl-

122 1969 271 2006 garem
293 1960 414 1996 Linn.
439 1958 762 2005 (Chookundar)
787 1960 912 1996 aliam
937 1969 1039 1996 suae
1062 1959 1218 2003 regioni
1240 1958 1466 2004 propriam,
1497 1956 1653 1992 Becam
1668 1956 1957 2004 bengalensem

122 2018 253 2052 Roxb.
271 2014 432 2059 (Paluk
447 2027 486 2053 v.
504 2017 708 2064 Palunk],
726 2018 770 2052 in
783 2018 912 2053 hortis
929 2017 1146 2052 culinariis
1163 2018 1292 2052 alunt.
1339 2013 1520 2050 Basella
1539 2013 1739 2049 tuberosa
1755 2017 1900 2051 Humb.
1918 2020 1957 2052 et

124 2074 269 2116 Bonpl.
285 2073 548 2117 Quitensibus
563 2075 741 2110 radicem
758 2076 968 2109 betaceam
982 2073 1178 2118 largitur,
1210 2081 1335 2119 quae,
1368 2081 1394 2108 a
1414 2072 1657 2108 mulieribus
1680 2081 1862 2117 comesa,
1897 2072 1954 2108 fe—

91 2130 97 2131 ’
125 2130 373 2166 cunditatem
402 2131 503 2166 mire
531 2140 766 2174 promovere
796 2130 988 2166 creditur.
1048 2127 1251 2163 Rusellae
1274 2127 1432 2164 rubrae
1454 2129 1573 2164 Linn.
1599 2127 1755 2173 [Poee]
1782 2129 1881 2164 folia
1904 2132 1955 2165 ab

125 2185 239 2222 Indis
264 2187 306 2222 in
329 2188 489 2222 modum
506 2187 727 2230 Spinaciae
751 2191 999 2231 coquuntur,
1030 2189 1184 2222 baccae
1207 2188 1384 2221 colorem
1398 2188 1583 2231 rubrum,
1615 2194 1756 2228 parum
1775 2191 1953 2222 tenacem

120 2246 328 2287 praebent.
361 2241 542 2278 Basella
557 2242 658 2279 alba
673 2244 794 2280 Linn.
812 2244 919 2279 inter
934 2243 1113 2279 remedia.
1128 2243 1274 2278 leniter
1289 2242 1494 2279 solventia
1508 2245 1703 2289 liabetur,
1728 2251 1753 2278 a
1769 2243 1954 2282 medicis,

58 2295 61 2298 ’
122 2300 165 2335 in
187 2300 292 2336 Asia
314 2300 510 2336 calidiore
532 2303 758 2337 salutarem
780 2305 908 2336 artem
931 2299 1240 2346 exercentibus,
1271 2302 1452 2336 tenellae
1482 2299 1633 2336 aetatis
1664 2299 1883 2336 infantulis
1917 2307 1953 2335 et

121 2357 363 2393 mulieribus
379 2361 538 2393 uterum
553 2358 788 2402 gerentibus
806 2365 932 2400 saepe
951 2356 1252 2393 administrata.

233 2427 581 2472 chenopodiorum
610 2428 791 2477 semina,
822 2427 1032 2467 albumine
1061 2429 1274 2470 amylaceo
1302 2426 1480 2473 munita,
1511 2429 1682 2472 urgente
1705 2425 1821 2471 gravi
1848 2426 1953 2462 fame

121 2484 220 2529 pani
237 2485 422 2520 admixta
438 2485 569 2522 fuisse
584 2489 757 2522 constat.
797 2480 1107 2529 chenopodium
1126 2481 1296 2527 Qm’noa
1311 2483 1429 2520 Linn.
1449 2485 1558 2528 apud
1577 2484 1791 2520 Chilenses
1807 2488 1951 2526 sponte

121 2542 329 2589 nascitur,
366 2544 493 2578 herba
524 2551 682 2589 annua,
718 2541 967 2585 chenopodii
997 2541 1083 2577 albi
1114 2541 1309 2576 nostratis
1340 2540 1470 2586 facie,
1503 2543 1666 2576 cultura
1694 2549 1765 2583 per
1795 2549 1953 2576 omnem

122 2598 337 2635 Americae
366 2598 634 2635 occidentalis
666 2599 871 2643 regionem
901 2601 1137 2633 montanam
1169 2601 1408 2650 propagata.
1467 2597 1702 2633 Seminibus
1732 2597 1776 2632 in
1798 2599 1952 2640 pultem

123 2654 250 2690 coctis
274 2654 516 2691 monticolae
542 2656 800 2698 potissimum
815 2655 1019 2691 victitant.
1079 2651 1276 2688 Salsolae
1291 2657 1433 2697 plures
1447 2653 1492 2689 in
1506 2654 1824 2698 Languedociae
1840 2653 1954 2697 agris

121 2715 332 2757 seruntur,
363 2704 534 2747 seminas
551 2712 668 2755 equis
698 2714 848 2756 pabulo
877 2715 986 2747 sunt.
1043 2713 1268 2746 Multarum
1290 2710 1449 2761 semina
1471 2710 1663 2756 emetica,
1695 2710 1840 2754 majori
1865 2711 1953 2745 dosi

124 2771 385 2804 vehementer
411 2772 601 2813 purgant.
660 2768 803 2805 Virtus
833 2767 876 2803 in
906 2770 1126 2810 embryone
1151 2770 1280 2802 latere
1309 2767 1506 2814 creditur,
1539 2766 1731 2803 fortassis
1763 2767 1885 2803 etiam
1911 2767 1949 2801 in

122 2824 433 2872 integumentis,
464 2824 665 2869 imprimis
679 2824 871 2860 interiore
888 2822 1186 2868 [endopleura]
1203 2823 1402 2859 residens.

259 2897 321 2931 De
339 2895 685 2939 Clienopodiaceis
702 2897 790 2931 oleo
804 2897 991 2931 aethereo
1006 2894 1259 2930 salutaribus
1275 2889 1489 2929 dicendum
1505 2897 1580 2929 est.
1641 2890 1950 2938 chenopodium

123 2949 288 2999 Botrys
310 2953 357 2988 L.
382 2945 587 3004 (βοτρύς,
612 2954 748 2988 Herba
768 2953 942 2994 Botryos
957 2951 1166 2998 vulgaris,
1191 2950 1526 2995 Traubenkraut]
1550 2950 1592 2986 in
1608 2951 1772 2994 Europa
1788 2954 1951 2986 austra-

123 3009 226 3045 liore
257 3011 296 3045 et
325 3010 462 3045 media
491 3009 672 3052 sparsim
701 3009 902 3052 provenit.
961 3009 1099 3044 Herba
1119 3008 1240 3043 odore
1264 3007 1508 3054 aromatico,
1537 3015 1685 3050 sapore
1708 3007 1950 3043 aromatico-

128 3066 382 3101 amaricante
404 3066 610 3112 praedita,
642 3067 730 3101 oleo
755 3068 943 3101 aethereo
967 3068 1006 3101 et
1021 3065 1181 3101 salibus
1199 3063 1327 3111 foeta,
1358 3061 1501 3100 florida
1517 3063 1743 3111 colligitur,
1775 3064 1890 3100 sicca
1907 3064 1947 3099 in

122 3121 299 3158 officinis
329 3123 548 3163 servanda.
607 3123 664 3158 Ob
695 3123 855 3158 odorem
887 3121 1010 3158 tineis
1031 3121 1228 3158 infestum
1245 3122 1332 3164 jam
1349 3120 1518 3157 Graecis
1541 3120 1747 3164 veteribus
1763 3121 1948 3157 vestibus

121 3187 144 3214 e
173 3180 274 3223 lana
304 3178 426 3214 factis
457 3178 742 3222 interpositam
770 3178 903 3214 fuisse
933 3181 1108 3214 constat.
1170 3175 1479 3222 Chenopodz’um
1503 3175 1805 3212 ambrosz'm'des
1827 3178 1947 3213 Linn.

122 3233 285 3278 (Herba
313 3235 560 3278 chenopodii
589 3235 879 3272 ambrosioidis
909 3244 943 3271 s.
979 3236 1152 3278 Botryos
1181 3234 1445 3280 mexicanae‚
1491 3236 1614 3278 vulgo
1645 3234 1948 3278 Jesuitentliee)

123 3292 232 3334 apud
242 3291 491 3327 mexicanos
514 3295 659 3336 sponte
681 3292 888 3338 nascitur,
921 3291 964 3327 in
981 3291 1225 3334 quibusdam
1240 3292 1429 3334 Europae
1444 3290 1679 3334 regionibus
1695 3291 1863 3326 efferata
1876 3293 1947 3327 ob-

121 3347 234 3383 vium
248 3349 368 3383 odore
382 3348 608 3400 peculiari,
629 3348 884 3396 vehementi,
907 3356 1056 3391 sapore
1072 3347 1314 3396 aromatico,
1346 3350 1618 3391 camphorato.
1663 3347 1948 3383 Cultaeherba

122 3402 264 3455 florida
287 3404 330 3439 in
352 3403 528 3440 officinis
551 3408 626 3441 est.
692 3402 912 3440 Rouhffew
934 3400 1150 3449 mulcvficla
1172 3407 1279 3447 Moq.
1303 3403 1513 3451 [Payco],
1545 3403 1946 3448 cunensisspecies,

120 3460 363 3496 mexicanae
385 3463 550 3504 plantae
566 3453 766 3504 qualitate
781 3461 954 3507 similis,
983 3460 1135 3497 virtute
1155 3461 1296 3496 minor.
1354 3462 1389 3496 E
1410 3456 1667 3505 Chenopodiz·
1687 3456 1946 3494 anthelmiu-

123 3512 229 3552 tkici
259 3516 378 3554 Linn.
418 3516 461 3554 in
497 3509 692 3556 Amerina·
728 3517 974 3555 australiore
1005 3516 1230 3555 crescentis
1266 3516 1495 3554 seminibus
1530 3518 1676 3570 oleum
1704 3519 1946 3562 graveolens
