2147 3756
1043 136 1163 185 587

197 308 344 348 Africa
365 307 602 355 cyrenaica,
635 309 834 353 imprimis
850 314 983 348 autem
1001 309 1112 347 circa
1127 311 1270 353 Syrtes
1287 308 1445 356 colligi,
1475 311 1565 346 loca
1581 311 1689 347 culta
1709 311 1875 359 fugere.7
1900 318 2016 352 extra

196 367 464 411 cyrenaicam
497 367 697 410 regionem
730 369 837 403 haud
870 368 1101 414 provenire,
1133 370 1413 409 culturamque
1443 369 1508 402 vel
1533 367 1573 401 in
1599 368 1719 403 Jonia
1742 372 1809 405 vel
1830 371 1871 405 in
1895 372 2016 407 Pelo-

195 433 377 467 ponneso
408 423 561 459 frustra
591 428 805 471 tentatam,
849 429 1007 461 veteres
1037 425 1262 468 perhibent.
1319 423 1523 466 Silphium
1553 425 1834 472 cyrenaicum,
1874 430 1942 463 vel
1971 433 2015 464 ut

194 482 368 519 Romani
392 490 540 516 vocare
561 483 695 516 solent
710 478 870 527 Laser,
901 485 950 518 ob
974 481 1250 527 gratissimum
1273 490 1480 527 saporem,
1510 482 1558 516 ob
1583 481 1742 516 odorem
1767 481 2015 526 fragrantem

194 541 233 573 et
262 538 451 573 virtutem
481 537 810 584 calefacientem,
850 538 1191 586 diaphoreticam,
1229 538 1604 580 alexipharmacam
1635 538 1776 584 etiam,
1808 540 2014 576 veteribus

192 593 236 630 in
264 594 423 629 deliciis
448 599 553 640 erat,
586 595 651 637 qui
678 594 922 639 propagines
945 604 1103 638 quoque
1126 599 1163 632 et
1187 595 1415 631 cauliculos
1438 595 1596 630 salibus
1620 594 1803 630 conditos
1826 594 1930 630 inter
1944 605 2014 632 ac-

193 648 431 694 ceptissima
449 652 620 694 opsonia
637 656 862 687 numerant.
900 652 1192 694 Amplissimos
1203 652 1496 693 Cyrenensium
1516 662 1537 686 e
1553 651 1708 693 Silphio
1725 651 1889 687 vendito
1908 653 2015 688 redi-

193 712 260 743 tus
293 710 458 750 plantae
487 709 529 743 in
560 709 736 744 nummis
766 709 941 754 effigies,
980 718 1069 743 cum
1100 709 1215 743 Jovis
1244 709 1454 744 Ammonis
1487 712 1522 743 et
1553 708 1681 753 Batti,
1715 707 1783 750 qui
1813 709 2013 745 coloniam

191 765 446 811 condiderat,
478 765 614 811 icone,
647 769 830 800 testatur.
885 766 953 801 Ex
982 765 1057 800 illa
1086 764 1128 800 in
1159 764 1331 799 monetis
1355 764 1485 806 effigie
1511 768 1692 807 plantam
1715 759 2013 801 timbeuiferam

192 821 316 858 facile
353 823 659 868 cognoscimus,
706 821 895 857 foliorum
924 821 1090 863 vaginis
1121 821 1388 864 amplissimis
1419 821 1636 863 insignem.
1710 823 1867 857 Multae
1905 823 2014 864 apud

191 878 371 915 eruditos
390 879 437 913 de
455 880 618 920 plantae
634 888 780 921 genere
796 879 1073 924 conjecturae,
1107 882 1144 914 et
1159 878 1300 913 variae
1318 878 1664 921 peregrinatorum
1688 877 1736 913 de
1758 881 1902 921 planta
1923 888 2013 914 um-
2043 881 2047 885 ’

188 934 379 971 bellifera
402 935 616 969 hodiedum
640 934 681 968 in
707 934 934 976 cyrenaica
956 938 1163 969 crescente
1192 935 1430 981 relationes,
1461 943 1594 976 vagae
1625 939 1759 970 tamen
1790 938 1827 970 et.
1858 943 2015 978 nequa·

189 1000 311 1033 quam
341 991 391 1025 ad
420 990 650 1026 botanicam
681 990 823 1032 stirpis
847 991 1116 1026 definitionem
1140 990 1403 1026 sufficientes.
1461 993 1506 1026 In
1529 988 1730 1025 Ferulam
1757 987 2013 1037 tingitanam

186 1047 307 1084 Linn.
333 1047 496 1089 plurimi
521 1046 778 1091 conspirant,
810 1047 884 1082 alii
907 1045 1135 1092 Thapsiam
1154 1043 1358 1092 silphium
1379 1047 1495 1091 Viv.,
1528 1050 1708 1090 plantam
1733 1057 1758 1084 a
1782 1048 1968 1085 Lacellio
1992 1059 2015 1085 e

187 1102 417 1146 cyrenaica
445 1106 634 1148 relatam,
667 1103 874 1146 plerisque
904 1108 1037 1140 tamen
1069 1104 1269 1140 botanicis
1293 1098 1525 1149 obscuram,
1558 1114 1627 1147 pro
1653 1105 1809 1148 Silphio
1831 1109 2036 1141 veterum.

187 1162 350 1196 habent.
409 1160 607 1203 Quidquid
626 1160 678 1195 sit
698 1163 862 1203 plantae
880 1163 1078 1196 culturam
1099 1160 1362 1196 detrectantis
1385 1161 1534 1195 raritas
1557 1163 1729 1197 decursu
1753 1164 2013 1198 saeculorum

189 1217 410 1263 gliscebat,
442 1221 483 1253 ut
502 1217 714 1252 Strabonis
732 1208 864 1253 aetate
879 1218 1047 1253 deficere
1063 1218 1260 1264 coeperit,
1294 1219 1454 1260 quando
1479 1220 1681 1253 barbarae
1703 1221 1916 1264 nomades,
1947 1219 2013 1254 in-

188 1273 452 1310 cursionibus
490 1276 701 1320 palantes,
748 1275 886 1310 omnes
930 1283 1069 1317 paene«
1105 1275 1310 1318 pretiosae
1346 1277 1511 1316 plantae
1547 1275 1707 1309 radices
1746 1276 2028 1311 evulsissent.>

186 1333 348 1367 Interea
371 1341 392 1366 e
416 1331 554 1366 Media
576 1334 611 1366 et
633 1332 776 1366 Persia
797 1341 870 1374 per
893 1331 1055 1374 Syriam
1078 1341 1127 1367 ac
1145 1332 1383 1367 Armeniam
1407 1332 1493 1366 alia
1510 1332 1560 1366 ad
1576 1333 1780 1366 Romanos
1797 1333 2014 1368 advehitur

184 1387 355 1425 Laseris
378 1388 561 1434 specieS,
591 1389 808 1431 cyrenaico
835 1386 978 1431 (cujus
1002 1388 1166 1424 unicum
1189 1390 1389 1424 duntaxat
1400 1390 1584 1433 caulem,
1616 1390 1773 1423 Nerone
1789 1381 2015 1431 impin-ante

185 1448 406 1491 repertum,
429 1446 598 1480 Romam
614 1445 784 1480 missum
803 1445 953 1491 fuisse,
976 1445 1194 1481 memoriae
1212 1446 1409 1488 proditum
1427 1444 1512 1488 est]
1531 1445 1615 1480 fere
1631 1446 1911 1490 succedanea,
1935 1446 2013 1481 mi-

185 1501 297 1536 noris
315 1504 447 1537 tamen
465 1501 673 1538 efficaciae
691 1511 738 1537 ac
754 1502 957 1546 gravioris
973 1503 1122 1538 odoris,
1184 1501 1546 1538 Gummi-resinae
1561 1502 1722 1545 species
1738 1502 1952 1537 hodiedum
1968 1502 2011 1538 in

185 1558 433 1593 medicorum
462 1568 568 1601 penu
600 1563 681 1605 est,
715 1555 828 1593 Ascle
847 1557 1049 1607 foetidae
1078 1559 1240 1595 nomine
1263 1560 1305 1594 in
1329 1561 1480 1603 vulgus
1504 1562 1620 1603 nota,
1652 1568 1704 1593 ex
1728 1558 2011 1595 umbelliferae

145 1622 159 1637 -‘
184 1617 352 1658 plantae
376 1615 419 1650 in
436 1615 580 1651 Persia
603 1615 815 1651 nascentis
839 1616 976 1651 radice
1002 1618 1185 1652 collecta.
1245 1612 1409 1649 Fer-ula
1425 1611 1698 1663 Asafoeeida
1720 1614 1924 1651 botanicis
1949 1615 2012 1650 di-

184 1671 290 1706 citur
320 1672 466 1719 stirps,
494 1681 613 1714 quam
644 1682 758 1707 nemo
787 1677 879 1715 post
901 1672 1209 1717 Kaempferum,
1244 1672 1311 1714 qui
1342 1671 1632 1707 acuratissime
1657 1673 1802 1706 dehac
1826 1672 2008 1720 scripsit,

182 1728 323 1763 vivam
348 1729 601 1774 observavit,
633 1729 676 1763 in
693 1729 837 1764 Persia
857 1738 1063 1764 crescens.
1123 1719 1352 1774 He'ngv‘se‘h,
1384 1728 1441 1762 ita
1465 1730 1645 1769 plantam
1669 1729 1822 1763 Persae
1842 1731 2008 1774 vocant,

181 1784 358 1820 radicem
383 1787 501 1820 habet
525 1786 751 1829 longaevae
775 1785 1021 1832 durationis,
1052 1793 1261 1830 magnam,
1294 1785 1582 1830 ponderosam,
1612 1785 1783 1829 nudam,
1817 1784 2011 1820 exteriori

181 1844 298 1877 vultu
316 1841 491 1886 nigram,
517 1841 559 1876 in
577 1844 663 1876 solo
679 1841 823 1877 limoso
839 1843 1022 1888 laevem,
1048 1841 1090 1876 in
1107 1843 1301 1877 sabuloso
1318 1843 1503 1876 scabram
1519 1849 1568 1876 ac
1585 1842 1869 1883 quadantenus
1886 1850 2010 1885 rugo—

181 1907 292 1945 sam,
323 1901 364 1933 ut
390 1898 627 1942 plurimum,
659 1899 908 1936 Pastinacae
932 1898 1083 1945 instar,
1115 1899 1367 1944 simplicem,
1399 1906 1525 1940 saepe
1550 1900 1690 1940 paullo
1713 1906 1737 1933 a
1754 1899 1888 1941 capite
1905 1899 2009 1934 dua-

181 1957 259 1990 bus
290 1964 327 1991 v.
361 1955 547 1997 pluribus
570 1955 936 1991 divaricationibus
955 1955 1231 2001 brachiatam,
1263 1955 1360 1990 aliis
1385 1953 1777 1998 perpendiculariter
1798 1955 2006 2003 demissis,

182 2011 279 2047 aliis
294 2011 498 2047 incondite
516 2016 553 2048 et
569 2011 610 2046 in
628 2012 856 2059 obliquum,
888 2016 1003 2055 prout
1020 2015 1070 2048 ab
1091 2012 1261 2055 objectis
1275 2012 1508 2056 flectuntur,
1534 2011 1730 2048 externis.
1774 2011 2007 2055 Fastigium

180 2078 203 2104 e
233 2071 378 2104 tellure
407 2069 639 2111 prominens
668 2069 779 2105 fibris
808 2073 987 2105 setarum
1017 2071 1066 2105 ad
1099 2070 1232 2105 instar
1250 2069 1464 2113 surrectis,
1498 2077 1550 2103 ex
1573 2068 1690 2104 fusco
1714 2069 1830 2115 rufis,
1862 2068 2008 2112 rigidis

181 2125 394 2161 confertim
426 2126 621 2172 stipatur,
651 2128 763 2161 velut
793 2127 835 2162 in
867 2127 965 2162 aliis
994 2126 1185 2170 perennis
1207 2126 1433 2162 durationis
1455 2125 1611 2168 plantis
1632 2125 1910 2161 Umbelliferis
1936 2128 2008 2162 ob-

180 2186 412 2219 servantur.
471 2183 618 2218 Cortex
634 2183 787 2218 radicis
802 2183 968 2228 pinguis
986 2188 1066 2230 est,
1098 2193 1318 2229 succosus,
1351 2182 1494 2229 facile,
1527 2183 1618 2217 dum
1637 2192 1658 2218 e
1673 2184 1762 2218 solo
1778 2182 2008 2218 extrahitur

181 2240 399 2285 secedenS,
430 2239 687 2276 concavitate
709 2242 854 2284 glabra
877 2244 913 2275 et
937 2240 1123 2287 humida3
1154 2240 1429 2276 substantiam
1451 2239 1601 2274 obtinet
1618 2240 1907 2286 ponderosam,
1939 2239 2006 2274 in-

181 2299 270 2332 star
292 2297 436 2340 Rapae
460 2296 635 2332 solidam
658 2297 1093 2343 candidissimamque,
1125 2300 1290 2341 plenam
1312 2297 1428 2333 succi
1447 2295 1632 2341 pinguis,
1663 2295 1890 2342 albissimi,
1921 2295 2007 2332 foe-

180 2353 393 2399 tidissimi,
426 2362 618 2396 porraceo
643 2355 762 2389 odore
783 2363 904 2390 nares
926 2354 1088 2390 horride
1105 2354 1302 2390 ferientis.
1361 2354 1481 2389 Folia
1498 2362 1589 2388 sero
1606 2357 1798 2388 autumno
1816 2363 1836 2388 e
1854 2352 2007 2389 vertice

179 2409 503 2457 progerminant,
528 2420 623 2457 seX,
647 2414 802 2453 septem
827 2414 865 2446 et
886 2421 956 2454 pro
979 2411 1133 2447 radicis
1157 2411 1439 2455 magnitudine
1459 2412 1579 2453 plura
1602 2419 1640 2445 v.
1658 2409 1875 2457 pauciora,
1900 2418 2006 2452 quae

180 2475 252 2509 per
267 2468 448 2502 brumam
466 2467 678 2503 luxuriose
695 2468 853 2514 vigent,
885 2470 1024 2503 adulto
1043 2477 1138 2504 vere
1154 2471 1415 2504 exarescunt.
1475 2466 1761 2502 Pinnatisecta
1775 2469 1876 2502 haec
1893 2470 2004 2512 sunt,

179 2524 402 2567 segmentis
418 2524 607 2567 utrinque
624 2525 724 2559 uni-
741 2524 1256 2571 bipinnatiiido-sinuatis,
1273 2524 1379 2560 lobis
1395 2523 1602 2569 oblongis,
1618 2522 1789 2559 obtusis.
1834 2525 2004 2559 Odorem

179 2588 277 2614 vero
294 2579 472 2615 obtinent
490 2582 603 2616 succi
620 2582 740 2617 odore
757 2582 1052 2630 remissiorem,
1077 2590 1266 2625 saporem
1283 2590 1374 2616 cum
1391 2579 1579 2616 amaritie
1595 2583 1631 2615 et
1648 2580 1874 2616 aromatica
1889 2588 2005 2616 acre-

180 2635 274 2671 dine
297 2635 516 2672 hircosum.
574 2637 717 2674 caulis
734 2638 776 2672 in
793 2640 999 2683 orgyalem
1016 2643 1054 2674 et
1070 2637 1420 2682 sesquiorgyalem
1437 2635 1617 2680 assurgit
1632 2636 1888 2672 altitudinem
1903 2636 2005 2672 sim-

178 2693 296 2739 plex,
335 2693 500 2736 vaginis
538 2694 720 2737 aphyllis
749 2695 947 2741 vestitus,
986 2694 1178 2731 crassitie
1210 2695 1254 2730 in
1281 2694 1362 2730 imo
1391 2697 1544 2736 quanta
1573 2702 1719 2728 manus
1747 2695 2004 2735 complexum

179 2753 366 2796 superat,
399 2759 451 2785 ex
481 2759 560 2792 qua
589 2750 743 2786 sensim
775 2754 1012 2787 attenuatus
1040 2751 1083 2786 in
1107 2759 1241 2786 ramos
1265 2750 1543 2786 umbelliferos
1566 2748 1753 2785 solvitur.
1811 2750 2004 2796 Fructus,

179 2807 340 2848 qualem
370 2806 641 2849 Kaempferus
672 2807 886 2853 describit,
923 2808 1100 2854 Ferulae
1131 2816 1261 2851 genus
1291 2807 1446 2853 arguit,
1483 2808 1656 2852 planus,
1697 2805 1918 2851 foliaceus,
1950 2814 2004 2841 ex

180 2861 475 2910 fusco-rufus,
507 2864 660 2907 figurae
690 2868 856 2910 ovatae,
888 2863 1131 2907 Sphondylii
1159 2873 1198 2900 v.
1213 2863 1464 2900 Pastinacae
1492 2861 1642 2897 fructui
1671 2871 1751 2898 non
1781 2861 2004 2910 absimiliS,

177 2921 319 2961 paullo
342 2921 473 2963 major
502 2923 540 2956 et
569 2919 743 2968 nigrior,
776 2921 1029 2963 aliquantum
1058 2920 1218 2963 pilosus
1241 2920 1331 2956 sive
1355 2928 1497 2965 asper,
1530 2919 1659 2954 tribus
1681 2921 1847 2954 notatus
1871 2918 2004 2965 striis,

177 2983 263 3010 una
292 2985 364 3019 per
392 2977 566 3013 mediam
595 2977 908 3023 longitudinem,
941 2977 1112 3020 reliquis
1134 2987 1206 3020 per
1228 2976 1425 3013 fimbriam
1448 2979 1614 3011 arcuato
1641 2976 1765 3011 ductu
1788 2976 1838 3011 ad
1862 2975 2005 3018 apices

179 3031 370 3074 utrinque
386 3034 594 3076 productis
605 3059 616 3081 ,
640 3035 794 3070 semine
811 3034 944 3071 foetus
960 3038 1049 3070 atro
1060 3062 1070 3082 ,
1087 3043 1341 3080 compresso,
1359 3033 1512 3077 figurae
1527 3041 1580 3068 ex
1595 3035 1712 3068 ovato
1727 3041 1791 3068 mu
1799 3034 2004 3068 cronatae.

179 3088 356 3124 Fructus
393 3091 553 3126 odorem
591 3091 783 3135 exiguum
813 3099 1071 3139 porraceum,
1103 3099 1288 3134 saporem
1319 3099 1505 3136 gravem,
1537 3093 1656 3125 acute
1687 3092 2005 3124 amarescentem

179 3145 376 3187 perhibet.
435 3148 482 3182 In
513 3148 657 3183 Persia
687 3150 841 3184 duobus
878 3149 1079 3184 duntaxat
1106 3150 1288 3184 locorum
1320 3146 1517 3183 tractibus
1547 3145 1792 3190 hingiferam
1821 3137 2010 3188 plantam'

179 3201 296 3236 nasci
310 3229 320 3248 ,
351 3202 622 3246 Kaempferus
640 3209 782 3240 auctor
798 3208 877 3251 est,
908 3205 1098 3241 videlicet
1115 3206 1156 3240 in
1172 3205 1328 3247 campis
1345 3207 1382 3239 et
1399 3203 1600 3239 montibus
1617 3202 1725 3238 circa
1741 3203 1886 3245 Herat,
1918 3211 2004 3237 em-

178 3257 336 3300 porium
353 3259 591 3302 provinciae
606 3258 842 3307 Khorasan,
866 3265 907 3297 et
920 3261 963 3297 in
976 3263 1075 3306 jugo
1090 3262 1287 3297 montium
1303 3260 1542 3304 provinciae
1557 3256 1659 3304 Lat,
1677 3259 1781 3301 quod
1797 3266 1822 3294 a
1840 3257 2005 3294 flumine

151 3320 158 3324 ·
180 3311 261 3350 ctir
283 3315 334 3350 ad
358 3318 495 3351 urbem
512 3318 655 3361 Kongo
677 3319 899 3353 secundum
920 3318 1070 3361 persici
1086 3319 1392 3355 sinustractum
1409 3317 1658 3361 extenditur,
1692 3316 1869 3361 duobus,
1901 3314 2003 3350 alibi

178 3371 309 3407 tribus
333 3372 576 3415 pluribusve
599 3374 844 3417 parasangis
865 3382 892 3409 a
906 3375 1055 3411 littore.
1113 3375 1332 3418 Utrobique
1349 3378 1483 3410 autem
1498 3373 1613 3408 succi
1631 3371 1748 3407 ferax
1763 3380 2004 3414 quocunque

177 3429 266 3463 loco
290 3430 431 3471 planta
454 3439 533 3465 non
556 3435 636 3477 est3
668 3432 740 3466 sed
764 3430 876 3466 circa
892 3428 1018 3468 Her-at
1034 3440 1084 3468 ea
1100 3434 1266 3477 saltem,
1300 3439 1402 3473 quae
1420 3433 1645 3472 campestre
1660 3430 1792 3472 solum
1808 3431 2000 3474 occupat3

126 3509 136 3517 .
178 3483 223 3520 in
245 3488 373 3522 tractu
389 3482 564 3523 Larensi
588 3491 743 3525 tantum
765 3488 861 3537 illa,
893 3496 998 3532 quae
1019 3488 1166 3527 crescit
1181 3489 1224 3526 in
1241 3487 1463 3534 montibus,
1494 3485 1643 3522 vicinis
1660 3484 1857 3523 territorio
1874 3488 1914 3525 et
1928 3493 2000 3529 ⁰1).-

1534 3549 1648 3604 25*
