2147 3756
939 170 1053 219 677

73 349 188 392 sunt,
216 347 251 382 et
270 343 312 382 in
331 344 504 383 farinam
521 345 687 383 redacta
704 346 1071 390 cataplasmatibus
1087 345 1309 391 adduntur,
1336 343 1481 387 quibus
1499 344 1649 390 exigua
1667 345 1743 381 olei
1757 374 1766 391 ,
1796 348 1899 389 quod

72 408 237 449 gerunt,
262 404 440 439 aetherei
460 404 682 449 particula,
713 404 794 439 vim
813 404 935 439 simul
953 403 1209 445 aliquomodo
1227 402 1505 437 stimulantem
1525 404 1729 438 conciliat.
1777 403 1902 439 Cocta

72 471 162 496 cum
182 463 287 496 lacte
304 460 546 496 mulieribus
565 460 604 494 in
622 461 889 496 Orientalium
910 463 1146 503 populorum
1164 458 1385 503 gynaeceis
1410 460 1604 505 reclusis,
1637 461 1901 501 exoptatissi-

74 527 164 552 mus
181 517 298 551 cibus
316 520 431 562 811111,
464 517 613 559 quippe
631 517 778 558 quibus
795 526 942 559 corpus
963 519 1062 552 bene
1081 520 1241 558 pastum
1267 520 1306 551 et
1330 516 1564 559 rotundum,
1598 519 1716 557 quale
1739 517 1900 552 maritis

70 573 113 608 iu
132 573 291 608 deliciis
310 577 392 617 est,
418 573 611 608 redditur.
647 570 810 619 Galega
829 570 1064 620 officinalis
1082 573 1200 608 Linn.
1221 571 1354 615 (Ruta
1370 572 1559 615 capraria
1577 572 1732 617 01110),
1765 574 1899 608 odoris

71 637 240 673 expers,
274 630 433 671 saporis
466 630 665 671 peculiari
697 631 971 666 amaritudine
1004 630 1231 678 Melite-tum
1263 632 1301 664 et
1331 630 1510 673 Poenum
1543 637 1731 672 graecum
1764 629 1899 675 refert,

71 686 165 721 olim
184 686 373 721 remediis
392 686 702 731 diaplioreticis,
731 687 941 722 diureticis
960 691 994 721 et
1017 686 1363 736 antbelmintbicis
1379 687 1657 721 adnumerata.
1694 682 1901 720 I‘soralecc

70 741 326 777 bituminosa
343 742 462 777 Linn.
481 740 718 784 [Trifolium
739 743 1026 778 bituminosum
1043 741 1201 785 Ossia),
1235 744 1354 779 odore
1373 745 1612 787 vehemens,
1645 751 1670 777 a
1695 742 1900 777 veteribus

69 798 112 834 in
136 802 272 834 morbo
297 800 471 843 caduco,
505 800 544 833 in
572 800 835 841 passionibus
860 799 1079 841 liystericis
1104 804 1139 834 et
1167 798 1268 833 febri
1297 799 1582 835 intermittente
1605 800 1899 846 commendata,

68 857 282 891 hodiedum
305 858 354 889 ab
379 856 497 890 Italis
523 857 573 890 ad
596 857 799 891 sedandos
831 857 1011 890 dentium
1044 857 1202 890 dolores
1235 856 1460 891 adhibetur.
1519 855 1751 891 Peculiaris
1778 856 1900 890 Meli-

68 913 140 947 loti
187 911 417 954 fragrantia
463 913 775 955 amygdalarum
820 912 932 946 odori
979 921 1117 946 amaro
1157 912 1286 947 mixta
1325 913 1366 948 in
1406 909 1644 958 Dipterv'gis
1692 909 1900 945 odoratae

71 969 214 1004 Wiltd.
241 966 622 1014 (Coumarounae),
655 968 812 1003 arboris
838 969 1097 1013 guianensis,
1131 969 1371 1005 seminibus.
1431 970 1544 1004 llaec
1569 970 1619 1004 ad
1638 968 1901 1004 medicandos

66 1027 214 1061 herbae
244 1024 483 1059 Nicetianae
514 1026 705 1066 pulveres
737 1024 979 1066 quibusdam
1011 1029 1150 1071 grata,
1185 1022 1402 1059 Fabarnm
1440 1023 1583 1060 Tmeca
1617 1036 1650 1062 8.
1682 1022 1730 1059 de
1762 1023 1900 1060 Touco

67 1082 229 1117 nomine
246 1080 286 1115 in
307 1081 612 1123 aromatopoliis
631 1085 920 1124 proponuntur.
982 1082 1150 1117 Odorem
1168 1082 1414 1125 peculiarem
1439 1086 1474 1118 et
1499 1091 1686 1125 saporem
1711 1092 1802 1118 cum
1827 1092 1901 1118 no-

68 1138 183 1174 tabili
204 1137 468 1173 mordacitate
486 1138 956 1183 aromatico-amarum,
989 1148 1011 1173 e
1029 1138 1231 1181 peculiari
1257 1139 1505 1181 stearopteni
1528 1139 1688 1187 specie,
1721 1141 1901 1183 crystal-

65 1196 129 1231 los
146 1193 377 1230 acuformes
398 1193 595 1229 formante
613 1193 906 1240 (Goumarina,
939 1195 1328 1241 Tonkakampher),
1362 1199 1559 1239 repetunt.

206 1263 493 1301 Amaritudine
518 1265 721 1308 peculiari
740 1262 960 1310 Sophorae
994 1267 1254 1300 tomentosae
1277 1266 1420 1312 Linn.‚
1452 1269 1698 1303 arbusculae
1723 1266 1900 1315 indicae,

66 1322 188 1359 radix
214 1326 254 1357 01
276 1321 437 1358 semina
459 1319 635 1364 [Radix
661 1325 704 1355 et
726 1331 864 1356 semen
889 1319 1235 1356 Anticleolericae
1260 1322 1398 1367 ome.)
1422 1324 1624 1359 salutaria
1648 1328 1763 1369 sunt,
1797 1324 1902 1360 inter

65 1379 259 1422 specifica
290 1379 495 1414 adversus
523 1379 718 1414 vomitum
748 1379 940 1414 biliosum
973 1378 1154 1414 remedia
1182 1379 1375 1414 maximis
1408 1381 1516 1423 apud
1540 1381 1662 1415 Indos
1694 1383 1903 1417 celebrata

63 1437 274 1473 laudibus.
334 1432 839 1480 8191111ηοῐοοϋραρονιίεί
859 1437 1031 1481 Scbott.,
1065 1436 1236 1472 decorae
1259 1436 1380 1472 etiam
1403 1436 1445 1471 in
1471 1436 1620 1472 nostris
1639 1437 1762 1472 bortis
1781 1440 1899 1473 arbo-

65 1493 145 1538 ris,
178 1491 387 1536 legumina
411 1495 538 1535 pulpa
559 1493 775 1528 admodum
798 1496 965 1528 austera
990 1492 1123 1528 farcta
1146 1497 1262 1538 sunt,
1297 1502 1401 1536 quae
1428 1496 1602 1530 colorem
1626 1494 1897 1537 pulcherrime

63 1551 240 1596 luteum,
273 1549 478 1594 tingendis
493 1549 781 1600 imperatorum
797 1549 985 1585 vestibus
1002 1554 1140 1592 aptum
1152 1577 1162 1596 ,
1194 1552 1374 1593 praebet.

206 1619 327 1656 Aliae
345 1622 512 1663 plantae
537 1619 853 1663 papilionaceae
879 1620 985 1656 111101
1007 1630 1117 1657 111010
1141 1621 1443 1665 adstringentes
1466 1626 1743 1659 numerantur.
1802 1616 1899 1657 An-

67 1674 215 1724 thylle's
230 1675 485 1711 vulnerarint
501 1676 621 1712 Linn.
639 1675 946 1724 [W'undkleeL
979 1681 1164 1725 nostras,
1191 1688 1243 1714 ex
1258 1678 1431 1714 istarum
1447 1689 1613 1715 numero
1631 1683 1714 1725 081,
1747 1679 1899 1715 exoleti

64 1744 181 1771 118118.
240 1736 351 1770 111101
367 1734 551 1770 exoticas
577 1733 777 1776 imprimis
796 1731 1003 1769 Sesbam'a
1026 1735 1283 1781 aegyptiaca
1299 1737 1432 1782 Pers,
1466 1736 1602 1772 frutex
1624 1746 1695 1780 per
1711 1737 1900 1772 Africam

64 1791 260 1834 tropicam
290 1793 374 1827 late
399 1791 595 1836 diffusuS‚
627 1793 705 1826 hac
729 1791 880 1827 virtute
905 1792 1067 1835 gaudet.
1127 1794 1174 1828 In
1201 1789 1489 1827 Guz‘lande‘nae
1516 1791 1690 1827 Bonduc
1711 1794 1832 1829 Linn.
1859 1797 1899 1829 et

64 1845 374 1894 Bonane-ellae,
402 1848 592 1884 fruticum
614 1847 860 1895 indicorum,
886 1849 1025 1885 radice
1048 1852 1086 1885 et
1111 1849 1337 1885 seminibus
1362 1850 1610 1894 principium
1633 1846 1898 1895 adstringens

63 1914 154 1941 cum
187 1913 328 1941 amaro
358 1906 618 1948 conjunctum
650 1908 731 1952 081,
764 1907 871 1941 unde
901 1905 984 1941 vim
1016 1908 1269 1943 roborantem
1299 1910 1497 1951 repetunt.
1558 1907 1724 1943 Semina
1753 1907 1899 1950 majori

63 1961 152 1998 dosi
177 1961 360 1998 emetica.
425 1959 724 2005 Caesalpim'ae
747 1960 966 1997 corv'ctrv’ae
989 1964 1155 2009 Wibd„
1187 1966 1435 2000 arbusculae
1458 1964 1500 2000 111
1523 1964 1630 2000 Α813
1656 1964 1810 2007 tropica
1833 1964 1898 2000 in-

63 2018 257 2065 digenae,
290 2019 502 2064 legumina
521 2015 688 2062 (Fabae
711 2030 749 2056 v.
767 2018 950 2067 siliquae
968 2017 1166 2064 Libidibvy
1191 2021 1373 2057 validius
1397 2020 1678 2078 adstrjriguiit,
1710 2021 1900 2064 frequen-

62 2074 181 2112 tioris
198 2079 332 2112 tamen
351 2078 459 2119 apud
476 2076 672 2112 001131108
689 2087 808 2121 quam
826 2079 934 2121 apud
950 2078 1129 2114 medicos
1154 2088 1269 2114 usus.
1333 2075 1516 2112 Corticis
1533 2073 1778 2113 Alc-ornam
1803 2087 1900 2121 par-

60 2135 139 2168 tem
163 2143 185 2168 e
211 2130 458 2167 Bowde'clcz'a
481 2131 717 2180 virge'lz‘m‘de
741 2136 788 2170 H.
807 2137 850 2171 B.
869 2136 940 2179 K„
972 2135 1259 2178 papilionacea
1281 2134 1499 2172 Americae
1534 2135 1712 2178 tropicae
1738 2138 1895 2183 arbore,

62 2190 168 2236 peti,
200 2200 280 2226 non
310 2193 432 2233 plane
462 2191 585 2226 certis
616 2192 870 2235 argumentis
893 2192 1130 2228 affirmatur.
1190 2194 1423 2228 Nonnullae
1447 2202 1469 2228 e
1491 2192 1747 2237 gerontogeis
1771 2202 1895 2228 succo

64 2247 345 2292 adstringente
363 2249 564 2293 gaudent,
598 2248 666 2291 qui
682 2258 735 2284 ex
751 2248 881 2285 inciso
905 2249 1055 2285 cortice
1078 2248 1226 2285 effluus
1250 2248 1431 2284 siccatus
1454 2249 1497 2285 in
1520 2249 1797 2286 mercimoniis
1821 2253 1896 2285 081.

62 2300 178 2338 Kiao
205 2302 415 2338 orientale
441 2314 480 2340 v.
506 2304 736 2340 asiaticum
760 2307 916 2342 Buteae
946 2305 1163 2342 frondosae
1179 2307 1308 2342 Roxb.
1333 2315 1484 2342 succus
1507 2310 1590 2353 est,
1622 2306 1732 2342 acidi
1754 2306 1899 2342 mimo-

64 2360 220 2397 tannici
237 2361 356 2405 copia
374 2370 399 2398 a
416 2358 531 2395 Kino
551 2371 651 2396 vero
669 2372 703 2399 8,
719 2361 955 2409 gambiensi
968 2373 1007 2400 v.
1026 2362 1251 2412 africana,
1284 2364 1388 2405 quod
1406 2374 1428 2399 e
1444 2365 1761 2406 Drepanocarpo
1777 2373 1897 2399 sene-

63 2418 226 2461 galensi
256 2420 374 2454 Nees.
409 2418 632 2466 obtinetur,
665 2419 886 2455 diversum.
946 2416 1200 2466 Sanguinem
1232 2417 1434 2455 draconis
1466 2417 1844 2467 carthagenensem
1875 2431 1898 2456 e

62 2474 309 2518 Pterocarpo
324 2476 513 2511 Dracone
528 2476 648 2511 Linn.
662 2503 673 2522 ,
704 2476 1003 2520 Papilionacea
1017 2477 1252 2513 americana
1264 2500 1275 2522 ‚
1308 2476 1482 2513 obtineri
1499 2481 1673 2514 constat.

205 2532 340 2574 Major
362 2532 690 2568 americanarum
720 2535 975 2576 quarundam
1004 2533 1047 2569 in
1080 2538 1167 2570 arte
1198 2533 1388 2568 tinctoria
1418 2543 1534 2570 usus.
1597 2531 1896 2579 Caesalpmiae

61 2585 290 2623 echinatae
304 2590 418 2624 Lam.
436 2589 591 2632 lignum
608 2588 811 2633 [Lignum
826 2590 1099 2626 Fernambuci
1116 2600 1150 2626 8.
1170 2590 1429 2636 brasiliense,
1448 2591 1555 2626 alias
1573 2588 1728 2637 lignum
1746 2589 1893 2626 bresit-

63 2643 192 2691 lum),
224 2645 328 2688 quod
345 2645 387 2681 in
403 2645 680 2681 mercimoniis
705 2650 788 2692 est,
821 2647 1057 2683 substantia
1082 2650 1202 2682 rubro
1224 2645 1704 2692 001013111οίΒ138111113)
1731 2647 1895 2696 foetum,

60 2701 216 2747 ingenti
234 2701 402 2744 imperio
419 2712 563 2738 nomen
580 2702 701 2739 dedit.
746 2704 956 2745 Frequens
972 2705 1094 2747 hujus
1111 2705 1219 2746 apud
1236 2703 1427 2739 tinctores
1443 2713 1546 2740 usus
1562 2708 1636 2750 est,
1670 2713 1696 2740 a
1710 2705 1895 2753 medicis,

65 2759 215 2802 quibus
239 2758 334 2794 olim
358 2759 560 2795 adversus
583 2758 727 2794 febrim
750 2759 1080 2796 intermittentem
1104 2761 1448 2807 commendatum,
1480 2761 1555 2796 vix
1578 2761 1755 2804 amplius
1778 2762 1897 2798 adhi-

62 2818 194 2852 betur.
251 2815 423 2851 Arboris
439 2825 571 2859 genus
587 2818 805 2852 obscurum
823 2820 898 2853 est,
957 2817 1133 2861 Lignum
1152 2814 1414 2864 Brasiletw,
1447 2819 1567 2860 cujus
1595 2820 1733 2860 plures
1757 2819 1896 2855 varie·

65 2874 170 2908 tates
200 2871 565 2919 circumferuntur,
597 2870 931 2918 e.Caesalpz·m·a
961 2871 1208 2908 brasz'liensi
1235 2873 1377 2921 Linn.‚
1410 2875 1453 2910 in
1482 2874 1656 2910 Antillis
1686 2874 1895 2923 indigena,

62 2929 241 2964 derivari
259 2929 485 2972 perhibent.
513 2927 812 2974 Caesalpmz‘ae
823 2925 1141 2975 SappanLinn.‚
1160 2930 1319 2966 arboris
1335 2930 1512 2976 indicae,
1529 2930 1723 2966 materies
1736 2941 1893 2968 omnem

44 2985 169 3030 'ligni
199 2985 310 3022 rubri
341 2986 566 3023 americani
589 2986 778 3022 virtutem
802 2989 1044 3023 aemulatur.
1103 2984 1283 3033 Lignum
1307 2984 1650 3033 campecln'anum
1675 2998 1709 3024 s.
1736 2997 1891 3023 caeru-

63 3040 172 3076 leum
195 3043 486 3086 Haematoxyli
518 3043 804 3086 campecbiani
827 3044 948 3080 Linn.
978 3044 1173 3080 materies
1205 3048 1288 3091 est,
1321 3044 1554 3081 substantia
1584 3047 1791 3080 colorante
1821 3055 1893 3088 pe-

63 3099 211 3135 culiari
227 3099 522 3143 (Haematina)
539 3100 702 3147 gravis,
735 3102 853 3154 cujus
869 3105 1095 3137 extractum
1107 3129 1117 3148 ‚
1148 3100 1271 3137 etiam
1286 3101 1329 3137 in
1345 3102 1538 3137 America
1554 3105 1761 3147 paratum,
1788 3102 1895 3138 inter

63 3156 242 3197 ¹remedia
279 3156 580 3201 adstringentia
615 3159 752 3194 locum
788 3158 965 3206 obtinet,
1010 3157 1267 3203 frequentius
1303 3161 1440 3195 tamen
1478 3167 1504 3195 a
1541 3158 1783 3196 tinctoribus
1821 3158 1905 3195 ad-'

65 3212 238 3249 bibetur.
994 3240 996 3243 .
1710 3247 1711 3250 ,

68 3306 71 3308 ,
202 3268 336 3313 Major
358 3269 464 3306 inter
486 3269 699 3309 tinctorias
722 3268 978 3320 Indigofcra
1005 3269 1212 3307 linc-toria
1233 3271 1354 3308 Linn.
1378 3274 1462 3320 est,
1495 3272 1693 3308 suffrutex
1723 3271 1766 3308 in
1789 3271 1894 3309 Asia

67 3325 223 3369 tropica
244 3330 387 3370 sponte
409 3336 607 3374 nascens,
636 3337 750 3364 nunc
773 3328 817 3364 in
840 3329 1078 3374 regionibus
1104 3328 1273 3372 tropicis
1299 3328 1421 3365 totius
1445 3328 1555 3364 orbis
1578 3331 1729 3365 cultus.
1789 3326 1890 3375 Pig-

65 3385 247 3424 mentum
273 3380 454 3425 indicum
480 3377 554 3426 (τὸ
578 3377 741 3420 ἰνδικὸν
765 3379 1001 3433 βαφικόν),
1041 3386 1145 3428 quod
1175 3387 1342 3421 saeculo
1373 3386 1505 3421 adbuc
1536 3385 1691 3421 decimo
1720 3386 1891 3429 septimo

65 3439 300 3475 metallicae
323 3439 495 3483 originis
519 3449 544 3476 a
568 3441 711 3478 multis
726 3442 910 3478 habitum
927 3443 1024 3490 fuit,
1057 3442 1287 3478 indicarum
1303 3442 1548 3478 arundinum
1564 3452 1655 3478 esse
1671 3438 1890 3494 ε”κβρασμα

64 3499 224 3536 veteres
249 3497 410 3532 docent:
449 3500 617 3540 paratur
640 3501 776 3534 autem
805 3498 987 3535 indicum
1017 3500 1096 3546 ita,
1127 3502 1168 3534 ut
1200 3498 1243 3534 in
1272 3498 1435 3543 magnis
1465 3499 1657 3536 cisternis
1688 3509 1727 3535 v.
1759 3499 1892 3536 foveis

66 3559 175 3596 aqua
189 3553 324 3597 plenis
341 3554 484 3598 planta
499 3554 690 3591 continuo
707 3555 865 3600 agitata
881 3555 1182 3593 fermentationi
1198 3555 1478 3593 committatur.
1535 3556 1736 3593 Videntur
1751 3556 1890 3600 itaque
