2147 3756
933 216 991 223 ...ar
1038 218 1145 222 srA-ſss
1155 217 1278 223 -.ἑν-α-

335 305 766 363 Geographia·
823 313 1052 356 Dipsaceae
1081 312 1125 348 in
1156 310 1388 355 regionibus
1420 312 1654 354 temperatis
1684 315 1723 348 et
1747 311 2014 350 calidioribus

194 370 480 414 extratropicis
509 371 661 407 veteris
691 370 826 416 orbis,
856 379 930 405 nec
962 379 1042 404 non
1070 368 1114 403 in
1136 368 1300 412 regione
1322 366 1491 411 capensi
1514 367 1756 415 gignuntur,
1786 368 1831 405 in
1854 368 2016 414 regione

191 427 507 473 mediterranea,
540 426 739 469 imprimis
763 425 966 472 orientali,
1001 424 1252 467 frequentius
1275 423 1433 460 obviae.
1472 424 1653 460 Morinae
1678 434 1827 470 genus,
1855 424 2015 461 inflore-

192 483 352 519 scentia
374 485 625 529 anomalum,
658 491 682 519 a
699 483 906 518 Parnasso
930 490 1002 526 per
1017 480 1180 526 Syriam
1199 483 1238 517 et
1254 479 1463 517 Persidem
1486 479 1530 517 in
1543 481 1701 518 Indiam
1715 483 1920 517 borealem
1938 480 2016 517 dif-

194 539 332 578 fusum
347 542 422 576 est.

337 603 698 655 unalitate-s
723 609 763 644 et
783 614 953 648 usus.
1011 607 1188 645 Virtutis
1204 617 1285 643 non
1300 615 1450 652 magna
1464 608 1559 644 laus
1576 610 1650 644 est.
1689 609 1826 643 Herba
1840 610 1880 643 'et
1897 607 2016 644 radix

194 666 459 711 plurimarum
483 664 790 702 amaro-dulcis
814 665 1175 711 subadstringens,
1205 665 1249 701 in
1271 664 1401 700 variis
1417 663 1567 700 morbis
1584 665 1884 710 coinmendata3
1915 674 2017 700 usus

194 725 393 759 adversus
415 723 594 758 scabiem
616 721 906 758 Scabiosarum
929 722 1040 767 genti
1063 723 1352 765 polymorphae
1374 729 1519 756 nomen
1543 720 1666 756 dedit.
1725 717 1926 755 Knautae'oe
1943 730 2018 755 ar-

193 779 333 814 vensz‘s
357 780 486 815 Coult.
519 776 678 820 (Herba
708 777 930 814 Scabiosae
961 777 1091 825 offic,
1123 775 1409 829 Grindlgraut.)
1441 780 1479 812 et
1511 773 1713 811 Scabiosa
1746 775 2017 811 Columbaria

192 836 314 873 Linn.
346 833 507 878 (Herba
537 834 760 870 Scabiosae
790 835 960 871 minoris
990 834 1127 879 effic.)
1161 834 1229 869 diu
1260 843 1311 869 ex
1341 832 1516 869 officinis
1542 834 1730 875 rejectae.
1792 830 2019 868 scabrosae

197 889 398 926 Suc-cisae
419 891 540 926 Linn.
557 888 780 933 (succisae
806 900 845 927 v.
864 894 1032 927 Morbus
1056 891 1207 926 diaboli
1223 890 1333 926 Offic.
1347 918 1356 933 ,
1381 888 1765 933 Teufels-Abbiss]
1791 890 1910 925 radix
1931 898 2019 926 ma-

195 949 295 984 terie
317 947 489 984 tannina
510 947 671 992 gravis,
702 947 981 983 vehementius
1005 947 1237 990 adstringit.
1294 943 1510 991 Dipsacus
1532 946 1577 982 in
1600 947 1711 989 agris
1736 946 1904 992 seritur,
1937 946 2018 982 ful·

193 1005 358 1041 Ionibus
380 1004 517 1051 utilis,
547 1013 643 1040 nam
660 1003 883 1047 capitulum
900 1003 1166 1046 cylindricum
1182 1002 1312 1045 paleis
1330 1002 1474 1045 rigidis
1491 1003 1673 1038 recurvis
1689 1003 1893 1038 horridum
1912 1003 2020 1038 nati—

193 1070 289 1097 vam
307 1054 518 1103 scopulam
533 1063 720 1107 praebet,
750 1058 961 1096 verrendis
976 1059 1124 1103 pannis
1141 1063 1292 1101 aptum.
1343 1054 1558 1104 Δι’ψακσς,
1589 1059 1843 1104 sitibundus,
1874 1068 2023 1094 nomen

195 1126 221 1152 a
239 1116 440 1152 contrario
456 1116 624 1152 sortitus
642 1119 703 1152 est
715 1143 725 1162 ,
757 1115 948 1159 quoniam
965 1118 1136 1151 collecta
1151 1115 1255 1151 roris
1272 1118 1308 1150 et
1327 1114 1495 1158 pluviae
1510 1123 1617 1158 aqua
1631 1115 1674 1149 in
1691 1115 1888 1160 cucullis,
1921 1124 2021 1157 quos

197 1173 297 1208 folia
320 1173 431 1208 circa
452 1175 610 1208 caulem
634 1171 828 1220 formant,
861 1172 971 1208 sitim
994 1172 1158 1215 abigere
1180 1170 1353 1207 videtur.
1405 1170 1511 1206 Hinc
1536 1170 1657 1206 etiam
1672 1173 1832 1206 labrum
1848 1174 1886 1205 et
1901 1173 2022 1206 lava·-

197 1238 310 1266 crum
333 1232 371 1265 et
394 1232 550 1266 concha
569 1228 744 1265 Veneris
774 1231 1024 1275 appellatur,
1056 1229 1253 1270 liquorem
1280 1236 1378 1264 vero
1402 1226 1519 1263 illum
1550 1228 1603 1262 ad
1627 1229 1867 1273 „oculorum
1895 1227 2021 1270 lippi-

198 1280 415 1322 tudinem“
437 1285 682 1322 medicatum
704 1282 1047 1328 putavits'credula
1062 1287 1260 1320 vetustas.
1313 1283 1450 1319 Radix
1464 1279 1883 1328 Dvpsamwullonum
1899 1284 2019 1320 Linn.

197 1341 368 1389 (Karte,
398 1343 554 1388 Karde3
583 1341 723 1378 Radix
752 1341 925 1385 Dipsaci
964 1351 1003 1376 v.
1034 1341 1182 1377 cardui
1212 1340 1386 1377 Veneris
1416 1339 1552 1384 offic.)
1585 1339 1681 1375 olim
1711 1341 1818 1375 inter
1845 1340 2021 1375 remedia

197 1398 474 1442 diaphoretica
496 1402 534 1434 et
557 1398 757 1434 diuretica
779 1397 821 1433 in
846 1397 1024 1434 officinis
1047 1400 1232 1443 servata,
1264 1395 1382 1432 ssores
1406 1401 1444 1433 et
1468 1396 1626 1433 semina
1649 1398 1851 1434 adversus
1867 1396 2020 1433 rabiem

196 1455 389 1492 caninam
405 1454 684 1493 commendata
699 1453 875 1492 fuerunt.

673 1589 845 1636 Ordo
875 1586 1050 1635 CXX.
1123 1586 1544 1643 compositae.

343 1706 536 1754 Hct‘bae
575 1714 626 1752 ut
661 1706 906 1769 plurimum
945 1720 1206 1769 perennes,
1252 1703 1486 1752 interdum
1521 1701 1824 1768 suffrutz‘ces,
1872 1704 2022 1750 rarius

204 1776 428 1833 arbores,
478 1776 614 1824 caule
646 1778 881 1838 ramisque
913 1775 1144 1822 teretibus
1173 1792 1217 1824 v.
1250 1773 1484 1822 interdum
1515 1775 1846 1838 irregulariter
1876 1791 2023 1838 angu-

202 1848 330 1906 latis,
376 1847 553 1893 foliatis
597 1863 640 1894 v.
680 1846 1060 1910 scapiformibus,
1108 1862 1253 1893 succo
1299 1860 1452 1909 aqueo
1498 1846 1596 1893 sive
1635 1846 1807 1893 lacteo·
1881 1846 2024 1893 Folia

203 1919 384 1966 alterna
415 1934 461 1965 v.
496 1919 736 1981 opposita,
771 1916 1005 1964 interdum
1037 1917 1176 1964 etiam
1207 1916 1515 1974 verticillata,
1548 1916 1801 1979 simplicia,
1836 1918 2024 1979 integra

201 2006 246 2036 v.
279 1989 408 2036 varie
441 1987 669 2047 dissecta,
716 1989 761 2036 in
795 1986 1066 2052 quibusdam
1098 2003 1213 2035 vere
1253 1988 1536 2050 composita,
1584 1984 1903 2050 exstipulata,
1941 2002 2024 2050 pe-

205 2058 331 2107 tiolis
368 2058 602 2107 interdum
642 2060 865 2106 auriculis
903 2058 1203 2122 stipularibus
1244 2059 1450 2105 munitis.
1519 2059 1699 2106 Flores
1737 2057 1942 2120 perfecti
1974 2073 2018 2103 v.

204 2130 374 2178 abortu
411 2130 679 2194 imperfecti
715 2146 760 2176 v.
800 2130 937 2193 plane
978 2129 1187 2187 steriles,
1233 2129 1279 2175 in
1322 2129 1573 2192 capitulum
1610 2146 1656 2179 v.
1692 2128 2019 2192 glomerulum,

204 2200 450 2248 involucro
488 2201 621 2248 vario
663 2200 866 2247 cinctum
906 2199 1120 2257 collecti,
1167 2201 1213 2245 in
1251 2199 1555 2262 receptaculo
1595 2215 1677 2246 seu
1718 2201 1832 2246 rami
1870 2200 2022 2262 apice,

206 2272 345 2336 plano
391 2288 433 2318 v.
483 2271 651 2318 conico
697 2279 776 2318 aut
820 2270 1043 2333 elongato
1091 2271 1257 2325 locati,
1320 2270 1587 2316 exteriores
1632 2285 1715 2316 seu
1770 2270 2024 2316 inferiores

205 2343 566 2407 praecociores,
627 2341 881 2389 interiores
926 2341 1096 2388 sensim
1145 2340 1340 2387 evoluti.
1436 2341 1654 2402 Capituli
1696 2341 1845 2399 (floris
1898 2355 2025 2386 com-

206 2413 368 2476 positi)
411 2413 555 2459 flores
592 2427 715 2458 nunc
754 2427 915 2458 omnes
953 2409 1323 2474 hermaphroditi
1365 2411 1689 2472 (leomogamz‘)
1730 2426 1852 2457 nunc
1893 2418 2025 2457 exte-

207 2484 362 2530 riores
414 2483 683 2546 pistilligeri
727 2498 812 2529 seu
857 2482 1043 2529 steriles
1087 2482 1363 2539 interiores,
1409 2481 1611 2544 perfecti
1649 2497 1693 2529 v.
1732 2479 2025 2543 staminigeri

214 2555 597 2616 (heterogamz‘),
655 2553 702 2600 in
753 2553 858 2601 aliis
913 2568 1075 2599 omnes
1129 2552 1322 2599 corollis
1367 2551 1596 2598 tubulosis
1647 2553 1931 2609 (clzZscoz'dezls
1973 2568 2020 2597 v.

194 2625 506 2691 flosculosz's)
556 2639 600 2671 v.
641 2639 803 2670 omnes
842 2623 1034 2670 corollis
1073 2623 1278 2686 ligulatis
1321 2623 1760 2687 (semfflosculoszs)
1807 2619 2025 2685 praediti,

210 2696 258 2742 in
288 2695 390 2741 aliis
423 2694 633 2741 corollae
664 2695 887 2757 marginis
922 2695 1104 2753 (radii)
1141 2693 1386 2756 ligulatae,
1421 2693 1657 2739 centrales
1684 2694 1856 2754 (disci)
1891 2691 2028 2738 tubu-

211 2767 372 2825 losae;
422 2765 470 2812 in
515 2765 618 2814 aliis
665 2781 826 2812 omnes
864 2764 1114 2811 bilabiatae
1157 2761 1658 2826 (salso-descoz'dcae)
1706 2780 1749 2810 v.
1782 2760 2026 2810 'centrales

210 2835 490 2893 bilahiatae‚
549 2836 836 2898 marginales
882 2835 1106 2897 ligulatae
1154 2831 1597 2895 (rade'atg‘formes),
1659 2833 1705 2879 in
1753 2830 2026 2895 quibusdam

213 2922 376 2954 omnes
406 2906 651 2954 tubulosae
681 2922 726 2953 v.
757 2905 1032 2962 bilabiatae‚
1074 2905 1274 2952 extimae
1306 2912 1461 2950 tamen
1491 2902 1719 2964 majoreS,
1766 2903 2027 2965 capitulum

212 2984 497 3025 coronatum
548 2976 820 3022 formantes.
914 2976 1164 3023 Involucrz'
1213 2973 1419 3037 (calycis
1471 2973 1755 3038 communis)
1809 2988 2027 3036 squamae

215 3049 399 3112 plures,
438 3046 913 3109 uni-pluriseriatae‚
957 3043 1207 3091 distinctae
1238 3058 1284 3091 v.
1319 3041 1552 3090 interdum
1584 3043 1812 3102 malitae,
1851 3045 2025 3098 siccae,

215 3119 456 3166 scariosae
485 3133 530 3165 v.
564 3117 717 3164 rarius
748 3116 1006 3172 foliaceae‚
1048 3112 1280 3171 interdum
1311 3115 1552 3177 spinosae,
1591 3129 1733 3178 saepe
1765 3113 2026 3179 appendice

214 3197 410 3246 auctae,
458 3186 672 3237 seriebus
708 3185 981 3250 aequalibus
1019 3201 1064 3232 v.
1103 3199 1246 3248 saepe
1285 3185 1626 3248 inaequalibus,
1702 3185 1970 3233 Glomerulz'
2001 3199 2027 3230 e

216 3259 434 3323 capitulis
479 3257 711 3323 pluribus,
757 3256 1169 3320 uni-paucissoris‚
1225 3256 1479 3303 involucris
1522 3256 1725 3320 propriis
1769 3256 2026 3311 instructis,

217 3328 362 3377 dense
394 3328 671 3393 aggregatis
702 3336 752 3376 et
780 3327 1024 3376 involucro
1058 3326 1270 3390 generali
1304 3327 1470 3373 cinctis
1503 3327 1773 3390 compositi,
1814 3324 2028 3388 capitulis

218 3399 505 3447 centralihus
535 3415 678 3464 saepe
709 3397 1122 3464 praecocioribus,
1156 3397 1471 3444 exterioribus
1503 3398 1653 3444 scrius
1686 3405 1735 3444 et
1763 3394 2027 3442 inordinate

218 3470 511 3519 florentibus.
584 3471 953 3536 Receptaculum
984 3469 1030 3517 in
1062 3468 1166 3517 aliis
1195 3469 1331 3531 spica
1364 3476 1631 3526 contracta,
1677 3466 1884 3515 bracteis
1918 3469 2030 3528 (pa-
