2147 3756
1124 114 1198 163 92

256 284 659 341 membranaceUS,
701 283 981 346 capsularis,
1020 293 1159 330 acute
1193 281 1645 344 trigono-trilobus,
1685 282 1806 330 iobis
1839 299 2078 346 compres-

256 356 342 412 sis,
382 355 693 411 trilocularis,
743 353 997 400 loculicide
1037 352 1095 398 ad
1133 354 1329 414 angulos
1369 353 1598 407 salientes¹
1633 352 1908 410 dehiscens,
1956 370 2076 400 nune

259 425 426 471 loculis
460 424 638 471 duobus
670 424 895 470 abortivis
928 423 1308 483 11e1wisormilms,
1355 423 1497 469 tertio
1539 423 1683 469 fertili
1722 425 1768 469 in
1808 423 1925 470 alam
1966 421 2076 469 (lor-

256 495 399 541 salem
440 495 673 558 producto
714 494 1040 549 uniiocularis,
1096 492 1420 549 indchiscens,
1467 509 1589 539 nunc
1629 495 1934 556 sal-cocarpio
1975 509 2079 539 car-

256 581 397 623 noso,
450 567 574 611 inter
617 565 852 628 perigenii
898 563 1053 609 tubum
1094 571 1292 609 teretem
1332 572 1380 609 et
1419 578 1612 625 germen
1660 573 1796 610 acute
1842 564 2077 624 trigonum

257 636 446 681 evoluto
497 636 745 691 baccatus,
801 632 1124 691 indehiscens,
1177 633 1463 680 trilocularis
1502 650 1545 679 v.
1588 635 1734 695 septis
1774 633 1955 679 demum
1996 632 2078 678 ob-

256 707 457 752 literatis
512 704 922 751 subuniloculariS.
1009 705 1205 751 Semina
1257 705 1303 750 in
1358 703 1525 750 loculis
1572 704 1758 765 gemina
1801 719 1845 750 v.
1892 703 2078 765 saep-ius

254 775 422 822 abortu
469 776 703 831 solitaria,
759 776 804 820 in
853 774 1173 837 capsularibus
1218 775 1774 836 soliaceo-compressa,
1823 782 1986 836 aptera
2028 790 2073 819 v.

257 846 580 907 integumento
622 844 981 891 membranaceo
1021 843 1253 907 producto
1288 845 1612 901 circumalata,
1654 845 1698 890 in
1729 843 1941 890 baccatis
1972 842 2079 889 sub-

255 916 473 978 globosa,
514 915 609 961 hilo
651 913 794 961 nudo.
872 914 1081 975 Embryo
1121 915 1165 960 in
1189 915 1450 961 -aibumiuis
1490 914 1634 960 dense
1676 915 1861 961 carnosi
1900 930 1942 960 v.
1976 928 2084 959 cara

257 986 467 1048 tilaginei
515 986 717 1031 cavitate
764 1001 913 1048 prope
960 985 1098 1030 hilum
1144 986 1370 1043 minutus,
1430 985 1651 1032 lectulum
1698 984 1817 1031 haud
1864 984 2076 1048 explens,

255 1057 555 1104 extremitate
588 1054 842 1103 radicuiari
874 1071 1053 1102 sursum
1088 1057 1366 1119 centripeta.

959 1198 974 1218 4
1024 1172 1307 1208 GENERA.

340 1257 460 1293 1200.
489 1251 670 1299 naja'nia
691 1252 812 1290 Lv'tm.
1286 1256 1409 1291 1‘20‘2.
1441 1256 1592 1291 Tamus
1609 1252 1659 1291 L.

574 1304 733 1346 ⁸ianr-aja
748 1304 875 1338 Plum.

340 1357 462 1391 1201.
493 1355 715 1390 Dioscorea
733 1353 867 1389 Pium..
1283 1341 1404 1376 1203.
1437 1341 1572 1376 Oncus
1589 1336 1785 1374 Loureir.

577 1403 852 1437 Testudinaria
871 1400 1012 1437 salisb.

389 1475 716 1520 Affinitas.
774 1481 1022 1516 Dioscoreae
1045 1479 1262 1515 Smilaceis
1287 1478 1536 1523 propinquae
1564 1482 1613 1515 ab
1640 1479 1784 1515 iisdem
1812 1479 1992 1523 germine
2017 1480 2081 1515 in-

254 1539 337 1575 fero
361 1543 398 1575 et
423 1539 629 1575 albumine
654 1537 832 1588 cavitate
855 1537 1050 1579 ampliore
1075 1546 1144 1578 pro
1165 1536 1398 1578 recipiendo
1416 1540 1631 1578 embryone
1648 1540 1862 1580 exsculpto
1880 1537 2080 1581 differunt,

254 1596 365 1631 foliis
391 1594 808 1631 reticulato-venosis
832 1593 1159 1636 palmatinerviis
1177 1593 1376 1627 interdum
1393 1593 1666 1634 palmatilotlis
1683 1593 2080 1636 interAmphibryas
2139 1615 2143 1620 -

254 1654 480 1688 anomalae.
541 1650 695 1687 Tamus
728 1651 860 1686 fructu
889 1653 1079 1696 baccato,
1112 1659 1202 1684 cum
1233 1649 1276 1684 in
1306 1648 1476 1690 reliquis
1507 1649 1562 1685 sit
1587 1644 1840 1696 capsularis,
1871 1649 2082 1685 arctiorem

255 1718 346 1744 cum
365 1708 581 1744 Smilaceis
599 1708 834 1743 affinitatem
850 1707 1052 1741 mentitur.
1099 1706 1140 1741 A
1157 1705 1379 1741 Taccaceis
1397 1705 1574 1748 germine
1592 1705 1837 1751 triloculari,
1869 1700 2083 1749 gemmulis

254 1765 453 1811 definitis,
487 1764 655 1800 seminis
672 1763 862 1798 interiore
879 1762 1037 1798 fabrica
1053 1765 1091 1797 ct
1107 1762 1216 1798 facie
1232 1761 1428 1797 facillime
1445 1762 1764 1807 distinguuntur.
1802 1764 1890 1798 Non
1908 1765 2083 1798 obscura

256 1824 320 1858 est
337 1831 427 1857 cum
444 1820 756 1856 Aristolochieis
774 1819 1012 1855 similitudo.

398 1883 822 1941 Geographia.
883 1887 1050 1932 Species
1081 1899 1163 1924 non
1194 1888 1316 1924 nimis
1347 1897 1590 1924 numerosae
1620 1892 1657 1923 et
1688 1887 1834 1931 paucis
1865 1887 2083 1932 generibus

256 1951 592 1993 comprehensae,
625 1948 667 1982 in
692 1945 923 1990 regionibus
949 1946 1116 1988 tropicis
1142 1949 1176 1981 et
1195 1946 1237 1981 in
1259 1945 1542 1987 extratropicis
1559 1944 1868 1987 hemisphaerae
1885 1944 2083 1980 australis

255 2005 584 2049 frequentissime
599 2004 803 2049 habitant,
835 2003 876 2037 in
895 2002 1128 2045 temperatis
1146 2002 1206 2037 cis
1223 2006 1480 2044 aequatorem
1497 2003 1621 2036 multo
1639 2001 1826 2036 rariores.
1880 2001 2083 2042 Rajaniae

254 2063 300 2098 in
321 2062 516 2097 America
550 2061 704 2103 tropica
728 2063 984 2102 generantur.
1043 2060 1212 2094 Tamum
1235 2054 1400 2101 Europa
1424 2058 1647 2093 australior
1670 2061 1708 2093 et
1731 2057 1838 2093 Asia
1861 2061 2084 2100 temperata

255 2119 351 2163 alit,
383 2119 629 2153 Dioscoreae
658 2117 762 2151 inter
786 2116 960 2158 tropicos
985 2116 1107 2150 totius
1133 2115 1241 2150 orbis
1266 2115 1543 2159 reperiuntur,
1577 2114 1698 2149 etiam
1721 2114 1764 2149 in
1788 2113 1929 2156 Capite
1953 2116 2082 2149 bonae

256 2175 364 2221 spei,
381 2177 496 2209 Nova
512 2173 732 2208 Hollandia
748 2171 1023 2219 meridionali,
1048 2171 1377 2214 frequentissime
1392 2171 1435 2206 in
1451 2170 1644 2208 America
1660 2174 1772 2205 trans
1790 2164 2082 2213 Capricornum

260 2231 427 2279 obviae,
459 2230 519 2266 cis
538 2231 735 2265 Cancrum
753 2237 884 2264 rarae.
1976 2240 1980 2243 -

396 2294 757 2346 &ualitates
781 2302 819 2335 et
841 2303 1009 2337 usus.
1040 2298 1350 2334 Dioscorearum
1375 2299 1516 2333 tubera
1538 2296 1738 2332 radicalia
1762 2299 1896 2339 amylo
1919 2296 2081 2339 copioso

255 2357 422 2404 referta,
448 2358 705 2393 substantiae
730 2356 838 2391 acris
857 2359 890 2391 et
910 2364 1073 2390 amarae
1091 2355 1310 2397 portionem
1328 2354 1549 2388 admixtam
1567 2356 1735 2399 habent,
1757 2355 1928 2388 nondum
1947 2362 1971 2388 a
1988 2356 2082 2388 che-

258 2415 377 2451 micis
396 2416 660 2456 exploratam.
721 2414 968 2447 Dioscoreae
985 2412 1144 2453 species
1163 2413 1300 2453 plures
1320 2409 1565 2453 [Dioscorea
1583 2409 1719 2444 satIva
1735 2411 1780 2444 L.
1798 2412 1921 2454 vulgo
1938 2410 2079 2455 Yams,

255 2473 304 2508 D.
322 2473 436 2506 alata
458 2472 519 2516 L.‚
544 2472 592 2505 D.
618 2469 819 2505 bulbiferst
841 2470 886 2503 L.
912 2468 1011 2512 etc.)
1037 2469 1140 2503 inter
1164 2467 1338 2509 tropicos
1363 2466 1486 2501 totius
1510 2465 1619 2501 orbis
1644 2468 1848 2510 coluntur,
1876 2465 2082 2501 Oceaniae

254 2530 520 2564 autochtones
544 2527 762 2562 earundem
787 2525 1015 2570 tuberibus,
1048 2524 1228 2558 coctione
1252 2523 1451 2566 mitigatis
1468 2523 1677 2567 victitant,
1711 2532 1784 2557 nec
1801 2522 2079 2565 infrequentes

255 2585 298 2619 in
315 2583 480 2630 Africa,
513 2584 686 2618 rariores
703 2592 771 2624 per
786 2582 1016 2617 Americam
1034 2583 1175 2615 haruin
1194 2579 1294 2622 agri.
1345 2579 1464 2614 Folia
1480 2580 1731 2621 quarundam
1747 2578 1789 2614 in
1805 2578 1910 2614 Asia
1928 2578 2083 2620 tropica

257 2641 456 2676 adversus
482 2644 713 2682 serpentum
737 2647 912 2672 morsum
929 2639 1168 2684 laudantur,
1201 2637 1375 2672 aliarum
1393 2645 1482 2671 cum
1500 2636 1724 2671 seminibus
1742 2635 1950 2671 coriandri
1967 2637 2083 2670 cocta

258 2696 302 2732 in
333 2695 515 2732 febribus
547 2695 902 2730 intermittentibus
935 2695 1024 2730 adn
1030 2693 1284 2728 inislrantur.
1365 2689 1487 2726 Tanti
1523 2690 1749 2725 communis
1779 2693 1826 2727 L.
1867 2685 2080 2733 (ἄμπελος

256 2746 392 2802 ἄγοια
421 2753 556 2788 Diosc.
560 2751 582 2795 J
613 2753 654 2787 in
686 2751 848 2795 regione
872 2750 1169 2786 meditetranea
1191 2753 1229 2784 et
1251 2749 1294 2784 in
1317 2749 1469 2791 Anglia
1501 2749 1609 2784 obvii
1637 2749 1755 2783 radix
1786 2745 1946 2790 (Radix
1967 2747 2082 2801 Tarni

256 2819 295 2845 v.
320 2809 402 2852 Bry
405 2809 522 2844 oniae
546 2809 687 2851 niwrae
712 2807 823 2843 Offic.
826 2806 848 2851 J
880 2807 989 2842 acris
1013 2810 1048 2841 et
1074 2814 1235 2853 amara,
1267 2805 1362 2840 olim
1386 2806 1491 2840 inter
1512 2804 1689 2840 remedia
1710 2804 1953 2848 aperientia,
1984 2813 2082 2846 pur-

256 2867 422 2911 ganda,
455 2869 493 2901 et.
523 2865 722 2900 diuretica
745 2864 980 2910 ptopinata,
1011 2863 1154 2905 majori
1179 2862 1267 2897 dosi
1291 2861 1476 2897 emetica.
1536 2860 1650 2895 Ttita
1672 2870 1732 2895 me
1737 2860 1860 2894 rubris
1885 2859 2080 2904 contusis,

258 2921 482 2958 artllriticis
513 2921 734 2956 tumoribus
767 2924 804 2955 et
828 2920 992 2955 strumis
1017 2919 1168 2960 imponi
1191 2920 1361 2953 solebat.
1421 2917 1617 2952 'rm-iones
1641 2914 1945 2959 Asparagorum
1975 2925 2082 2951 more

257 2981 419 3023 edules,
450 2977 532 3014 nisi
563 2976 799 3021 diligentius
832 2978 1057 3018 coquantur
1079 2977 1217 3010 alvum
1239 2973 1519 3009 vehementius
1542 2982 1701 3008 movere
1725 2977 1763 3008 et
1786 2972 1952 3008 emesim
1976 2972 2082 3008 ciere

259 3039 441 3079 possunt.

722 3138 889 3184 ordo
917 3136 1151 3182 LVIII.
1225 3137 1617 3180 Taeeaceae.

402 3241 599 3291 Herhae
632 3240 936 3304 scapigerae,
970 3238 1136 3285 tubere
1158 3235 1363 3299 ,radicaii
1395 3232 1904 3300 perennantes,s0le'z's
1935 3236 2082 3281 omni-

261 3314 344 3358 bus
398 3311 706 3369 radicalibus,
764 3310 950 3374 petiolis
1001 3307 1624 3370 basi.semivagiuantibus,
1691 3323 1812 3353 nunc
1860 3306 2078 3369 integt·iS‚

262 3399 382 3429 nunc
416 3382 748 3446 palmatisectis
779 3398 823 3428 v.
855 3378 1214 3444 bipinnatifidis,
1248 3378 1459 3424 nervosis
1490 3378 1700 3424 vcnosis.
1773 3378 1943 3424 Flores
1971 3391 2081 3439 per-

263 3453 404 3511 fecti,
446 3452 714 3516 regulareS,
753 3452 798 3499 in
839 3451 970 3517 scapi
1008 3449 1364 3515 simplicissimi,
1407 3448 1573 3497 teretis
1614 3465 1657 3496 v.
1697 3447 1906 3512 angulati
1943 3447 2080 3510 apice
