2147 3756
285 365 408 400 2110.
443 365 650 409 Gyrinops
669 363 823 402 Giirtn.
1232 367 1354 401 2111.
1387 365 1606 446 Adnitar-ia
1625 361 1742 400 Lam.
1770 413 1801 449 L

1443 441 1450 448 .
1498 425 1754 458 pnspermum
1805 425 1885 449 our.

313 483 637 532 Affinitas·
713 493 875 529 Ordinis
909 494 1042 540 parvi,
1090 496 1246 530 duobus
1277 489 1496 539 generibus
1525 493 1750 535 paucisque
1778 495 1996 536 speciebus

177 550 482 598 comprehensi,
514 550 693 586 affinitas
716 560 794 585 non
821 551 982 593 penitus
1005 551 1047 586 in
1072 551 1211 594 aprico
1229 555 1303 586 est.
1361 553 1460 586 Nam
1480 558 1504 585 a
1519 549 1819 595 Daphnoideis,
1852 550 2000 593 quibus

175 605 391 641 manifeste
422 607 594 653 similis,
626 607 806 649 germine
832 608 1035 653 diphyllo,
1068 608 1202 643 fructu
1226 607 1459 643 dehiscente
1483 610 1521 642 et
1545 608 1744 642 chalazae
1769 610 1999 649 portentoso

176 662 421 698 incremento
450 666 571 707 longe
602 669 663 699 est
691 664 874 706 alienus,
907 665 1132 706 iisdemque
1161 664 1422 707 gravissimis
1453 663 1757 699 characteribus
1781 671 1806 698 a
1829 663 2000 705 reliquis

172 721 508 761 Tbyinelaearum
538 721 748 755 ordinibus
781 720 975 761 discedit,
1014 730 1107 755 nain
1138 730 1228 754 cum
1260 720 1510 765 Proteaceis,
1550 720 1790 763 quibuscum
1820 720 2001 762 germine

174 776 353 818 diphyllo
384 781 420 812 et
454 777 586 812 fructu
617 777 851 811 dehiscente
875 776 1084 820 convenit,
1115 775 1189 812 vix
1216 780 1343 818 potest
1369 776 1616 824 comparari,
1648 776 1849 820 pei-igonii
1872 776 2001 811 aesti-

174 833 356 878 x'atione,
388 833 793 876 trophospermiorum
818 832 897 867 situ
918 838 952 868 et
974 833 1161 867 radicula
1176 841 1326 875 supera
1341 835 1391 867 ab
1409 832 1554 869 iisdem
1570 842 1650 869 non
1667 836 1820 868 tantum
1837 833 2002 868 alienus

171 890 242 924 sed
260 893 294 923 et
314 888 511 923 facillime
529 888 854 931 distinguendus.
888 890 1070 924 Obscura
1084 892 1141 924 est
1160 889 1203 923 in
1213 889 1499 931 Aquilai-ineis
1516 891 1822 932 squammarum
1839 888 2001 924 faucem

171 945 468 990 coronantium,
499 945 857 987 Daphnoidearum
876 945 1133 981 staminodiIs
1151 948 1236 981 utut
1256 945 1474 991 similium,
1507 945 1706 992 dignitas,
1739 949 1776 981 et
1800 945 2001 988 ejusmodi

171 1004 413 1044 apparatum
439 1002 491 1036 ad
514 1009 637 1036 verae
662 1004 837 1037 corollae
862 1001 1037 1037 indolem
1061 1003 1277 1047 accedere,
1310 1005 1347 1037 et
1365 1011 1468 1046 pone
1485 1002 1803 1038 Chailletiaceas
1821 1002 2002 1038 referen-

169 1058 262 1099 dum
279 1067 372 1093 esse
389 1058 589 1104 ordinem,
622 1068 703 1094 non
726 1058 887 1101 penitus
910 1059 1176 1101 improbabile
1197 1058 1370 1094 videtur.
1427 1058 1710 1094 Peritissimus
1735 1062 1842 1094 certe
1864 1058 2001 1095 affini-

171 1117 298 1149 tatum
342 1114 594 1150 naturalium
631 1115 783 1151 arbiter
818 1116 1020 1150 Robertus
1056 1117 1208 1151 Brown
1240 1115 1604 1157 Aquilarinearum
1639 1117 1840 1150 vocabulo
1876 1116 2001 1152 etiam

170 1170 487 1206 Chailletiaceas
506 1172 804 1217 complectitur,
823 1172 1070 1207 Candolleus
1090 1168 1474 1208 Chailletiacearum
1493 1175 1641 1218 stator,
1660 1173 1845 1219 easdem,
1863 1171 2002 1207 fructu

171 1228 371 1270 drupaceo
396 1227 588 1269 foliisque
612 1229 824 1272 stipulatis
849 1231 899 1264 ab
926 1229 1212 1271 Aquilarineis
1229 1230 1343 1264 nullo
1365 1228 1527 1272 negotio
1559 1227 1890 1276 distinguendas,
1922 1231 2000 1266 has

169 1283 274 1319 inter
290 1287 326 1320 et
344 1285 690 1321 Terebinthaceas
706 1285 886 1321 militare
898 1285 1040 1328 jussit.

310 1348 738 1405 Geoglwphia.
799 1357 947 1392 Omnes
963 1356 1110 1393 Asiam
1127 1355 1324 1400 tropicam
1339 1355 1545 1403 incolunt,
1575 1364 1648 1398 per
1663 1354 1932 1391 continentem
1947 1356 2000 1392 ad

169 1410 316 1448 Silheti
331 1422 517 1460 nemora,
550 1414 592 1449 in
610 1413 762 1449 insulis
779 1422 964 1456 sparsae.

308 1477 671 1528 unalitates
696 1486 736 1520 et
758 1489 929 1523 usus.
964 1483 1207 1527 Aquilariae
1224 1482 1454 1527 specierum
1469 1481 1626 1527 lignum
1643 1482 1832 1518 ductibus
1849 1483 2000 1520 resini-

168 1538 266 1575 feris
296 1544 482 1587 scatens,
514 1542 652 1577 resina
680 1544 943 1586 rubescente,
978 1541 1228 1577 amaricante
1258 1543 1296 1576 et
1326 1535 1473 1573 Am’me
1500 1540 1708 1574 redolente
1735 1549 1881 1587 grave,
1912 1539 2001 1585 igni

168 1595 400 1639 impositum
423 1601 582 1641 gratam
605 1601 771 1633 exhalat
794 1598 1077 1641 fragrantiam.
1136 1594 1265 1643 Le‘gm’
1285 1593 1431 1641 Alob's,
1464 1595 1561 1631 olim
1582 1595 1688 1630 inter
1710 1595 1890 1632 remedia
1905 1606 2000 1633 ner-

166 1652 435 1689 vino-tonica
457 1654 628 1690 medicis
653 1655 938 1699 commendati,
969 1655 1156 1690 viliorem
1181 1663 1355 1689 mercem
1381 1650 1494 1696 (Pao
1512 1648 1679 1698 d’Agila
1695 1652 1848 1698 Lusit.,
1877 1649 1998 1688 Gara

167 1706 216 1742 de
239 1706 461 1753 Malacae)
476 1737 486 1757 ,
519 1721 540 1746 e
564 1711 744 1747 diversis
766 1711 1010 1753 Aquilariae
1037 1711 1254 1754 speciebus
1278 1709 1476 1754 derivari,
1509 1708 1700 1751 optimam
1720 1707 1995 1753 (Calambac)

167 1775 219 1800 ex
236 1761 462 1812 Aloizzylo,
485 1767 745 1811 leguminosa
761 1770 918 1813 arbore,
944 1768 1125 1813 petitam,
1155 1767 1334 1802 nondum
1351 1767 1402 1801 ad
1419 1774 1493 1801 nos
1512 1764 1736 1811 transvehi,
1766 1765 1885 1801 hodie
1902 1775 2000 1802 con-

166 1826 260 1857 stat.
318 1818 574 1869 Aquam-iae
598 1822 921 1867 (Eagle-Wood
936 1851 945 1869 ,
975 1822 1226 1866 Adlerholz]
1251 1831 1396 1858 nomen
1422 1832 1443 1858 e
1459 1829 1671 1865 perperam
1686 1822 1893 1858 intellecto
1908 1831 1998 1859 ma-

168 1878 276 1915 laico
291 1879 464 1917 istarum
479 1883 667 1919 arborum
682 1882 882 1916 vocabulo
900 1877 1025 1927 Agila
1043 1877 1216 1926 (Agara
1233 1879 1424 1925 Sanscr.)
1441 1883 1572 1915 ortum
1587 1881 1663 1916 est.

645 2016 817 2061 ordo
849 2016 1006 2063 cxl.
1077 2016 1515 2073 Elaeagneae.

304 2118 551 2177 Arbores,
588 2119 877 2166 arbusculae
900 2136 942 2166 v.
954 2117 1203 2181 frutices,
1234 2117 1468 2165 interdum
1499 2116 1689 2164 ramulis
1721 2117 1996 2180 spinescen-

167 2187 287 2237 tibus
311 2190 490 2236 armati.
545 2191 688 2237 Folia
712 2190 892 2237 alterna
926 2191 1025 2237 sive
1058 2191 1298 2253 opposita,
1333 2189 1477 2236 breve
1507 2189 1757 2252 petio'lata,
1791 2189 1993 2252 integra,

167 2260 471 2321 integerrima
501 2277 545 2307 v.
579 2260 795 2318 dentata,
839 2262 1083 2326 utrinque,
1122 2261 1349 2323 imprimis
1381 2260 1566 2318 subtus,
1608 2260 1858 2323 squamulis
1889 2277 1993 2307 sca-

164 2331 326 2388 riosis,
375 2330 652 2389 discoideis,
700 2333 908 2395 peltatim
941 2333 1118 2390 affixis,
1158 2331 1362 2379 dentatis
1393 2349 1438 2378 v.
1471 2331 1658 2388 incisiS,
1701 2329 1907 2377 bruneo-
1943 2349 1989 2378 v.

164 2402 660 2466 argenteo-lepidota.
735 2405 960 2466 Ste‘pzclae
998 2403 1171 2450 nullae.
1247 2404 1418 2450 Flores
1454 2396 1722 2464 regulares,
1771 2403 1991 2465 perfecti,

164 2488 206 2518 ν.
248 2473 406 2536 typice
452 2483 530 2520 aut:
575 2473 744 2520 abortu
784 2473 1006 2533 diclines,
1054 2475 1100 2520 in
1140 2471 1551 2520 axillis'foliorum
1590 2473 1817 2530 solitarii,
1863 2490 1904 2520 v.
1945 2473 1990 2518 in

165 2544 320 2605 spicas
359 2553 439 2589 aut
474 2560 691 2591 racemos
731 2545 1027 2608 paniculatos
1067 2543 1304 2608 dispositi.
1375 2546 1548 2591 Flores
1586 2545 1744 2608 typice
1774 2544 1992 2603 ¹stamini-

166 2614 267 2676 gcri
328 2614 374 2660 in
436 2617 668 2661 timentum
728 2617 1046 2678 spicaeforme
1109 2615 1349 2679 dispositi,
1425 2614 1596 2677 singuli
1656 2615 1701 2660 in
1761 2613 1989 2661 bracteae

164 2685 551 2747 squamaeformis
583 2686 726 2734 axilla
757 2687 962 2733 sessiles.
1037 2688 1352 2748 Pcrz‘gom'um
1385 2686 1674 2749 calycinum,
1717 2683 1988 2748 diphyllum,

163 2755 338 2802 foliolis
368 2755 595 2803 bracteae
629 2765 676 2803 et
707 2757 782 2803 axi
815 2757 1066 2820 oppositis,
1112 2774 1156 2803 v.
1190 2756 1546 2820 tetraphyllum,
1598 2755 1771 2802 foliolis
1801 2755 1902 2802 basi
1942 2756 1988 2800 in

167 2826 319 2872 tubum
365 2827 715 2886 brevissimum,
765 2836 870 2874 toro
917 2829 962 2873 in
1010 2826 1255 2890 glandulas
1303 2836 1412 2874 oc-to
1458 2824 1693 2889 producto
1740 2827 1988 2888 repletum,

165 2897 392 2944 coalitis.
443 2898 670 2947 Stamina
701 2900 794 2945 tori
827 2900 1026 2966 margini
1057 2900 1255 2957 inserta,
1290 2896 1462 2961 duplici
1498 2896 1716 2945 foliolum
1749 2897 1988 2959 per-igonii

124 3029 131 3031 ‚
164 2984 356 3015 numero
391 2973 443 3028 (4
473 2987 519 3017 v.
552 2975 626 3029 8),
674 2968 839 3016 iisdem
875 2971 1089 3033 opposita
1123 2977 1171 3016 et
1207 2934 1416 3028 citerna,
1450 2966 1726 3031 filomentels·
1762 2967 1988 3014 brevissi-

164 3039 272 3095 miS‚
320 3041 540 3088 anthe-ris
570 3041 814 3098 introrsis,
863 3040 1227 3097 bilocnlaiibus,
1272 3040 1374 3087 basi
1408 3057 1449 3085 v.
1483 3054 1623 3101 supin
1654 3039 1800 3085 basim
1835 3039 1987 3084 inser-

165 3110 245 3166 tis,
291 3109 701 3174 lon-gitudinaliter
739 3111 1110 3164 dehiscentibus.
1187 3111 1415 3158 Floribus
1453 3110 1746 3173 pistilligeris
1784 3117 1832 3156 et
1874 3123 1986 3171 per-

163 3180 327 3240 fectis,
387 3183 631 3229 staminum
684 3200 727 3229 v.
775 3184 1000 3245 germinis
1052 3180 1221 3230 abortu
1274 3198 1417 3246 saepe
1466 3190 1615 3226 tamen
1663 3180 1981 3243 imperfectis:

160 3252 474 3313 Perz'gom‘um
527 3252 813 3311 tribulosum,
867 3253 1089 3310 liberum,
1143 3261 1280 3299 extus
1330 3251 1472 3309 rude,
1527 3249 1805 3331 lepidotum,
1858 3249 1984 3297 intus

161 3337 304 3384 saepe
331 3322 617 3380 coloratum,
651 3324 889 3381 villosum,
921 3323 1032 3370 tubo
1063 3323 1297 3370 interdum
1329 3325 1459 3370 circa
1490 3323 1670 3385 apicem
1705 3321 1983 3378 constricto,

164 3392 392 3453 globoso-
375 3394 697 3451 -ventricoSO,
731 3393 873 3441 limbo
903 3395 1137 3457 regulari,
1172 3394 1520 3457 campanulato,
1555 3392 1633 3437 bi-
1637 3390 1841 3455 quadri-
1850 3393 1982 3455 quin-

165 3462 374 3526 quefido,
421 3465 734 3512 {nestit-atione
775 3464 1047 3524 imbricato,
1091 3482 1136 3511 v.
1172 3465 1444 3521 coniformi,
1491 3463 1626 3526 apice
1658 3463 1903 3525 perforato
1937 3470 1985 3507 ct

1530 3543 1636 3598 14*
