2147 3756
948 127 1024 177 89

815 207 1080 214 *uA—&V
1090 208 1118 212 ,-
1125 207 1163 212 -,.-

69 303 376 343 Australasiam
401 306 460 338 est
487 302 693 347 dispersa,
727 311 777 337 ex
794 302 942 337 Africa
959 304 1117 338 exules.
1165 304 1323 338 Genera
1342 302 1517 344 plurima
1535 301 1577 337 in
1593 302 1905 345 hemisphaerae

69 361 246 398 borealis
264 359 496 404 regionibus
516 358 750 402 temperatis
767 362 805 394 et
823 358 985 402 frigidis
1003 357 1242 404 amphigea,
1261 360 1459 401 quaedam
1475 359 1518 393 in
1536 359 1729 394 America
1746 360 1902 395 boreali

70 423 108 454 et
130 420 317 462 Europa,
348 418 548 450 nonnulla
566 415 607 450 in
623 416 728 451 Asia
743 415 919 459 boreali,
944 415 1115 450 summis
1133 415 1398 458 Indiaejugis
1417 419 1452 450 et
1471 414 1664 450 America
1681 419 1903 457 temperata

70 475 193 510 simul
215 473 421 519 habitant,
455 473 541 507 alia
570 474 709 507 Novae
732 472 997 517 Hollandiae,
1025 471 1116 507 'alia
1138 471 1356 507 Americae
1386 471 1638 507 antarcticae
1661 472 1901 515 peculiaria,

67 530 193 566 Rusci
224 539 353 573 genus
379 530 568 571 Europae
591 529 827 564 australiori
853 529 1069 574 proprium.
1129 531 1343 565 Medeolae
1359 532 1476 564 extra
1490 529 1708 564 Americae
1724 528 1904 564 borealis

67 586 216 622 limites
247 587 425 620 nondum
454 586 592 631 visae,
628 586 698 621 -his
731 586 918 629 proxima
948 586 1097 620 Trillia
1126 586 1247 620 etiam
1278 578 1426 621 Asiam
1457 586 1652 620 incolunt.
1712 584 1904 620 Smilacis

66 652 197 687 genus
228 642 432 677 latissime
462 646 521 677 est
554 643 764 688 diffusum,
797 642 838 677 in
863 642 1077 677 Americae
1103 646 1143 677 et
1166 642 1296 678 Asiae
1318 642 1554 687 regionibus
1580 641 1766 686 tropicis,
1799 645 1837 676 et
1861 641 1905 677 in

67 698 355 742 extratropicis
395 699 605 741 utriusque
634 699 943 740 hemisphaerae
973 698 1149 734 obvium.
1226 699 1396 742 Species
1426 698 1691 742 paucissimis
1723 697 1907 739 exceptis

68 755 315 791 endemicae.
374 757 554 791 Inter-ra
577 755 749 790 lacustri
777 755 1101 803 palaeotherica,
1133 755 1213 790 imo
1237 755 1281 791 in
1303 755 1565 799 psammitica
1588 754 1738 798 poecili
1753 754 1905 790 Smila-

67 820 231 848 cearum
249 812 426 856 vestigia
442 821 661 854 superesse
675 811 878 848 videntur.

209 874 572 928 unalitates
597 885 636 917 et
661 886 831 920 usus.
894 881 1127 917 Smilaceae
1158 882 1467 918 characteribus
1498 880 1703 922 botanicis
1734 880 1776 917 in
1801 881 1904 918 duas

67 938 196 975 tribus
221 939 546 985 distinguuntur,
575 938 698 974 etiam
727 938 998 981 qualitatibus
1015 939 1203 974 nonnihil
1221 938 1422 975 diversas.
1481 940 1750 975 Paridearum
1766 943 1905 982 partes

65 1005 204 1031 omnes
234 995 616 1042 narcotico-acres,
649 996 1028 1031 Coiivallariearum
1060 998 1187 1031 herba
1219 998 1261 1030 ut
1289 995 1506 1037 plurimum
1538 996 1736 1041 innocua,
1764 995 1906 1038 junior

68 1053 224 1099 edulis,
255 1055 407 1088 baccae
437 1052 704 1095 plurimarum
727 1061 914 1099 amarae,
948 1053 1164 1099 emeticae,
1197 1053 1359 1088 radices
1383 1055 1669 1095 plerarumque
1691 1055 1903 1097 sacellam,

66 1111 224 1154 amylo,
256 1108 408 1152 gummi
440 1111 474 1144 et
509 1109 647 1145 resina
671 1108 863 1153 refertae,
897 1112 1186 1145 nonnullarum
1210 1111 1404 1151 majorem
1427 1119 1465 1145 v.
1491 1109 1687 1145 minorem
1708 1109 1906 1145 materiae

66 1165 322 1202 extractivae
345 1164 598 1209 (Parillinae
621 1176 654 1202 s
673 1166 948 1211 Smilacinae]
975 1167 1094 1201 odore
1110 1166 1332 1213 peculiari,
1365 1175 1510 1209 sapore
1527 1176 1619 1202 cum
1634 1166 1907 1202 amaritudine

66 1223 345 1267 adstringente
369 1226 406 1258 et
432 1231 637 1258 nauseoso
663 1222 900 1266 distinctae,
935 1226 971 1258 et
996 1231 1021 1258 a
1046 1223 1290 1264 quibusdam
1307 1223 1502 1258 chemicis
1519 1223 1764 1260 substantiis
1782 1225 1905 1259 alka-

10 1286 18 1293 ‘
65 1279 210 1316 loideis
227 1280 518 1316 adnumeratae
536 1281 802 1322 quantitatem
819 1280 1047 1326 continent,
1064 1279 1251 1315 ‘medicis
1268 1281 1586 1315 commendatae.

206 1333 380 1370 Paridis
399 1333 761 1384 ῳιαᾶνξβοῐίαεῂ,
779 1336 885 1372 inter
900 1339 1065 1379 plantas
1082 1339 1310 1372 venenatas
1327 1337 1676 1372 narcotico-acres
1687 1345 1907 1372 numeran-

67 1394 164 1439 dae,
196 1393 337 1440 radix,
371 1393 472 1429 folia
496 1398 532 1429 et
550 1397 702 1429 baccae
719 1392 879 1437 (Herba
895 1393 1060 1429 Paridis
1077 1403 1114 1429 v.
1132 1393 1276 1429 Solani
1293 1393 1532 1436 quadrifolii
1549 1405 1582 1430 s.
1600 1394 1716 1429 Uvae
1734 1392 1903 1436 versae]

67 1451 163 1486 otim
181 1451 225 1485 in
241 1449 413 1486 officinis
431 1453 722 1498 servabantur,
755 1451 907 1487 exoleti
922 1450 1041 1486 hodie
1059 1461 1173 1487 usus.
1234 1451 1398 1486 Paridis
1416 1451 1581 1494 species
1599 1451 1775 1487 borealis
1793 1450 1905 1486 asia*

70 1508 175 1543 ticae
199 1506 375 1543 Sibiriae
392 1510 427 1543 et
444 1509 765 1544 Kamtschatcae
782 1507 931 1543 incolis
947 1507 1054 1543 inter
1070 1510 1237 1550 plantas
1254 1512 1481 1543 venenatas
1498 1512 1630 1544 notae.
1691 1505 1908 1542 Medeolae

68 1562 301 1609 vz‘rgv'm'cae
323 1566 370 1600 L.
396 1565 516 1600 radix
539 1565 580 1599 in
604 1565 821 1601 Americae
845 1564 1025 1601 borealis
1049 1564 1222 1601 officinis
1246 1565 1352 1601 inter
1373 1565 1553 1601 remedia
1578 1565 1748 1601 emetica
1764 1569 1801 1600 et
1818 1565 1906 1601 diu-

68 1622 195 1657 1011οῆ
212 1624 379 1663 prostat.

215 1675 581 1714 Tre'lmcernniL.
607 1681 642 1715 01
669 1676 815 1713 'I'rille'z‘
836 1677 998 1714 sessilis
1014 1680 1060 1714 L.
1084 1681 1210 1715 herba
1234 1680 1342 1722 apud
1367 1678 1819 1715 boreali-amerIcanos
1834 1688 1907 1714 ve-

66 1738 218 1770 nenata
239 1737 430 1781 habetur,
467 1735 582 1771 illius
608 1736 728 1771 radix
744 1737 1025 1772 vehementius
1044 1736 1237 1783 emetica,
1268 1737 1391 1778 hujus
1409 1739 1562 1772 baccae
1578 1736 1722 1771 acidae
1740 1745 1908 1771 succum

66 1791 273 1827 continent
296 1794 458 1826 rubrum
478 1801 568 1827 cum
587 1793 767 1828 alumine
785 1795 973 1828 caeruleo
992 1793 1228 1836 tingentem.
1257 1790 1519 1839 Polygonum?
1531 1793 1694 1837 generis
1710 1792 1908 1828 nostratis

67 1849 226 1884 radices
249 1845 472 1894 „sz'gv‘llmn
492 1845 769 1883 Salmnom·s‘⁶
795 1849 1059 1885 Officinarum
1083 1852 1264 1885 veterum
1282 1849 1455 1895 sistunt„
1487 1849 1699 1895 inodorae,
1731 1850 1908 1885 mucila-

65 1904 393 1953 ginoso-dulces,
428 1905 522 1941 olim
539 1906 644 1941 inter
659 1908 900 1942 vulneraria
914 1909 1138 1949 pharmaca
1154 1912 1363 1953 receptae,
1389 1910 1435 1942 ob
1454 1907 1651 1942 materiae
1667 1909 1908 1950 amylaceae

67 1962 360 1998 abundantiam
382 1972 672 2006 nonnunquam
695 1963 736 1999 in
761 1966 928 2007 Europa
952 1963 1108 2000 boreali
1130 1963 1228 2007 pani
1253 1964 1473 2000 admixtae.
1533 1964 1732 2000 Turiones
1754 1964 1796 1999 in
1819 1972 1907 1999 mo-

67 2019 161 2054 dum
197 2019 506 2064 Aspar-agorum
551 2021 827 2057 comeduntur.
888 2023 1047 2057 Baccae
1077 2029 1330 2070 nauseosae,
1365 2021 1559 2057 emeticae
1592 2024 1629 2057 et
1668 2024 1903 2065 purgantes.

68 2073 326 2110 suanae-inae
350 2084 598 2110 rcecemosae
622 2077 765 2124 LinK.,
792 2078 834 2113 in
857 2078 1075 2114 Americae
1100 2078 1278 2113 borealis
1304 2079 1439 2120 sylvis
1467 2078 1672 2115 montanis
1696 2078 1906 2114 nascentis

67 2136 221 2169 baccae
245 2133 605 2170 nervine-tonicae
628 2135 859 2171 creduntur.
903 2133 1209 2169 Com-cellariae
1226 2132 1381 2180 nmjali
1395 2137 1439 2170 L.
1460 2135 1636 2179 (Litium
1655 2135 1904 2171 convallium

67 2188 273 2237 officim),
302 2192 454 2226 herbae
483 2191 746 2240 amphigeae,
778 2192 945 2239 floribus
976 2193 1315 2228 suaveolentibus
1346 2193 1606 2239 notissimae,
1641 2193 1800 2228 similes
1833 2193 1906 2227 tri-

67 2250 244 2283 buuntur
259 2248 389 2295 vires,
421 2249 541 2283 radix
558 2258 761 2285 nauseoso
776 2269 792 2274 v-
803 2258 965 2293 amara,
991 2249 1202 2289 subactis,
1228 2250 1269 2284 in
1287 2252 1496 2292 pulverem
1514 2251 1680 2286 redacta
1696 2253 1905 2285 sternuta-

70 2305 193 2351 toria,
227 2294 456 2340 ex‘tractum
479 2306 658 2341 drastice
679 2316 874 2351 purgans.
950 2305 1171 2351 Str-eptam·
1194 2305 1485 2354 mugiles-isal&
1504 2307 1586 2344 DC.
1609 2307 1651 2342 in
1670 2306 1904 2350 subalpinis

67 2363 257 2404 Europae
278 2362 436 2397 mediae
460 2365 495 2397 et
520 2363 739 2411 australis,
772 2374 847 2399 nec
866 2374 945 2399 11011
964 2364 1004 2410 111
1019 2363 1214 2399 America
1231 2364 1386 2402 boreali
1404 2364 1626 2399 crescentis
1644 2367 1769 2399 herba
1786 2363 1905 2399 refri-

68 2427 236 2465 gerans,
268 2419 416 2454 leniter
438 2419 721 2465 adstringens,
755 2420 981 2464 frequentis
1000 2422 1105 2463 apud
1126 2423 1317 2464 poputum
1334 2421 1374 2456 in
1394 2421 1665 2464 gargarismis
1684 2431 1803 2466 usus,
1837 2430 1904 2455 ra-

41 2476 137 2510 'dix
161 2474 302 2518 junior
332 2476 374 2511 in
405 2476 600 2512 acetariis
632 2478 866 2513 comeditur.
931 2476 1164 2512 Rus-eorum
1193 2477 1234 2512 in
1258 2479 1423 2521 Europa
1446 2478 1692 2513 australiore
1713 2488 1906 2513 crescen-

70 2533 166 2567 tium
204 2533 363 2568 radices
401 2533 742 2577 mucilaginosae,
775 2544 867 2571 cum
898 2537 1098 2571 nonnulla
1129 2535 1320 2570 acredine
1345 2535 1639 2581 amaricantes,
1665 2535 1769 2580 011111
1799 2535 1906 2570 inter

70 2590 248 2624 remedia
278 2589 508 2632 aperientia
529 2595 564 2626 et
591 2591 802 2627 efficacius
827 2592 1025 2628 diuretica
1050 2595 1244 2628 celebres.
1309 2589 1507 2625 Ratle'cem
1531 2589 1691 2626 Brnsce’
1713 2603 1746 2629 s.
1777 2589 1908 2626 Rusci

70 2648 233 2681 Ruscus
251 2649 465 2682 aculeatus
481 2649 528 2684 L.
547 2639 830 2698 [depugnatur]
849 2649 1010 2694 Diosc.)
1036 2649 1224 2692 largitur.
1284 2649 1477 2684 Fructum
1495 2649 1719 2684 Arabis-tae
1736 2646 1904 2685 Rhaba-

68 2705 164 2738 bath
181 2706 351 2748 vocant,
376 2704 482 2739 unde
504 2702 1146 2752 1111111011111113111111,,011110110ιοιζ
1168 2709 1311 2741 ortum.
1347 2703 1838 2751 Rzesci'llyplmphyllum
1856 2708 1902 2742 L.

68 2759 221 2803 (Lauri
244 2760 540 2796 alexandrinae
563 2760 713 2804 veter.)
738 2771 840 2797 usus
858 2762 899 2797 in
916 2763 1190 2798 sollicitandis
1207 2763 1440 2809 mensibus,
1473 2764 1714 2799 maturando
1730 2767 1850 2806 partu
1866 2766 1904 2798 et
1963 2780 1965 2782 ·

69 2817 212 2852 urinae
227 2816 452 2852 secretione
469 2819 660 2861 augenda
676 2820 877 2861 quondam
897 2819 1101 2861 frequens.

210 2870 347 2908 Rusca·
369 2871 682 2920 Hypoglosszcm
711 2877 757 2911 L.
782 2872 931 2920 [vulgo
961 2876 1254 2921 Zapfelkraut,
1287 2866 1562 2921 Auffenblatt,
1595 2869 1900 2922 ἱππόγλωσσον

69 2929 206 2966 Diosc.
232 2931 367 2966 Herba
389 2932 615 2968 Uvulariae
637 2942 675 2968 v.
701 2932 947 2976 Bislinguae
969 2943 1001 2969 s.
1021 2935 1077 2968 St.
1097 2933 1328 2977 Bonifacii]
1346 2934 1465 2968 radix
1481 2933 1522 2968 in
1541 2933 1782 2975 quibusdam
1799 2933 1904 2968 uteri

69 2987 219 3023 morbis
243 2987 464 3030 salutaris,
498 2990 698 3025 adversus
719 2992 873 3025 uvulae
901 2992 1135 3033 prolapsum
1161 2990 1354 3033 specifica
1377 2992 1622 3036 habebatur,
1656 2991 1904 3033 temporibus

71 3043 202 3080 Clusii
233 3045 273 3080 111
304 3044 388 3080 foro
411 3046 708 3092 vindobonensi
731 3055 757 3083 a
779 3047 1016 3083 rhizotomis
1043 3058 1064 3083 e
1085 3047 1250 3083 vicinae
1275 3047 1516 3090 Hungariae
1540 3047 1675 3090 sylvis
1701 3049 1841 3082 adlata
1865 3050 1902 3082 et

70 3101 324 3137 mulierculis
340 3103 518 3138 vendita.
566 3100 803 3138 Recscorum
822 3104 1002 3152 semina,
1035 3104 1243 3140 albumine
1259 3113 1404 3140 corneo
1423 3104 1587 3147 copioso
1605 3105 1783 3153 munita,
1807 3104 1903 3149 igne

71 3161 173 3193 tosta
189 3163 345 3202 gratum
362 3160 540 3205 spirant,
573 3161 730 3196 Coffeae
746 3162 1018 3197 succedanea.

213 3226 438 3263 Smilacum
463 3231 645 3277 radices,
671 3231 875 3267 Parillina
890 3231 1047 3278 foetae,
1078 3232 1186 3267 inter
1209 3231 1388 3268 remedia
1411 3241 1482 3274 pro
1504 3232 1590 3267 vita
1614 3226 1805 3268 irritabiti
1827 3232 1903 3268 sti-

69 3285 272 3327 mulantia
287 3289 323 3321 et
341 3287 500 3328 quidem
516 3288 629 3323 acria
643 3288 822 3335 mitiora,
854 3290 1032 3326 maxime
1055 3291 1325 3325 celebrantur.
1384 3286 1561 3331 Radz’ce‘s
1579 3286 1902 3334 Sassaparillae

70 3352 104 3377 s.
123 3339 446 3386 Salv-soporillae
467 3344 707 3381 innumerae
726 3345 952 3381 varietates
968 3355 1107 3382 omnes
1125 3356 1176 3381 ex
1191 3346 1383 3382 America
1402 3345 1557 3388 tropica
1573 3346 1811 3381 commercio
1828 3348 1900 3382 ad-

71 3402 236 3441 vectae,
270 3407 294 3434 a
325 3399 498 3435 diversis
521 3401 761 3448 speciebus,
791 3404 968 3438 nondum
991 3402 1095 3439 satis
1117 3403 1225 3438 inter
1244 3403 1457 3439 botanicos
1473 3402 1668 3448 cognitis,
1700 3403 1900 3446 imprimis

71 3465 92 3489 e
115 3452 296 3489 Smilace
321 3453 618 3500 Sassaparilla
637 3461 683 3495 L.
697 3486 706 3503 ,
740 3455 782 3496 S.
804 3455 1024 3508 officinali
1051 3461 1099 3494 H.
1117 3460 1161 3496 Β.
1181 3460 1231 3496 Κ.
1253 3462 1291 3495 et
1315 3456 1356 3494 S.
1373 3455 1621 3505 syphr'lv‘cz‘ca
1644 3461 1788 3495 Humb.
1814 3463 1899 3496 col-

70 3514 215 3549 lectae.
273 3512 442 3557 species
466 3514 508 3550 in
532 3516 698 3561 Europa
719 3516 967 3554 australiore
990 3510 1222 3554 crescentes
1245 3513 1314 3562 (S.
1337 3524 1496 3562 aspera
1518 3515 1563 3553 11.
1599 3513 1638 3553 S.
1663 3513 1808 3563 Alpini
1830 3519 1898 3554 W.
