2147 3756
210 308 403 344 Laeta-ca
419 310 615 355 capitata
634 311 759 345 naun,
773 336 782 352 ,
805 309 1081 351 Kopf-Salat,
1113 308 1258 344 Laitue
1282 307 1477 351 pommee;
1510 305 1703 343 Lac-lucc!
1720 308 1863 354 crispa
1879 310 2021 351 Bauli.,

208 369 390 403 Krauser
410 368 545 409 Salat,
578 367 722 402 Laitue
755 365 896 410 frisi-Q
933 362 1128 398 Lac-cuca
1151 363 1361 398 laciniam
1385 367 1520 412 flotin,
1552 365 1698 401 Laitue
1721 366 1899 409 Epinard
1922 365 2022 409 etc.)

207 424 343 460 sintne
373 433 394 458 e
426 424 578 465 plantis
609 422 883 464 sylvestribus
913 423 1116 463 longaeva
1142 423 1302 456 cultura
1325 424 1456 468 ortae,
1488 430 1541 457 an
1563 423 1615 456 ad
1639 422 1824 464 proprias
1848 422 2020 468 specieS,

206 480 386 515 incertae
401 479 572 523 originis
590 479 842 521 referendae,
862 477 1039 512 botanici
1056 477 1277 520 ambigunt.
1310 474 1504 511 Laetum
1523 476 1844 525 carce.z·acif'ol·e'a
1860 480 2022 514 Selium.

207 533 355 578 (vulgo
372 536 552 579 Abloge)
576 536 616 569 in
636 535 790 569 Guinea
808 542 982 568 nascens
998 533 1168 575 Nigritis
1185 543 1352 569 succum
1370 534 1546 575 opiatum
1563 537 1597 569 et
1616 536 1781 570 herbam
1796 536 2023 570 oleraceam

206 593 393 636 largitur.
466 594 737 627 Lactucarum
767 590 925 625 semina
956 592 1094 626 oleosa
1123 590 1239 625 acido
1273 591 1453 633 peculari
1486 587 1626 632 (acido
1652 588 1881 633 lactuca-0)
1917 589 2023 626 foeta

207 650 437 685 creduntur.

346 720 392 753 In
423 718 673 760 quarundam
702 724 825 752 succo
854 717 998 752 acredo
1028 718 1250 759 praevalet.
1311 713 1564 762 Zacynmae
1598 724 1853 751 verrucosae
1883 715 2023 751 Gartn.

208 774 408 818 (Cichorii
432 772 711 819 Verrucarii],
742 772 785 808 in
814 774 978 815 Europa
1006 773 1302 808 mediterranea
1332 774 1574 819 crescentis,
1606 782 1709 808 usus
1732 772 1838 808 inter
1860 775 2026 815 plantas

207 830 536 874 phagedaenicas
558 832 676 865 notus
701 832 775 865 est.
837 826 982 873 Crepis
999 827 1148 863 lacera
1164 831 1306 864 Tener.
1332 827 1479 872 (vulgo
1495 830 1662 873 Angina
1683 838 1756 864 seu
1774 828 1962 864 Cichoria
1984 827 2025 863 di

205 885 449 930 montagna]
462 913 471 931 ‚
502 886 548 936 iti
566 885 767 920 montibus
784 885 986 921 calc-areis
1003 885 1116 930 regni
1132 885 1378 929 neapolitani
1394 890 1433 921 et
1448 886 1754 929 Apenninorum
1770 892 2025 922 romanorum

209 943 422 989 indigena,
457 941 778 978 venenatissima
794 941 981 977 ereditur.

677 1103 850 1149 ordo
881 1101 1092 1149 cxxl.
1150 1101 1556 1160 Galyeereae.

348 1219 543 1267 Herbae
573 1215 753 1266 annuae
786 1236 827 1267 v.
855 1235 1118 1283 perennes,
1159 1219 1310 1265 rarius
1342 1219 1752 1277 suffrutescentes,
1784 1218 2025 1266 rarissime

208 1291 513 1354 scapigerae3
548 1287 697 1352 soliis
726 1290 945 1347 alternis,
987 1289 1251 1347 sessilibus,
1291 1290 1489 1352 integris
1521 1307 1564 1337 v.
1595 1288 1908 1352 pinnatilidis,
1942 1306 2027 1337 ex-

208 1362 457 1425 stipulatis.
517 1362 689 1408 Flores
718 1361 924 1423 perfecti
955 1377 1002 1408 v.
1039 1361 1251 1422 germine
1284 1360 1459 1407 effoeto
1492 1361 1783 1423 imperfecti,
1817 1360 1862 1406 in
1896 1360 2027 1423 capi-

206 1433 351 1478 tulum
390 1430 685 1477 multiflorum
726 1431 940 1487 collecti,
989 1431 1034 1476 in
1073 1431 1378 1493 receptaculo
1411 1431 1700 1492 subgloboso
1729 1447 1774 1479 v.
1808 1446 2024 1478 convexo

209 1503 406 1559 coniCO,
441 1502 679 1547 rarissime
711 1502 875 1563 plano,
916 1501 1091 1547 foliolis
1121 1501 1554 1563 uni-pluriseriatis
1587 1499 1819 1548 distinctis
1852 1515 1892 1548 v.
1926 1500 2026 1548 basi

209 1573 394 1620 coalitis
420 1573 575 1618 cincto
609 1572 820 1630 sessiles;
854 1570 1065 1633 ejusdem
1098 1571 1287 1634 capituli
1319 1587 1440 1617 nunc
1473 1587 1634 1618 omnes
1664 1572 1871 1628 fertiles,
1905 1587 2025 1618 nunc

208 1660 311 1691 cum
352 1642 536 1689 effoetis
574 1642 726 1699 mixti,
773 1643 818 1688 in
852 1640 1123 1705 quibusdam
1156 1642 1463 1704 receptaculo
1497 1643 1669 1689 conico
1704 1641 1909 1700 donatis,
1957 1643 2029 1687 in·-

208 1713 412 1761 ferior'es
443 1714 791 1774 (marginales)
827 1713 1030 1776 perfecti
1061 1711 1371 1758 mediantibus
1404 1712 1646 1776 calycibus
1678 1713 1802 1760 inter
1831 1728 1883 1760 se
1917 1727 2028 1759 coa-

148 1807 153 1809 ·
209 1785 301 1841 liti,
337 1784 605 1846 superiores
634 1784 927 1840 (centrales)
956 1782 1165 1840 steriles,
1200 1782 1426 1829 distincti.
1476 1784 1847 1846 Receptaculum
1879 1782 2028 1846 paleis

208 1853 509 1911 inordinatis,
551 1852 782 1899 interdum
815 1853 1067 1910 obsoletis,
1107 1869 1432 1916 nonnunquam
1465 1853 1512 1899 in
1530 1854 1755 1900 alveolos
1790 1854 2028 1900 concretis

212 1926 469 1972 obsessum.
550 1924 740 1986 Calycz's
773 1923 906 1969 tubus
940 1940 1042 1969 cum
1075 1923 1285 1986 germine
1319 1932 1571 1981 connatus,
1612 1923 1778 1969 limbus
1811 1940 2024 1986 superus,
2045 1941 2092 1970 4

210 1994 632 2059 quinquepartitus,
681 1994 866 2040 laciniis
903 2009 1045 2058 saepe
1085 1993 1427 2056 inaequalibus,
1481 1995 1528 2040 in
1567 1994 1684 2040 flore
1733 1995 1883 2040 sterili
1927 1994 2028 2058 ple·

209 2081 402 2129 rumque
447 2065 878 2127 squamisormibus,
935 2065 981 2111 in
1028 2065 1176 2111 fertili
1221 2065 1494 2127 saepissime
1540 2064 1800 2127 elongatis,
1854 2065 2024 2120 acutis,

209 2136 478 2183 maturitate
510 2134 760 2194 induratis,
808 2135 1169 2192 eouiformibus,
1217 2134 1597 2197 persistentibus·
1679 2136 1876 2182 Corolla
1908 2133 2026 2181 disci

210 2207 435 2270 germinis
464 2206 692 2252 verticem
725 2206 996 2252 coronantis
1028 2205 1228 2267 margini
1259 2205 1460 2262 inserta,
1511 2206 1832 2268 gamopetala,
1882 2221 2026 2268 regu-

210 2279 344 2334 laris,
378 2276 489 2323 tubo
522 2276 767 2338 elongato,
802 2276 993 2338 gracili,
1027 2275 1155 2322 limbi
1182 2275 1488 2338 campanulali
1514 2292 1554 2321 v.
1582 2274 2028 2322 infundibuliformis

210 2348 396 2394 laciniis
436 2347 638 2410 quinque
680 2350 740 2406 (v.
774 2347 926 2393 rarius
965 2349 1181 2408 quatuor)
1222 2361 1368 2392 nervo
1396 2344 1562 2392 *medio
1605 2344 1879 2410 duobusque
1920 2345 2030 2392 sub-

211 2417 544 2481 marginalibus
590 2417 854 2475 instructis,
901 2417 1212 2463 aestivatione
1256 2416 1470 2463 valvatis.
1562 2417 1782 2463 Stamina
1827 2420 1881 2474 5,
1934 2417 2027 2462 imo

212 2489 421 2536 corollae
457 2487 569 2534 tubo
608 2488 808 2545 inserta,
859 2485 1069 2549 ejusdem
1114 2487 1299 2534 laciniis
1344 2487 1554 2545 alterna3
1595 2487 1871 2549 filamente‘s
1913 2486 2027 2533 tubo

212 2558 418 2619 adnatis,
452 2559 588 2621 apice
620 2558 828 2606 breviter
858 2558 1041 2614 liberis,
1063 2561 1064 2565 ’
1084 2556 1316 2604 distinctis
1348 2574 1389 2604 v.
1423 2555 1772 2621 monadelphis,
1811 2558 2030 2604 anthemis·

213 2631 450 2687 introrsis,
484 2629 842 2686 bilocularibus,
875 2627 1154 2686 linearibus,
1197 2627 1651 2690 exappendiculatis,
1691 2627 1793 2674 basi
1826 2627 2026 2684 coalitis,

212 2717 413 2763 superne
454 2698 713 2758 distinctis,
763 2697 1169 2762 longitudinaliter
1208 2697 1575 2744 dehiscentibus.
1660 2698 1861 2745 Germen
1906 2698 2028 2744 infe-

211 2788 333 2828 rum,
381 2770 697 2827 uniloeulare,
745 2769 876 2816 diseo
910 2768 1166 2827 conoideo,
1212 2769 1321 2833 styli
1354 2777 1403 2815 et
1433 2768 1642 2815 corollae
1673 2767 1819 2814 basim
1852 2783 2029 2814 conne-

213 2850 394 2898 ctente,
428 2841 550 2887 intra
579 2840 736 2887 tubum
768 2841 813 2887 in
846 2833 1076 2886 laminam‘
1093 2839 1430 2895 tenuissimam,
1463 2839 1510 2884 in
1539 2839 1677 2885 fauce
1709 2839 1754 2883 in
1785 2836 2030 2900 glandulas

213 2913 415 2976 quinque
446 2919 700 2957 tumentem
729 2908 962 2975 producto
994 2918 1287 2956 coronatum.
1336 2904 1576 2955 Gemmzcla
1608 2908 1767 2965 unica,
1801 2922 1861 2954 ex
1890 2907 2027 2970 apice

214 2982 430 3030 cavitatis
463 2980 685 3044 pendula,
718 2989 963 3042 anatropa.
1029 2980 1195 3042 Stylzcs
1224 2978 1508 3035 terminalis,
1543 2978 1762 3041 simplex,
1796 2986 2026 3034 exsertus,

212 3053 348 3117 apice
389 3051 919 3107 clavato-incrassatus,
961 3049 1295 3111 glaberrimus3
1343 3050 1570 3111 stig-mate
1601 3049 1857 3107 terminali,
1900 3048 2028 3112 capi-

215 3132 340 3184 tato,
372 3119 672 3186 glanduloso,
704 3121 1029 3183 integerrimo,
1089 3120 1314 3166 Achenz‘a
1348 3119 1525 3183 calycis
1558 3118 1723 3177 limbo,
1755 3119 2027 3182 saepissime

215 3188 587 3255 aucto,'rigido
625 3208 667 3240 v.
707 3192 1005 3255 spinescente
1046 3198 1094 3236 et
1141 3189 1321 3236 corolla
1367 3188 1605 3236 emarcida
1651 3198 1902 3246 coronata,
1958 3187 2027 3234 di-

215 3265 384 3311 stincta
409 3280 452 3310 v.
477 3265 522 3308 in
550 3262 737 3326 globum
769 3259 1350 3317 echinatum·coadunata,
1384 3260 1626 3323 epicarpio
1661 3260 1858 3323 <calycis
1891 3258 2021 3316 tubo)

216 3350 401 3393 crasso,
436 3334 659 3397 fungoso,
692 3332 749 3380 ab
781 3330 1067 3394 endocarpio
1102 3330 1388 3393 (pericarpio
1412 3332 1626 3393 proprio)
1655 3330 1795 3376 facile
1820 3328 2024 3375 solubili.

214 3406 385 3452 Semen
417 3405 673 3461 inversum,
713 3404 1034 3466 integumento
1068 3401 1450 3461 membranaceo,
1493 3400 1670 3464 rhaphe
1701 3397 2025 3463 longitudinali

218 3483 266 3522 et
296 3474 488 3523 chalaza
527 3473 696 3539 apicali
736 3482 914 3522 notato.
989 3471 1198 3534 Embryo
1237 3471 1284 3519 in
1308 3472 1400 3520 ,axi
1439 3470 1683 3520 albuminis
1724 3469 1911 3518 carnosi
1949 3483 2028 3515 or-
