<?xml version="1.0" encoding="UTF-8"?>
<!DOCTYPE html PUBLIC "-//W3C//DTD XHTML 1.0 Transitional//EN"
    "http://www.w3.org/TR/xhtml1/DTD/xhtml1-transitional.dtd">
<html xmlns="http://www.w3.org/1999/xhtml" xml:lang="en" lang="en">
 <head>
  <title>
</title>
<meta http-equiv="Content-Type" content="text/html;charset=utf-8" />
  <meta name='ocr-system' content='tesseract 3.04.00' />
  <meta name='ocr-capabilities' content='ocr_page ocr_carea ocr_par ocr_line ocrx_word'/>
</head>
<body>
  <div class='ocr_page' id='page_1' title='image "./enchiridionbotan00endl/enchiridionbotan00endl_0318.png"; bbox 0 0 2147 3756; ppageno 0'>
   <div class='ocr_carea' id='block_1_1' title="bbox 1053 113 1169 164">
    <p class='ocr_par' dir='ltr' id='par_1_1' title="bbox 1053 113 1169 164">
     <span class='ocr_line' id='line_1_1' title="bbox 1053 113 1169 164; baseline 0.017 -2"><span class='ocrx_word' id='word_1_1' title='bbox 1053 113 1169 164; x_wconf 77' lang='lat'><strong>500</strong></span> 
     </span>
    </p>
   </div>
   <div class='ocr_carea' id='block_1_2' title="bbox 318 277 1821 659">
    <p class='ocr_par' dir='ltr' id='par_1_2' title="bbox 318 277 1626 329">
     <span class='ocr_line' id='line_1_2' title="bbox 318 277 1626 329; baseline -0.005 -9"><span class='ocrx_word' id='word_1_2' title='bbox 318 286 441 321; x_wconf 81' lang='lat'><strong>3524.</strong></span> <span class='ocrx_word' id='word_1_3' title='bbox 472 285 657 329; x_wconf 82' lang='lat' dir='ltr'><strong>Stapelia</strong></span> <span class='ocrx_word' id='word_1_4' title='bbox 672 282 794 321; x_wconf 66' lang='lat' dir='ltr'><strong>Lina.</strong></span> <span class='ocrx_word' id='word_1_5' title='bbox 1314 285 1354 318; x_wconf 75' lang='lat' dir='ltr'><strong>g·</strong></span> <span class='ocrx_word' id='word_1_6' title='bbox 1380 277 1500 328; x_wconf 63' lang='lat' dir='ltr'><strong>Orbea</strong></span> <span class='ocrx_word' id='word_1_7' title='bbox 1517 280 1626 313; x_wconf 72' lang='lat' dir='ltr'><strong>Hmw.</strong></span> 
     </span>
    </p>

    <p class='ocr_par' dir='ltr' id='par_1_3' title="bbox 375 320 1656 423">
     <span class='ocr_line' id='line_1_3' title="bbox 375 320 1642 378; baseline -0.007 -10"><span class='ocrx_word' id='word_1_8' title='bbox 375 346 413 368; x_wconf 85' lang='lat' dir='ltr'><strong>a.</strong></span> <span class='ocrx_word' id='word_1_9' title='bbox 439 333 680 378; x_wconf 79' lang='lat' dir='ltr'><strong>Stapeltonin</strong></span> <span class='ocrx_word' id='word_1_10' title='bbox 695 335 808 368; x_wconf 69' lang='lat' dir='ltr'><strong>Endl.</strong></span> <span class='ocrx_word' id='word_1_11' title='bbox 1315 320 1353 369; x_wconf 56' lang='grc' dir='ltr'><strong>ᾖ·</strong></span> <span class='ocrx_word' id='word_1_12' title='bbox 1380 320 1514 378; x_wconf 50' lang='grc' dir='ltr'><strong>0ἷῲΜέ</strong></span> <span class='ocrx_word' id='word_1_13' title='bbox 1531 321 1642 356; x_wconf 70' lang='grc' dir='ltr'><strong>Ηαίϋ·</strong></span> 
     </span>
     <span class='ocr_line' id='line_1_4' title="bbox 532 362 1656 423; baseline -0.008 -13"><span class='ocrx_word' id='word_1_14' title='bbox 532 376 707 420; x_wconf 78' lang='lat' dir='ltr'><strong>Stapelia</strong></span> <span class='ocrx_word' id='word_1_15' title='bbox 727 378 834 410; x_wconf 80' lang='lat' dir='ltr'><strong>llaw.</strong></span> <span class='ocrx_word' id='word_1_16' title='bbox 1109 415 1111 417; x_wconf 17' lang='grc' dir='ltr'><strong><em>ι</em></strong></span> <span class='ocrx_word' id='word_1_17' title='bbox 1315 374 1341 396; x_wconf 79' lang='lat'><strong>¹·</strong></span> <span class='ocrx_word' id='word_1_18' title='bbox 1367 362 1443 423; x_wconf 48' lang='grc' dir='ltr'><strong>[ΓΠ</strong></span> <span class='ocrx_word' id='word_1_19' title='bbox 1454 362 1529 412; x_wconf 63' lang='grc' dir='ltr'><strong>ἔξῙῙῆ</strong></span> <span class='ocrx_word' id='word_1_20' title='bbox 1546 363 1656 413; x_wconf 52' lang='lat' dir='ltr'><em>‚Huw-</em></span> 
     </span>
    </p>

    <p class='ocr_par' dir='ltr' id='par_1_4' title="bbox 377 405 1708 463">
     <span class='ocr_line' id='line_1_5' title="bbox 377 405 1708 463; baseline -0.006 -12"><span class='ocrx_word' id='word_1_21' title='bbox 377 418 410 452; x_wconf 82' lang='lat' dir='ltr'><strong>b.</strong></span> <span class='ocrx_word' id='word_1_22' title='bbox 437 418 693 452; x_wconf 78' lang='lat' dir='ltr'><strong>Gonostemon</strong></span> <span class='ocrx_word' id='word_1_23' title='bbox 711 418 821 452; x_wconf 77' lang='lat' dir='ltr'><strong>Ham.</strong></span> <span class='ocrx_word' id='word_1_24' title='bbox 1322 423 1338 431; x_wconf 84' lang='lat'><strong>·</strong></span> <span class='ocrx_word' id='word_1_25' title='bbox 1362 405 1375 437; x_wconf 76' lang='grc' dir='ltr'>Ῑ</span> <span class='ocrx_word' id='word_1_26' title='bbox 1398 410 1583 463; x_wconf 59' lang='grc' dir='ltr'><strong>θθῒῐξξᾶἳξῆ</strong></span> <span class='ocrx_word' id='word_1_27' title='bbox 1598 405 1708 438; x_wconf 76' lang='lat' dir='ltr'><strong>Ham.</strong></span> 
     </span>
    </p>

    <p class='ocr_par' dir='ltr' id='par_1_5' title="bbox 378 446 1766 505">
     <span class='ocr_line' id='line_1_6' title="bbox 378 446 1766 505; baseline -0.007 -5"><span class='ocrx_word' id='word_1_28' title='bbox 378 478 410 500; x_wconf 84' lang='lat' dir='ltr'><strong>c.</strong></span> <span class='ocrx_word' id='word_1_29' title='bbox 435 467 652 501; x_wconf 82' lang='lat' dir='ltr'><strong>Podanthes</strong></span> <span class='ocrx_word' id='word_1_30' title='bbox 669 467 780 500; x_wconf 75' lang='lat' dir='ltr'><strong>Ham.</strong></span> <span class='ocrx_word' id='word_1_31' title='bbox 1322 465 1341 474; x_wconf 90' lang='grc'><strong>“</strong></span> <span class='ocrx_word' id='word_1_32' title='bbox 1364 447 1510 480; x_wconf 63' lang='lat' dir='ltr'><strong>H⁰⁰¹¹¹2²</strong></span> <span class='ocrx_word' id='word_1_33' title='bbox 1528 446 1662 481; x_wconf 60' lang='lat' dir='ltr'><strong>&#39;S&#39;weet-</strong></span> <span class='ocrx_word' id='word_1_34' title='bbox 1758 497 1766 505; x_wconf 91' lang='lat'><strong>.</strong></span> 
     </span>
    </p>

    <p class='ocr_par' dir='ltr' id='par_1_6' title="bbox 378 494 1803 550">
     <span class='ocr_line' id='line_1_7' title="bbox 378 494 1803 550; baseline -0.009 -6"><span class='ocrx_word' id='word_1_35' title='bbox 378 518 415 550; x_wconf 77' lang='lat' dir='ltr'><strong>d,</strong></span> <span class='ocrx_word' id='word_1_36' title='bbox 442 517 656 550; x_wconf 78' lang='lat' dir='ltr'><strong>Tridentea</strong></span> <span class='ocrx_word' id='word_1_37' title='bbox 673 517 783 549; x_wconf 60' lang='lat' dir='ltr'><strong>Ham,</strong></span> <span class='ocrx_word' id='word_1_38' title='bbox 1258 496 1381 532; x_wconf 84' lang='grc'><strong>3525.</strong></span> <span class='ocrx_word' id='word_1_39' title='bbox 1413 498 1685 538; x_wconf 88' lang='lat' dir='ltr'><strong>Apteranthes</strong></span> <span class='ocrx_word' id='word_1_40' title='bbox 1704 494 1803 531; x_wconf 57' lang='lat' dir='ltr'><strong>ka.</strong></span> 
     </span>
    </p>

    <p class='ocr_par' dir='ltr' id='par_1_7' title="bbox 379 551 1821 599">
     <span class='ocr_line' id='line_1_8' title="bbox 379 551 1821 599; baseline -0.006 -1"><span class='ocrx_word' id='word_1_41' title='bbox 379 575 409 598; x_wconf 87' lang='lat' dir='ltr'><strong>e.</strong></span> <span class='ocrx_word' id='word_1_42' title='bbox 437 564 704 598; x_wconf 79' lang='lat' dir='ltr'><strong>Tromotriche</strong></span> <span class='ocrx_word' id='word_1_43' title='bbox 722 565 832 599; x_wconf 68' lang='lat' dir='ltr'><strong>Hmw.</strong></span> <span class='ocrx_word' id='word_1_44' title='bbox 1257 554 1382 588; x_wconf 79' lang='lat'><strong>3526.</strong></span> <span class='ocrx_word' id='word_1_45' title='bbox 1413 553 1660 588; x_wconf 84' lang='lat' dir='ltr'><strong>Piaranthus</strong></span> <span class='ocrx_word' id='word_1_46' title='bbox 1681 551 1729 586; x_wconf 81' lang='lat' dir='ltr'><strong>R.</strong></span> <span class='ocrx_word' id='word_1_47' title='bbox 1747 551 1821 589; x_wconf 70' lang='grc' dir='ltr'><strong>ΒΥ.</strong></span> 
     </span>
    </p>

    <p class='ocr_par' dir='ltr' id='par_1_8' title="bbox 366 606 1759 659">
     <span class='ocr_line' id='line_1_9' title="bbox 366 606 1759 659; baseline -0.004 -10"><span class='ocrx_word' id='word_1_48' title='bbox 366 614 411 659; x_wconf 81' lang='lat' dir='ltr'><strong>f.</strong></span> <span class='ocrx_word' id='word_1_49' title='bbox 437 613 711 648; x_wconf 77' lang='lat' dir='ltr'><strong>Caruncularia</strong></span> <span class='ocrx_word' id='word_1_50' title='bbox 725 613 836 648; x_wconf 80' lang='lat' dir='ltr'><strong>Haw.</strong></span> <span class='ocrx_word' id='word_1_51' title='bbox 1258 609 1381 644; x_wconf 81' lang='lat'><strong>3527.</strong></span> <span class='ocrx_word' id='word_1_52' title='bbox 1412 609 1596 644; x_wconf 82' lang='lat' dir='ltr'><strong>Heurnia</strong></span> <span class='ocrx_word' id='word_1_53' title='bbox 1613 606 1663 644; x_wconf 77' lang='lat' dir='ltr'><strong>R.</strong></span> <span class='ocrx_word' id='word_1_54' title='bbox 1681 607 1759 644; x_wconf 78' lang='lat' dir='ltr'><strong>Br-</strong></span> 
     </span>
    </p>
   </div>
   <div class='ocr_carea' id='block_1_3' title="bbox 210 699 2030 867">
    <p class='ocr_par' dir='ltr' id='par_1_9' title="bbox 210 699 2030 867">
     <span class='ocr_line' id='line_1_10' title="bbox 349 699 2027 755; baseline -0.001 -11"><span class='ocrx_word' id='word_1_55' title='bbox 349 699 670 744; x_wconf 72' lang='lat' dir='ltr'><strong>AffinitaS·</strong></span> <span class='ocrx_word' id='word_1_56' title='bbox 727 705 1047 755; x_wconf 81' lang='lat' dir='ltr'><strong>Asclepiadeae,</strong></span> <span class='ocrx_word' id='word_1_57' title='bbox 1078 705 1278 750; x_wconf 77' lang='lat' dir='ltr'><strong>Imprimis</strong></span> <span class='ocrx_word' id='word_1_58' title='bbox 1307 706 1581 743; x_wconf 79' lang='lat' dir='ltr'><strong>mediantibus</strong></span> <span class='ocrx_word' id='word_1_59' title='bbox 1611 706 1882 755; x_wconf 89' lang='lat' dir='ltr'><strong>Periploceis,</strong></span> <span class='ocrx_word' id='word_1_60' title='bbox 1915 707 2027 751; x_wconf 85' lang='lat' dir='ltr'><strong>Apo-</strong></span> 
     </span>
     <span class='ocr_line' id='line_1_11' title="bbox 210 762 2030 809; baseline -0.001 -10"><span class='ocrx_word' id='word_1_61' title='bbox 210 762 354 805; x_wconf 77' lang='lat' dir='ltr'><strong>cyneis</strong></span> <span class='ocrx_word' id='word_1_62' title='bbox 385 767 494 798; x_wconf 86' lang='lat' dir='ltr'><strong>arcte</strong></span> <span class='ocrx_word' id='word_1_63' title='bbox 524 763 689 809; x_wconf 86' lang='lat' dir='ltr'><strong>affines,</strong></span> <span class='ocrx_word' id='word_1_64' title='bbox 723 766 772 799; x_wconf 86' lang='lat' dir='ltr'><strong>ab</strong></span> <span class='ocrx_word' id='word_1_65' title='bbox 804 763 948 799; x_wconf 86' lang='lat' dir='ltr'><strong>iisdem</strong></span> <span class='ocrx_word' id='word_1_66' title='bbox 978 767 1017 799; x_wconf 88' lang='lat' dir='ltr'><strong>et</strong></span> <span class='ocrx_word' id='word_1_67' title='bbox 1046 764 1231 799; x_wconf 89' lang='lat' dir='ltr'><strong>omnibus</strong></span> <span class='ocrx_word' id='word_1_68' title='bbox 1261 763 1430 805; x_wconf 85' lang='lat' dir='ltr'><strong>reliquis</strong></span> <span class='ocrx_word' id='word_1_69' title='bbox 1454 766 1683 806; x_wconf 85' lang='lat' dir='ltr'><strong>plantarum</strong></span> <span class='ocrx_word' id='word_1_70' title='bbox 1709 764 1917 799; x_wconf 79' lang='lat' dir='ltr'><strong>ordinibus</strong></span> <span class='ocrx_word' id='word_1_71' title='bbox 1941 764 2030 799; x_wconf 91' lang='lat' dir='ltr'><strong>sin-</strong></span> 
     </span>
     <span class='ocr_line' id='line_1_12' title="bbox 211 819 2030 867; baseline 0.001 -12"><span class='ocrx_word' id='word_1_72' title='bbox 211 820 344 864; x_wconf 85' lang='lat' dir='ltr'><strong>gulari</strong></span> <span class='ocrx_word' id='word_1_73' title='bbox 362 822 482 862; x_wconf 88' lang='lat' dir='ltr'><strong>plane</strong></span> <span class='ocrx_word' id='word_1_74' title='bbox 497 819 738 862; x_wconf 77' lang='lat' dir='ltr'><strong>genitalium</strong></span> <span class='ocrx_word' id='word_1_75' title='bbox 754 819 931 867; x_wconf 83' lang='lat' dir='ltr'><strong>fabrica,</strong></span> <span class='ocrx_word' id='word_1_76' title='bbox 965 823 1003 856; x_wconf 84' lang='lat' dir='ltr'><strong>et</strong></span> <span class='ocrx_word' id='word_1_77' title='bbox 1023 820 1139 856; x_wconf 89' lang='lat' dir='ltr'><strong>miris</strong></span> <span class='ocrx_word' id='word_1_78' title='bbox 1156 820 1478 856; x_wconf 86' lang='lat' dir='ltr'><strong>fructificationis</strong></span> <span class='ocrx_word' id='word_1_79' title='bbox 1494 819 1784 862; x_wconf 85' lang='lat' dir='ltr'><strong>phaenomenis</strong></span> <span class='ocrx_word' id='word_1_80' title='bbox 1801 820 2030 857; x_wconf 76' lang='lat' dir='ltr'><strong>distinctae.</strong></span> 
     </span>
    </p>
   </div>
   <div class='ocr_carea' id='block_1_4' title="bbox 211 882 2031 1106">
    <p class='ocr_par' dir='ltr' id='par_1_10' title="bbox 211 882 2031 1106">
     <span class='ocr_line' id='line_1_13' title="bbox 352 882 2031 939; baseline -0.001 -12"><span class='ocrx_word' id='word_1_81' title='bbox 352 882 778 939; x_wconf 68' lang='lat' dir='ltr'><strong>Geographia.</strong></span> <span class='ocrx_word' id='word_1_82' title='bbox 863 890 1165 933; x_wconf 87' lang='lat' dir='ltr'><strong>Asclepiadeae</strong></span> <span class='ocrx_word' id='word_1_83' title='bbox 1201 891 1366 926; x_wconf 87' lang='lat' dir='ltr'><strong>easdem</strong></span> <span class='ocrx_word' id='word_1_84' title='bbox 1405 889 1488 925; x_wconf 88' lang='lat' dir='ltr'><strong>sere</strong></span> <span class='ocrx_word' id='word_1_85' title='bbox 1525 899 1616 925; x_wconf 89' lang='lat' dir='ltr'><strong>cum</strong></span> <span class='ocrx_word' id='word_1_86' title='bbox 1645 890 1881 932; x_wconf 80' lang='lat' dir='ltr'><strong>Apocyneis</strong></span> <span class='ocrx_word' id='word_1_87' title='bbox 1911 891 2031 927; x_wconf 87' lang='lat' dir='ltr'><strong>sedes</strong></span> 
     </span>
     <span class='ocr_line' id='line_1_14' title="bbox 211 944 2028 992; baseline 0.001 -11"><span class='ocrx_word' id='word_1_88' title='bbox 211 948 365 992; x_wconf 85' lang='lat' dir='ltr'><strong>tenent,</strong></span> <span class='ocrx_word' id='word_1_89' title='bbox 397 946 440 981; x_wconf 91' lang='lat' dir='ltr'><strong>in</strong></span> <span class='ocrx_word' id='word_1_90' title='bbox 464 945 697 990; x_wconf 78' lang='lat' dir='ltr'><strong>regionibus</strong></span> <span class='ocrx_word' id='word_1_91' title='bbox 722 944 887 989; x_wconf 87' lang='lat' dir='ltr'><strong>tropicis</strong></span> <span class='ocrx_word' id='word_1_92' title='bbox 911 950 949 982; x_wconf 86' lang='lat' dir='ltr'><strong>et</strong></span> <span class='ocrx_word' id='word_1_93' title='bbox 971 947 1216 990; x_wconf 87' lang='lat' dir='ltr'><strong>subtropicis</strong></span> <span class='ocrx_word' id='word_1_94' title='bbox 1235 946 1561 988; x_wconf 73' lang='lat' dir='ltr'><strong>frequentissime</strong></span> <span class='ocrx_word' id='word_1_95' title='bbox 1578 949 1826 992; x_wconf 81' lang='lat' dir='ltr'><strong>crescentes,</strong></span> <span class='ocrx_word' id='word_1_96' title='bbox 1858 947 1900 981; x_wconf 92' lang='lat' dir='ltr'><strong>in</strong></span> <span class='ocrx_word' id='word_1_97' title='bbox 1917 947 2028 982; x_wconf 87' lang='lat' dir='ltr'><strong>Novo</strong></span> 
     </span>
     <span class='ocr_line' id='line_1_15' title="bbox 211 998 2029 1049; baseline 0.001 -10"><span class='ocrx_word' id='word_1_98' title='bbox 211 1002 453 1039; x_wconf 83' lang='lat' dir='ltr'><strong>Continente</strong></span> <span class='ocrx_word' id='word_1_99' title='bbox 467 1001 528 1037; x_wconf 82' lang='lat' dir='ltr'><strong>cis</strong></span> <span class='ocrx_word' id='word_1_100' title='bbox 546 1005 801 1044; x_wconf 79' lang='lat' dir='ltr'><strong>aequatorem</strong></span> <span class='ocrx_word' id='word_1_101' title='bbox 814 1030 823 1048; x_wconf 89' lang='lat'><strong>,</strong></span> <span class='ocrx_word' id='word_1_102' title='bbox 840 1003 882 1037; x_wconf 90' lang='lat' dir='ltr'><strong>in</strong></span> <span class='ocrx_word' id='word_1_103' title='bbox 898 1003 1027 1039; x_wconf 85' lang='lat' dir='ltr'><strong>veteri</strong></span> <span class='ocrx_word' id='word_1_104' title='bbox 1043 1007 1155 1039; x_wconf 88' lang='lat' dir='ltr'><strong>trans</strong></span> <span class='ocrx_word' id='word_1_105' title='bbox 1171 1003 1321 1038; x_wconf 88' lang='lat' dir='ltr'><strong>lineam</strong></span> <span class='ocrx_word' id='word_1_106' title='bbox 1337 1003 1540 1045; x_wconf 79' lang='lat' dir='ltr'><strong>copiosius</strong></span> <span class='ocrx_word' id='word_1_107' title='bbox 1556 1003 1761 1049; x_wconf 87' lang='lat' dir='ltr'><strong>habitant,</strong></span> <span class='ocrx_word' id='word_1_108' title='bbox 1778 1002 1819 1037; x_wconf 92' lang='lat' dir='ltr'><strong>in</strong></span> <span class='ocrx_word' id='word_1_109' title='bbox 1837 998 1911 1037; x_wconf 83' lang='lat'><strong>59⁰</strong></span> <span class='ocrx_word' id='word_1_110' title='bbox 1926 1003 2029 1040; x_wconf 87' lang='lat' dir='ltr'><strong>L.B.</strong></span> 
     </span>
     <span class='ocr_line' id='line_1_16' title="bbox 211 1055 1930 1106; baseline 0 -11"><span class='ocrx_word' id='word_1_111' title='bbox 211 1062 251 1096; x_wconf 89' lang='lat' dir='ltr'><strong>et</strong></span> <span class='ocrx_word' id='word_1_112' title='bbox 266 1055 339 1094; x_wconf 82' lang='lat'><strong>58⁰</strong></span> <span class='ocrx_word' id='word_1_113' title='bbox 354 1060 400 1094; x_wconf 88' lang='lat' dir='ltr'><strong>L.</strong></span> <span class='ocrx_word' id='word_1_114' title='bbox 417 1059 468 1094; x_wconf 85' lang='lat' dir='ltr'><strong>A.</strong></span> <span class='ocrx_word' id='word_1_115' title='bbox 484 1058 685 1095; x_wconf 85' lang='lat' dir='ltr'><strong>inclusae.</strong></span> <span class='ocrx_word' id='word_1_116' title='bbox 742 1060 1014 1095; x_wconf 80' lang='lat' dir='ltr'><strong>succulentae</strong></span> <span class='ocrx_word' id='word_1_117' title='bbox 1031 1069 1169 1096; x_wconf 89' lang='lat' dir='ltr'><strong>omnes</strong></span> <span class='ocrx_word' id='word_1_118' title='bbox 1185 1063 1470 1106; x_wconf 79' lang='lat' dir='ltr'><strong>gerontogeae,</strong></span> <span class='ocrx_word' id='word_1_119' title='bbox 1502 1059 1701 1102; x_wconf 85' lang='lat' dir='ltr'><strong>plurimae</strong></span> <span class='ocrx_word' id='word_1_120' title='bbox 1718 1067 1930 1101; x_wconf 77' lang='lat' dir='ltr'><strong>capenses.</strong></span> 
     </span>
    </p>
   </div>
   <div class='ocr_carea' id='block_1_5' title="bbox 210 1121 2032 1348">
    <p class='ocr_par' dir='ltr' id='par_1_11' title="bbox 210 1121 2032 1348">
     <span class='ocr_line' id='line_1_17' title="bbox 351 1121 2032 1174; baseline -0.001 -9"><span class='ocrx_word' id='word_1_121' title='bbox 351 1121 710 1174; x_wconf 61' lang='lat' dir='ltr'><strong>Qualitates</strong></span> <span class='ocrx_word' id='word_1_122' title='bbox 728 1131 766 1164; x_wconf 87' lang='lat' dir='ltr'><strong>et</strong></span> <span class='ocrx_word' id='word_1_123' title='bbox 779 1135 949 1169; x_wconf 78' lang='lat' dir='ltr'><strong>usus.</strong></span> <span class='ocrx_word' id='word_1_124' title='bbox 985 1129 1128 1167; x_wconf 86' lang='lat' dir='ltr'><strong>Virtus</strong></span> <span class='ocrx_word' id='word_1_125' title='bbox 1145 1129 1510 1172; x_wconf 87' lang='lat' dir='ltr'><strong>Asclepiadearum</strong></span> <span class='ocrx_word' id='word_1_126' title='bbox 1526 1128 1569 1163; x_wconf 94' lang='lat' dir='ltr'><strong>in</strong></span> <span class='ocrx_word' id='word_1_127' title='bbox 1585 1138 1707 1165; x_wconf 89' lang='lat' dir='ltr'><strong>succo</strong></span> <span class='ocrx_word' id='word_1_128' title='bbox 1724 1131 1855 1164; x_wconf 84' lang='lat' dir='ltr'><strong>lacteo</strong></span> <span class='ocrx_word' id='word_1_129' title='bbox 1872 1136 2032 1168; x_wconf 87' lang='lat' dir='ltr'><strong>amaro-</strong></span> 
     </span>
     <span class='ocr_line' id='line_1_18' title="bbox 211 1185 2030 1233; baseline 0 -11"><span class='ocrx_word' id='word_1_130' title='bbox 211 1185 300 1222; x_wconf 83' lang='lat' dir='ltr'><strong>acri</strong></span> <span class='ocrx_word' id='word_1_131' title='bbox 321 1186 492 1231; x_wconf 83' lang='lat' dir='ltr'><strong>residet,</strong></span> <span class='ocrx_word' id='word_1_132' title='bbox 525 1195 547 1220; x_wconf 91' lang='lat' dir='ltr'><strong>e</strong></span> <span class='ocrx_word' id='word_1_133' title='bbox 568 1185 813 1222; x_wconf 82' lang='lat' dir='ltr'><strong>substantiis</strong></span> <span class='ocrx_word' id='word_1_134' title='bbox 837 1186 1098 1233; x_wconf 84' lang='lat' dir='ltr'><strong>extractivis,</strong></span> <span class='ocrx_word' id='word_1_135' title='bbox 1131 1186 1296 1221; x_wconf 89' lang='lat' dir='ltr'><strong>emesim</strong></span> <span class='ocrx_word' id='word_1_136' title='bbox 1311 1189 1569 1221; x_wconf 84' lang='lat' dir='ltr'><strong>vehementer</strong></span> <span class='ocrx_word' id='word_1_137' title='bbox 1583 1185 1804 1230; x_wconf 81' lang='lat' dir='ltr'><strong>cientibus,</strong></span> <span class='ocrx_word' id='word_1_138' title='bbox 1835 1186 2030 1228; x_wconf 88' lang='lat' dir='ltr'><strong>pendens.</strong></span> 
     </span>
     <span class='ocr_line' id='line_1_19' title="bbox 210 1241 2030 1287; baseline -0.001 -8"><span class='ocrx_word' id='word_1_139' title='bbox 210 1242 482 1279; x_wconf 88' lang='lat' dir='ltr'><strong>Plurimarum</strong></span> <span class='ocrx_word' id='word_1_140' title='bbox 504 1242 593 1276; x_wconf 88' lang='lat' dir='ltr'><strong>ideo</strong></span> <span class='ocrx_word' id='word_1_141' title='bbox 609 1242 714 1277; x_wconf 89' lang='lat' dir='ltr'><strong>inter</strong></span> <span class='ocrx_word' id='word_1_142' title='bbox 727 1243 1036 1285; x_wconf 82' lang='lat' dir='ltr'><strong>Ipecacuanhae</strong></span> <span class='ocrx_word' id='word_1_143' title='bbox 1053 1244 1311 1279; x_wconf 81' lang='lat' dir='ltr'><strong>succedanea</strong></span> <span class='ocrx_word' id='word_1_144' title='bbox 1325 1245 1419 1278; x_wconf 90' lang='lat' dir='ltr'><strong>laus</strong></span> <span class='ocrx_word' id='word_1_145' title='bbox 1437 1246 1516 1287; x_wconf 84' lang='lat' dir='ltr'><strong>est,</strong></span> <span class='ocrx_word' id='word_1_146' title='bbox 1548 1241 1762 1285; x_wconf 79' lang='lat' dir='ltr'><strong>pauciores</strong></span> <span class='ocrx_word' id='word_1_147' title='bbox 1779 1241 1885 1277; x_wconf 88' lang='lat' dir='ltr'><strong>inter</strong></span> <span class='ocrx_word' id='word_1_148' title='bbox 1900 1251 2030 1278; x_wconf 88' lang='lat' dir='ltr'><strong>reme-</strong></span> 
     </span>
     <span class='ocr_line' id='line_1_20' title="bbox 212 1298 1938 1348; baseline -0.002 -13"><span class='ocrx_word' id='word_1_149' title='bbox 212 1299 282 1335; x_wconf 86' lang='lat' dir='ltr'><strong>dia</strong></span> <span class='ocrx_word' id='word_1_150' title='bbox 296 1298 516 1343; x_wconf 86' lang='lat' dir='ltr'><strong>purgantia</strong></span> <span class='ocrx_word' id='word_1_151' title='bbox 533 1300 571 1334; x_wconf 88' lang='lat' dir='ltr'><strong>et</strong></span> <span class='ocrx_word' id='word_1_152' title='bbox 587 1299 944 1348; x_wconf 87' lang='lat' dir='ltr'><strong>anthelminthica,</strong></span> <span class='ocrx_word' id='word_1_153' title='bbox 976 1302 1174 1343; x_wconf 82' lang='lat' dir='ltr'><strong>quaedam</strong></span> <span class='ocrx_word' id='word_1_154' title='bbox 1191 1299 1314 1335; x_wconf 82' lang='lat' dir='ltr'><strong>etiam</strong></span> <span class='ocrx_word' id='word_1_155' title='bbox 1329 1299 1437 1334; x_wconf 88' lang='lat' dir='ltr'><strong>inter</strong></span> <span class='ocrx_word' id='word_1_156' title='bbox 1453 1299 1708 1345; x_wconf 79' lang='lat' dir='ltr'><strong>stimulantia</strong></span> <span class='ocrx_word' id='word_1_157' title='bbox 1725 1301 1938 1334; x_wconf 87' lang='lat' dir='ltr'><strong>habentur.</strong></span> 
     </span>
    </p>
   </div>
   <div class='ocr_carea' id='block_1_6' title="bbox 210 1367 2034 1807">
    <p class='ocr_par' dir='ltr' id='par_1_12' title="bbox 210 1367 2034 1807">
     <span class='ocr_line' id='line_1_21' title="bbox 353 1367 2032 1416; baseline 0.001 -14"><span class='ocrx_word' id='word_1_158' title='bbox 353 1367 596 1414; x_wconf 73' lang='grc' dir='ltr'><em>Οαῐοτνορὶε</em></span> <span class='ocrx_word' id='word_1_159' title='bbox 609 1368 812 1415; x_wconf 70' lang='lat' dir='ltr'><strong>gigantea</strong></span> <span class='ocrx_word' id='word_1_160' title='bbox 827 1371 875 1405; x_wconf 87' lang='lat' dir='ltr'><strong>R.</strong></span> <span class='ocrx_word' id='word_1_161' title='bbox 892 1371 973 1415; x_wconf 90' lang='lat' dir='ltr'><strong>Br.,</strong></span> <span class='ocrx_word' id='word_1_162' title='bbox 992 1369 1127 1404; x_wconf 85' lang='lat' dir='ltr'><strong>frutex</strong></span> <span class='ocrx_word' id='word_1_163' title='bbox 1143 1369 1318 1416; x_wconf 85' lang='lat' dir='ltr'><strong>indicus,</strong></span> <span class='ocrx_word' id='word_1_164' title='bbox 1337 1378 1459 1405; x_wconf 77' lang='lat' dir='ltr'><strong>succo</strong></span> <span class='ocrx_word' id='word_1_165' title='bbox 1477 1368 1563 1405; x_wconf 90' lang='lat' dir='ltr'><strong>acri</strong></span> <span class='ocrx_word' id='word_1_166' title='bbox 1579 1371 1616 1403; x_wconf 85' lang='lat' dir='ltr'><strong>et</strong></span> <span class='ocrx_word' id='word_1_167' title='bbox 1633 1377 1784 1414; x_wconf 89' lang='lat' dir='ltr'><strong>amaro,</strong></span> <span class='ocrx_word' id='word_1_168' title='bbox 1802 1368 1884 1411; x_wconf 85' lang='lat' dir='ltr'><strong>opii</strong></span> <span class='ocrx_word' id='word_1_169' title='bbox 1902 1377 2032 1411; x_wconf 88' lang='lat' dir='ltr'><strong>papa·-</strong></span> 
     </span>
     <span class='ocr_line' id='line_1_22' title="bbox 211 1421 2029 1471; baseline -0.003 -9"><span class='ocrx_word' id='word_1_170' title='bbox 211 1425 345 1462; x_wconf 74' lang='lat' dir='ltr'><strong>verini</strong></span> <span class='ocrx_word' id='word_1_171' title='bbox 375 1427 493 1460; x_wconf 89' lang='lat' dir='ltr'><strong>odore</strong></span> <span class='ocrx_word' id='word_1_172' title='bbox 525 1425 666 1471; x_wconf 79' lang='lat' dir='ltr'><strong>gravi,</strong></span> <span class='ocrx_word' id='word_1_173' title='bbox 698 1429 840 1461; x_wconf 86' lang='lat' dir='ltr'><strong>scatet.</strong></span> <span class='ocrx_word' id='word_1_174' title='bbox 901 1426 1048 1460; x_wconf 84' lang='lat' dir='ltr'><strong>Cortex</strong></span> <span class='ocrx_word' id='word_1_175' title='bbox 1077 1426 1230 1461; x_wconf 85' lang='lat' dir='ltr'><strong>radicis</strong></span> <span class='ocrx_word' id='word_1_176' title='bbox 1265 1423 1416 1468; x_wconf 68' lang='lat' dir='ltr'><strong>(radix</strong></span> <span class='ocrx_word' id='word_1_177' title='bbox 1440 1422 1651 1470; x_wconf 74' lang='lat' dir='ltr'><strong>Mudarii,</strong></span> <span class='ocrx_word' id='word_1_178' title='bbox 1683 1422 1849 1470; x_wconf 81' lang='lat' dir='ltr'><strong>Mador,</strong></span> <span class='ocrx_word' id='word_1_179' title='bbox 1881 1421 2029 1470; x_wconf 75' lang='lat' dir='ltr'><strong>Akum,</strong></span> 
     </span>
     <span class='ocr_line' id='line_1_23' title="bbox 223 1478 2029 1529; baseline -0.001 -14"><span class='ocrx_word' id='word_1_180' title='bbox 223 1479 432 1525; x_wconf 61' lang='lat' dir='ltr'><strong>rere-und)</strong></span> <span class='ocrx_word' id='word_1_181' title='bbox 467 1481 792 1527; x_wconf 86' lang='lat' dir='ltr'><strong>rubro-fuscus,</strong></span> <span class='ocrx_word' id='word_1_182' title='bbox 824 1481 935 1516; x_wconf 90' lang='lat' dir='ltr'><strong>intus</strong></span> <span class='ocrx_word' id='word_1_183' title='bbox 961 1484 1096 1529; x_wconf 87' lang='lat' dir='ltr'><strong>albus,</strong></span> <span class='ocrx_word' id='word_1_184' title='bbox 1128 1481 1399 1518; x_wconf 84' lang='lat' dir='ltr'><strong>substantiam</strong></span> <span class='ocrx_word' id='word_1_185' title='bbox 1423 1481 1690 1517; x_wconf 86' lang='lat' dir='ltr'><strong>extractivam</strong></span> <span class='ocrx_word' id='word_1_186' title='bbox 1717 1478 2029 1524; x_wconf 71' lang='grc' dir='ltr'><em>(Μιιτῖανιήαηι)</em></span> 
     </span>
     <span class='ocr_line' id='line_1_24' title="bbox 213 1537 2032 1584; baseline -0.002 -9"><span class='ocrx_word' id='word_1_187' title='bbox 213 1539 387 1575; x_wconf 90' lang='lat' dir='ltr'><strong>continet</strong></span> <span class='ocrx_word' id='word_1_188' title='bbox 411 1537 766 1574; x_wconf 82' lang='lat' dir='ltr'><strong>vehementissime</strong></span> <span class='ocrx_word' id='word_1_189' title='bbox 783 1539 1015 1584; x_wconf 85' lang='lat' dir='ltr'><strong>emeticam,</strong></span> <span class='ocrx_word' id='word_1_190' title='bbox 1049 1542 1087 1574; x_wconf 91' lang='lat' dir='ltr'><strong>et</strong></span> <span class='ocrx_word' id='word_1_191' title='bbox 1101 1538 1143 1573; x_wconf 92' lang='lat' dir='ltr'><strong>in</strong></span> <span class='ocrx_word' id='word_1_192' title='bbox 1160 1538 1347 1581; x_wconf 81' lang='lat' dir='ltr'><strong>plurimis</strong></span> <span class='ocrx_word' id='word_1_193' title='bbox 1363 1548 1576 1574; x_wconf 89' lang='lat' dir='ltr'><strong>nervorum</strong></span> <span class='ocrx_word' id='word_1_194' title='bbox 1591 1537 1876 1583; x_wconf 75' lang='lat' dir='ltr'><strong>passionibus,</strong></span> <span class='ocrx_word' id='word_1_195' title='bbox 1909 1537 2032 1573; x_wconf 88' lang='lat' dir='ltr'><strong>etiam</strong></span> 
     </span>
     <span class='ocr_line' id='line_1_25' title="bbox 212 1593 2034 1642; baseline 0 -12"><span class='ocrx_word' id='word_1_196' title='bbox 212 1596 255 1631; x_wconf 91' lang='lat' dir='ltr'><strong>in</strong></span> <span class='ocrx_word' id='word_1_197' title='bbox 272 1594 503 1642; x_wconf 76' lang='lat' dir='ltr'><strong>arthritide,</strong></span> <span class='ocrx_word' id='word_1_198' title='bbox 529 1594 821 1642; x_wconf 85' lang='lat' dir='ltr'><strong>elephantiasi,</strong></span> <span class='ocrx_word' id='word_1_199' title='bbox 846 1597 980 1630; x_wconf 91' lang='lat' dir='ltr'><strong>morbo</strong></span> <span class='ocrx_word' id='word_1_200' title='bbox 996 1595 1252 1641; x_wconf 85' lang='lat' dir='ltr'><strong>syphiliticO,</strong></span> <span class='ocrx_word' id='word_1_201' title='bbox 1272 1596 1472 1631; x_wconf 86' lang='lat' dir='ltr'><strong>adversus</strong></span> <span class='ocrx_word' id='word_1_202' title='bbox 1488 1597 1777 1630; x_wconf 85' lang='lat' dir='ltr'><strong>venenatorum</strong></span> <span class='ocrx_word' id='word_1_203' title='bbox 1793 1593 2034 1630; x_wconf 88' lang='lat' dir='ltr'><strong>animalium</strong></span> 
     </span>
     <span class='ocr_line' id='line_1_26' title="bbox 212 1650 2033 1698; baseline -0.001 -10"><span class='ocrx_word' id='word_1_204' title='bbox 212 1661 395 1698; x_wconf 80' lang='lat' dir='ltr'><strong>morsus,</strong></span> <span class='ocrx_word' id='word_1_205' title='bbox 428 1660 503 1686; x_wconf 91' lang='lat' dir='ltr'><strong>nec</strong></span> <span class='ocrx_word' id='word_1_206' title='bbox 526 1661 605 1686; x_wconf 89' lang='lat' dir='ltr'><strong>non</strong></span> <span class='ocrx_word' id='word_1_207' title='bbox 629 1650 671 1686; x_wconf 92' lang='lat' dir='ltr'><strong>in</strong></span> <span class='ocrx_word' id='word_1_208' title='bbox 695 1651 876 1686; x_wconf 76' lang='lat' dir='ltr'><strong>febribus</strong></span> <span class='ocrx_word' id='word_1_209' title='bbox 900 1651 1257 1687; x_wconf 88' lang='lat' dir='ltr'><strong>intermittentibus</strong></span> <span class='ocrx_word' id='word_1_210' title='bbox 1283 1661 1373 1686; x_wconf 88' lang='lat' dir='ltr'><strong>cum</strong></span> <span class='ocrx_word' id='word_1_211' title='bbox 1397 1660 1546 1696; x_wconf 83' lang='lat' dir='ltr'><strong>magna</strong></span> <span class='ocrx_word' id='word_1_212' title='bbox 1563 1652 1684 1686; x_wconf 86' lang='lat' dir='ltr'><strong>laude</strong></span> <span class='ocrx_word' id='word_1_213' title='bbox 1700 1652 1807 1694; x_wconf 87' lang='lat' dir='ltr'><strong>apud</strong></span> <span class='ocrx_word' id='word_1_214' title='bbox 1822 1651 1942 1685; x_wconf 87' lang='lat' dir='ltr'><strong>Indos</strong></span> <span class='ocrx_word' id='word_1_215' title='bbox 1960 1652 2033 1686; x_wconf 85' lang='lat' dir='ltr'><strong>ad-</strong></span> 
     </span>
     <span class='ocr_line' id='line_1_27' title="bbox 210 1705 2034 1753; baseline -0.001 -9"><span class='ocrx_word' id='word_1_216' title='bbox 210 1709 384 1744; x_wconf 83' lang='lat' dir='ltr'><strong>hibetur.</strong></span> <span class='ocrx_word' id='word_1_217' title='bbox 446 1705 687 1752; x_wconf 66' lang='lat' dir='ltr'><strong>Calotropis</strong></span> <span class='ocrx_word' id='word_1_218' title='bbox 700 1706 901 1753; x_wconf 67' lang='lat' dir='ltr'><strong>gigantea</strong></span> <span class='ocrx_word' id='word_1_219' title='bbox 918 1710 964 1743; x_wconf 88' lang='lat' dir='ltr'><strong>R.</strong></span> <span class='ocrx_word' id='word_1_220' title='bbox 982 1709 1049 1742; x_wconf 91' lang='lat' dir='ltr'><strong>Br.</strong></span> <span class='ocrx_word' id='word_1_221' title='bbox 1068 1709 1172 1749; x_wconf 88' lang='lat' dir='ltr'><strong>apud</strong></span> <span class='ocrx_word' id='word_1_222' title='bbox 1190 1709 1340 1743; x_wconf 84' lang='lat' dir='ltr'><strong>Persas</strong></span> <span class='ocrx_word' id='word_1_223' title='bbox 1358 1711 1395 1743; x_wconf 89' lang='lat' dir='ltr'><strong>et</strong></span> <span class='ocrx_word' id='word_1_224' title='bbox 1410 1709 1569 1743; x_wconf 88' lang='lat' dir='ltr'><strong>Arabes</strong></span> <span class='ocrx_word' id='word_1_225' title='bbox 1586 1711 1632 1743; x_wconf 90' lang='lat' dir='ltr'><strong>ob</strong></span> <span class='ocrx_word' id='word_1_226' title='bbox 1649 1707 1787 1742; x_wconf 84' lang='lat' dir='ltr'><strong>laticis</strong></span> <span class='ocrx_word' id='word_1_227' title='bbox 1803 1706 2034 1743; x_wconf 84' lang='lat' dir='ltr'><strong>acredinem</strong></span> 
     </span>
     <span class='ocr_line' id='line_1_28' title="bbox 213 1763 1821 1807; baseline -0.001 -6"><span class='ocrx_word' id='word_1_228' title='bbox 213 1765 385 1802; x_wconf 78' lang='lat' dir='ltr'><strong>famosa.</strong></span> <span class='ocrx_word' id='word_1_229' title='bbox 442 1764 560 1799; x_wconf 82' lang='lat' dir='ltr'><strong>Folia</strong></span> <span class='ocrx_word' id='word_1_230' title='bbox 576 1767 616 1798; x_wconf 90' lang='lat' dir='ltr'><strong><em>M</em></strong></span> <span class='ocrx_word' id='word_1_231' title='bbox 622 1772 754 1799; x_wconf 87' lang='lat' dir='ltr'><strong>annae</strong></span> <span class='ocrx_word' id='word_1_232' title='bbox 770 1765 945 1807; x_wconf 82' lang='lat' dir='ltr'><strong>speciem</strong></span> <span class='ocrx_word' id='word_1_233' title='bbox 965 1764 1152 1807; x_wconf 77' lang='lat' dir='ltr'><strong>(Shukhr</strong></span> <span class='ocrx_word' id='word_1_234' title='bbox 1168 1767 1206 1799; x_wconf 93' lang='lat' dir='ltr'><strong>ol</strong></span> <span class='ocrx_word' id='word_1_235' title='bbox 1223 1763 1372 1807; x_wconf 85' lang='lat' dir='ltr'><strong>askur]</strong></span> <span class='ocrx_word' id='word_1_236' title='bbox 1392 1774 1604 1801; x_wconf 86' lang='lat' dir='ltr'><strong>secernere</strong></span> <span class='ocrx_word' id='word_1_237' title='bbox 1620 1764 1821 1800; x_wconf 87' lang='lat' dir='ltr'><strong>dicuntur.</strong></span> 
     </span>
    </p>
   </div>
   <div class='ocr_carea' id='block_1_7' title="bbox 211 1830 2037 3518">
    <p class='ocr_par' dir='ltr' id='par_1_13' title="bbox 212 1830 2033 2051">
     <span class='ocr_line' id='line_1_29' title="bbox 357 1830 2033 1882; baseline 0.001 -14"><span class='ocrx_word' id='word_1_238' title='bbox 357 1832 627 1868; x_wconf 63' lang='lat' dir='ltr'><strong>Vz’ncetom‘ci</strong></span> <span class='ocrx_word' id='word_1_239' title='bbox 641 1830 874 1882; x_wconf 61' lang='lat' dir='ltr'><strong>officinalis</strong></span> <span class='ocrx_word' id='word_1_240' title='bbox 883 1837 1044 1871; x_wconf 73' lang='lat' dir='ltr'><strong>Mtjnch.</strong></span> <span class='ocrx_word' id='word_1_241' title='bbox 1063 1837 1227 1877; x_wconf 83' lang='lat' dir='ltr'><strong>plantae</strong></span> <span class='ocrx_word' id='word_1_242' title='bbox 1243 1834 1437 1870; x_wconf 90' lang='lat' dir='ltr'><strong>nostratis</strong></span> <span class='ocrx_word' id='word_1_243' title='bbox 1454 1834 1572 1869; x_wconf 83' lang='lat' dir='ltr'><strong>radix</strong></span> <span class='ocrx_word' id='word_1_244' title='bbox 1587 1833 1861 1869; x_wconf 86' lang='lat' dir='ltr'><strong>amaro-acris</strong></span> <span class='ocrx_word' id='word_1_245' title='bbox 1872 1832 2033 1877; x_wconf 82' lang='lat' dir='ltr'><strong>(Radix</strong></span> 
     </span>
     <span class='ocr_line' id='line_1_30' title="bbox 212 1889 2032 1939; baseline -0.002 -10"><span class='ocrx_word' id='word_1_246' title='bbox 212 1891 469 1929; x_wconf 87' lang='lat' dir='ltr'><strong>Vincetoxici</strong></span> <span class='ocrx_word' id='word_1_247' title='bbox 493 1901 529 1927; x_wconf 89' lang='lat' dir='ltr'><strong>v.</strong></span> <span class='ocrx_word' id='word_1_248' title='bbox 548 1889 912 1939; x_wconf 83' lang='lat' dir='ltr'><strong>Hirundinariae),</strong></span> <span class='ocrx_word' id='word_1_249' title='bbox 944 1892 1062 1926; x_wconf 89' lang='lat' dir='ltr'><strong>odore</strong></span> <span class='ocrx_word' id='word_1_250' title='bbox 1079 1891 1277 1934; x_wconf 89' lang='lat' dir='ltr'><strong>peculiari</strong></span> <span class='ocrx_word' id='word_1_251' title='bbox 1295 1893 1652 1936; x_wconf 87' lang='lat' dir='ltr'><strong>subcamphorato,</strong></span> <span class='ocrx_word' id='word_1_252' title='bbox 1685 1890 1874 1937; x_wconf 90' lang='lat' dir='ltr'><strong>emetica,</strong></span> <span class='ocrx_word' id='word_1_253' title='bbox 1906 1893 2032 1925; x_wconf 84' lang='lat' dir='ltr'><strong>vehe-</strong></span> 
     </span>
     <span class='ocr_line' id='line_1_31' title="bbox 212 1942 2031 1994; baseline -0.001 -10"><span class='ocrx_word' id='word_1_254' title='bbox 212 1948 386 1985; x_wconf 87' lang='lat' dir='ltr'><strong>mentius</strong></span> <span class='ocrx_word' id='word_1_255' title='bbox 417 1947 651 1994; x_wconf 88' lang='lat' dir='ltr'><strong>sudorifica,</strong></span> <span class='ocrx_word' id='word_1_256' title='bbox 683 1948 801 1983; x_wconf 90' lang='lat' dir='ltr'><strong>hodie</strong></span> <span class='ocrx_word' id='word_1_257' title='bbox 831 1957 883 1982; x_wconf 88' lang='lat' dir='ltr'><strong>ex</strong></span> <span class='ocrx_word' id='word_1_258' title='bbox 914 1947 1088 1983; x_wconf 88' lang='lat' dir='ltr'><strong>officinis</strong></span> <span class='ocrx_word' id='word_1_259' title='bbox 1118 1950 1255 1990; x_wconf 86' lang='lat' dir='ltr'><strong>pulsa.</strong></span> <span class='ocrx_word' id='word_1_260' title='bbox 1313 1942 1585 1992; x_wconf 73' lang='lat' dir='ltr'><strong>Ascleffl‘ina,</strong></span> <span class='ocrx_word' id='word_1_261' title='bbox 1616 1947 1849 1983; x_wconf 82' lang='lat' dir='ltr'><strong>substantia</strong></span> <span class='ocrx_word' id='word_1_262' title='bbox 1879 1956 1931 1982; x_wconf 86' lang='lat' dir='ltr'><strong>ex</strong></span> <span class='ocrx_word' id='word_1_263' title='bbox 1952 1950 2031 1983; x_wconf 87' lang='lat' dir='ltr'><strong>hac</strong></span> 
     </span>
     <span class='ocr_line' id='line_1_32' title="bbox 213 2004 1332 2051; baseline -0.003 -10"><span class='ocrx_word' id='word_1_264' title='bbox 213 2005 350 2042; x_wconf 83' lang='lat' dir='ltr'><strong>radice</strong></span> <span class='ocrx_word' id='word_1_265' title='bbox 367 2013 391 2039; x_wconf 89' lang='lat' dir='ltr'><strong>a</strong></span> <span class='ocrx_word' id='word_1_266' title='bbox 407 2004 597 2039; x_wconf 87' lang='lat' dir='ltr'><strong>chemicis</strong></span> <span class='ocrx_word' id='word_1_267' title='bbox 615 2007 819 2051; x_wconf 85' lang='lat' dir='ltr'><strong>extracta,</strong></span> <span class='ocrx_word' id='word_1_268' title='bbox 851 2004 1094 2039; x_wconf 85' lang='lat' dir='ltr'><strong>Mudarinae</strong></span> <span class='ocrx_word' id='word_1_269' title='bbox 1109 2004 1272 2040; x_wconf 90' lang='lat' dir='ltr'><strong>similis.</strong></span> <span class='ocrx_word' id='word_1_270' title='bbox 1329 2035 1332 2038; x_wconf 70' lang='grc'>,</span> 
     </span>
    </p>

    <p class='ocr_par' dir='ltr' id='par_1_14' title="bbox 212 2056 2037 2782">
     <span class='ocr_line' id='line_1_33' title="bbox 353 2056 2032 2103; baseline 0 -8"><span class='ocrx_word' id='word_1_271' title='bbox 353 2062 509 2096; x_wconf 88' lang='lat' dir='ltr'><strong>Succus</strong></span> <span class='ocrx_word' id='word_1_272' title='bbox 539 2060 791 2103; x_wconf 87' lang='lat' dir='ltr'><strong>inspissatus</strong></span> <span class='ocrx_word' id='word_1_273' title='bbox 812 2061 1176 2103; x_wconf 82' lang='lat' dir='ltr'><strong>Asclepiadearum</strong></span> <span class='ocrx_word' id='word_1_274' title='bbox 1207 2062 1460 2103; x_wconf 82' lang='lat' dir='ltr'><strong>quarundam</strong></span> <span class='ocrx_word' id='word_1_275' title='bbox 1489 2059 1595 2095; x_wconf 88' lang='lat' dir='ltr'><strong>inter</strong></span> <span class='ocrx_word' id='word_1_276' title='bbox 1619 2056 1876 2094; x_wconf 74' lang='lat' dir='ltr'><strong>Scammom‘i</strong></span> <span class='ocrx_word' id='word_1_277' title='bbox 1895 2059 2032 2095; x_wconf 87' lang='lat' dir='ltr'><strong>varie-</strong></span> 
     </span>
     <span class='ocr_line' id='line_1_34' title="bbox 213 2111 2037 2160; baseline -0.002 -7"><span class='ocrx_word' id='word_1_278' title='bbox 213 2120 317 2154; x_wconf 87' lang='lat' dir='ltr'><strong>tates</strong></span> <span class='ocrx_word' id='word_1_279' title='bbox 333 2119 516 2153; x_wconf 81' lang='lat' dir='ltr'><strong>habetur.</strong></span> <span class='ocrx_word' id='word_1_280' title='bbox 561 2113 868 2150; x_wconf 78' lang='lat' dir='ltr'><strong>Scammom&#39;um</strong></span> <span class='ocrx_word' id='word_1_281' title='bbox 885 2114 1168 2150; x_wconf 72' lang='lat' dir='ltr'><strong>antiochicum</strong></span> <span class='ocrx_word' id='word_1_282' title='bbox 1187 2128 1208 2152; x_wconf 92' lang='lat' dir='ltr'><strong>e</strong></span> <span class='ocrx_word' id='word_1_283' title='bbox 1224 2117 1470 2152; x_wconf 74' lang='lat' dir='ltr'><strong>flavescente</strong></span> <span class='ocrx_word' id='word_1_284' title='bbox 1485 2117 1608 2152; x_wconf 86' lang='lat' dir='ltr'><strong>latice</strong></span> <span class='ocrx_word' id='word_1_285' title='bbox 1625 2113 1871 2150; x_wconf 76' lang='lat' dir='ltr'><strong>Secamones</strong></span> <span class='ocrx_word' id='word_1_286' title='bbox 1887 2111 2037 2160; x_wconf 67' lang='lat' dir='ltr'><strong>Alpini</strong></span> 
     </span>
     <span class='ocr_line' id='line_1_35' title="bbox 212 2170 2031 2219; baseline -0.002 -9"><span class='ocrx_word' id='word_1_287' title='bbox 212 2177 328 2210; x_wconf 84' lang='lat' dir='ltr'><strong>Rom.</strong></span> <span class='ocrx_word' id='word_1_288' title='bbox 352 2176 391 2208; x_wconf 87' lang='lat' dir='ltr'><strong>et</strong></span> <span class='ocrx_word' id='word_1_289' title='bbox 413 2175 505 2208; x_wconf 85' lang='lat' dir='ltr'><strong>Sch.</strong></span> <span class='ocrx_word' id='word_1_290' title='bbox 531 2177 711 2216; x_wconf 84' lang='lat' dir='ltr'><strong>paratur.</strong></span> <span class='ocrx_word' id='word_1_291' title='bbox 771 2170 1077 2207; x_wconf 71' lang='lat' dir='ltr'><strong>scammoniam</strong></span> <span class='ocrx_word' id='word_1_292' title='bbox 1097 2171 1295 2219; x_wconf 68' lang='lat' dir='ltr'><strong>gallicum</strong></span> <span class='ocrx_word' id='word_1_293' title='bbox 1321 2183 1352 2209; x_wconf 90' lang='lat' dir='ltr'><strong>s.</strong></span> <span class='ocrx_word' id='word_1_294' title='bbox 1377 2171 1674 2217; x_wconf 75' lang='lat' dir='ltr'><strong>monspelz&#39;ense</strong></span> <span class='ocrx_word' id='word_1_295' title='bbox 1691 2173 1902 2215; x_wconf 82' lang='lat' dir='ltr'><strong>Cynanchi</strong></span> <span class='ocrx_word' id='word_1_296' title='bbox 1921 2183 2031 2208; x_wconf 91' lang='lat' dir='ltr'><strong>mon-</strong></span> 
     </span>
     <span class='ocr_line' id='line_1_36' title="bbox 213 2228 2034 2274; baseline -0.002 -7"><span class='ocrx_word' id='word_1_297' title='bbox 213 2230 433 2274; x_wconf 86' lang='lat' dir='ltr'><strong>speliensis</strong></span> <span class='ocrx_word' id='word_1_298' title='bbox 448 2228 568 2264; x_wconf 89' lang='lat' dir='ltr'><strong>Linn.</strong></span> <span class='ocrx_word' id='word_1_299' title='bbox 594 2239 762 2266; x_wconf 87' lang='lat' dir='ltr'><strong>succum</strong></span> <span class='ocrx_word' id='word_1_300' title='bbox 787 2239 876 2265; x_wconf 89' lang='lat' dir='ltr'><strong>esse</strong></span> <span class='ocrx_word' id='word_1_301' title='bbox 894 2240 984 2265; x_wconf 87' lang='lat' dir='ltr'><strong>cum</strong></span> <span class='ocrx_word' id='word_1_302' title='bbox 1001 2230 1247 2266; x_wconf 83' lang='lat' dir='ltr'><strong>substantiis</strong></span> <span class='ocrx_word' id='word_1_303' title='bbox 1264 2229 1461 2266; x_wconf 86' lang='lat' dir='ltr'><strong>resinosis</strong></span> <span class='ocrx_word' id='word_1_304' title='bbox 1480 2229 1576 2265; x_wconf 86' lang='lat' dir='ltr'><strong>aliis</strong></span> <span class='ocrx_word' id='word_1_305' title='bbox 1593 2229 1850 2264; x_wconf 87' lang='lat' dir='ltr'><strong>commixtum</strong></span> <span class='ocrx_word' id='word_1_306' title='bbox 1869 2233 2034 2264; x_wconf 89' lang='lat' dir='ltr'><strong>conten-</strong></span> 
     </span>
     <span class='ocr_line' id='line_1_37' title="bbox 213 2283 2032 2335; baseline -0.002 -12"><span class='ocrx_word' id='word_1_307' title='bbox 213 2289 325 2323; x_wconf 86' lang='lat' dir='ltr'><strong>dunt.</strong></span> <span class='ocrx_word' id='word_1_308' title='bbox 385 2283 630 2320; x_wconf 78' lang='lat' dir='ltr'><strong>Secamones</strong></span> <span class='ocrx_word' id='word_1_309' title='bbox 648 2286 848 2320; x_wconf 70' lang='lat' dir='ltr'><strong>emetz&#39;cae</strong></span> <span class='ocrx_word' id='word_1_310' title='bbox 863 2288 910 2321; x_wconf 89' lang='lat' dir='ltr'><strong>R.</strong></span> <span class='ocrx_word' id='word_1_311' title='bbox 928 2287 1008 2335; x_wconf 87' lang='lat' dir='ltr'><strong>Br.,</strong></span> <span class='ocrx_word' id='word_1_312' title='bbox 1032 2289 1199 2329; x_wconf 87' lang='lat' dir='ltr'><strong>plantae</strong></span> <span class='ocrx_word' id='word_1_313' title='bbox 1212 2286 1385 2332; x_wconf 75' lang='lat' dir='ltr'><strong>Indicae,</strong></span> <span class='ocrx_word' id='word_1_314' title='bbox 1410 2287 1528 2321; x_wconf 86' lang='lat' dir='ltr'><strong>radix</strong></span> <span class='ocrx_word' id='word_1_315' title='bbox 1544 2286 1585 2320; x_wconf 93' lang='lat' dir='ltr'><strong>in</strong></span> <span class='ocrx_word' id='word_1_316' title='bbox 1601 2286 1706 2321; x_wconf 89' lang='lat' dir='ltr'><strong>Asia</strong></span> <span class='ocrx_word' id='word_1_317' title='bbox 1722 2287 2032 2328; x_wconf 84' lang='lat' dir='ltr'><strong>Ipecacuanhae</strong></span> 
     </span>
     <span class='ocr_line' id='line_1_38' title="bbox 213 2337 2034 2387; baseline -0.002 -8"><span class='ocrx_word' id='word_1_318' title='bbox 213 2345 303 2379; x_wconf 92' lang='lat' dir='ltr'><strong>loco</strong></span> <span class='ocrx_word' id='word_1_319' title='bbox 335 2346 407 2378; x_wconf 85' lang='lat' dir='ltr'><strong>est.</strong></span> <span class='ocrx_word' id='word_1_320' title='bbox 473 2344 626 2378; x_wconf 82' lang='lat' dir='ltr'><strong>Eadem</strong></span> <span class='ocrx_word' id='word_1_321' title='bbox 657 2342 924 2386; x_wconf 84' lang='lat' dir='ltr'><strong>complurium</strong></span> <span class='ocrx_word' id='word_1_322' title='bbox 951 2337 1221 2387; x_wconf 73' lang='lat' dir='ltr'><strong>Asclepiadis</strong></span> <span class='ocrx_word' id='word_1_323' title='bbox 1251 2343 1478 2385; x_wconf 82' lang='lat' dir='ltr'><strong>specierum</strong></span> <span class='ocrx_word' id='word_1_324' title='bbox 1511 2340 1657 2385; x_wconf 78' lang='lat' dir='ltr'><strong>(vulgo</strong></span> <span class='ocrx_word' id='word_1_325' title='bbox 1687 2343 1862 2377; x_wconf 87' lang='lat' dir='ltr'><strong>Bastard</strong></span> <span class='ocrx_word' id='word_1_326' title='bbox 1890 2343 2034 2384; x_wconf 84' lang='lat' dir='ltr'><strong>Ipeca-</strong></span> 
     </span>
     <span class='ocr_line' id='line_1_39' title="bbox 214 2398 2031 2444; baseline -0.001 -9"><span class='ocrx_word' id='word_1_327' title='bbox 214 2399 397 2443; x_wconf 82' lang='lat' dir='ltr'><strong>cuanha]</strong></span> <span class='ocrx_word' id='word_1_328' title='bbox 416 2398 458 2433; x_wconf 93' lang='lat' dir='ltr'><strong>in</strong></span> <span class='ocrx_word' id='word_1_329' title='bbox 473 2399 666 2435; x_wconf 86' lang='lat' dir='ltr'><strong>America</strong></span> <span class='ocrx_word' id='word_1_330' title='bbox 681 2399 836 2434; x_wconf 87' lang='lat' dir='ltr'><strong>boreali</strong></span> <span class='ocrx_word' id='word_1_331' title='bbox 853 2403 888 2434; x_wconf 90' lang='lat' dir='ltr'><strong>et</strong></span> <span class='ocrx_word' id='word_1_332' title='bbox 906 2399 948 2433; x_wconf 91' lang='lat' dir='ltr'><strong>in</strong></span> <span class='ocrx_word' id='word_1_333' title='bbox 963 2399 1137 2434; x_wconf 86' lang='lat' dir='ltr'><strong>Antillis</strong></span> <span class='ocrx_word' id='word_1_334' title='bbox 1156 2399 1420 2434; x_wconf 85' lang='lat' dir='ltr'><strong>crescentium</strong></span> <span class='ocrx_word' id='word_1_335' title='bbox 1439 2401 1532 2434; x_wconf 87' lang='lat' dir='ltr'><strong>laus</strong></span> <span class='ocrx_word' id='word_1_336' title='bbox 1550 2402 1630 2444; x_wconf 87' lang='lat' dir='ltr'><strong>est,</strong></span> <span class='ocrx_word' id='word_1_337' title='bbox 1648 2400 1792 2433; x_wconf 88' lang='lat' dir='ltr'><strong>harum</strong></span> <span class='ocrx_word' id='word_1_338' title='bbox 1808 2400 2031 2433; x_wconf 85' lang='lat' dir='ltr'><strong>nonnullae</strong></span> 
     </span>
     <span class='ocr_line' id='line_1_40' title="bbox 213 2451 2033 2500; baseline -0.004 -7"><span class='ocrx_word' id='word_1_339' title='bbox 213 2457 336 2493; x_wconf 85' lang='lat' dir='ltr'><strong>etiam</strong></span> <span class='ocrx_word' id='word_1_340' title='bbox 366 2458 413 2490; x_wconf 89' lang='lat' dir='ltr'><strong>ob</strong></span> <span class='ocrx_word' id='word_1_341' title='bbox 446 2455 632 2491; x_wconf 77' lang='lat' dir='ltr'><strong>virtutem</strong></span> <span class='ocrx_word' id='word_1_342' title='bbox 663 2455 982 2498; x_wconf 78' lang='lat' dir='ltr'><strong>dlaphoreticam</strong></span> <span class='ocrx_word' id='word_1_343' title='bbox 1007 2459 1042 2491; x_wconf 89' lang='lat' dir='ltr'><strong>et</strong></span> <span class='ocrx_word' id='word_1_344' title='bbox 1067 2459 1391 2498; x_wconf 83' lang='lat' dir='ltr'><strong>expectorantem</strong></span> <span class='ocrx_word' id='word_1_345' title='bbox 1416 2456 1758 2490; x_wconf 84' lang='lat' dir='ltr'><strong>commendantur.</strong></span> <span class='ocrx_word' id='word_1_346' title='bbox 1821 2451 2033 2500; x_wconf 73' lang='lat' dir='ltr'><strong>Gompho-</strong></span> 
     </span>
     <span class='ocr_line' id='line_1_41' title="bbox 213 2508 2032 2558; baseline -0.001 -10"><span class='ocrx_word' id='word_1_347' title='bbox 213 2512 339 2558; x_wconf 79' lang='lat' dir='ltr'><strong>carpz&#39;</strong></span> <span class='ocrx_word' id='word_1_348' title='bbox 353 2511 486 2557; x_wconf 71' lang='lat' dir='ltr'><strong>crispi</strong></span> <span class='ocrx_word' id='word_1_349' title='bbox 499 2514 546 2547; x_wconf 88' lang='lat' dir='ltr'><strong>R.</strong></span> <span class='ocrx_word' id='word_1_350' title='bbox 561 2513 628 2546; x_wconf 73' lang='grc' dir='ltr'><strong>ΒΓ.</strong></span> <span class='ocrx_word' id='word_1_351' title='bbox 645 2515 683 2547; x_wconf 87' lang='lat' dir='ltr'><strong>et</strong></span> <span class='ocrx_word' id='word_1_352' title='bbox 703 2508 971 2558; x_wconf 72' lang='lat' dir='ltr'><strong>Xysmalohiz‘</strong></span> <span class='ocrx_word' id='word_1_353' title='bbox 984 2509 1183 2546; x_wconf 58' lang='lat' dir='ltr'><strong>undulata·</strong></span> <span class='ocrx_word' id='word_1_354' title='bbox 1195 2514 1240 2547; x_wconf 86' lang='lat' dir='ltr'><strong>R.</strong></span> <span class='ocrx_word' id='word_1_355' title='bbox 1260 2513 1324 2547; x_wconf 87' lang='lat' dir='ltr'><strong>Br.</strong></span> <span class='ocrx_word' id='word_1_356' title='bbox 1337 2539 1347 2558; x_wconf 92' lang='lat'><strong>,</strong></span> <span class='ocrx_word' id='word_1_357' title='bbox 1373 2514 1604 2555; x_wconf 88' lang='lat' dir='ltr'><strong>plantarum</strong></span> <span class='ocrx_word' id='word_1_358' title='bbox 1621 2509 1878 2557; x_wconf 89' lang='lat' dir='ltr'><strong>capensium,</strong></span> <span class='ocrx_word' id='word_1_359' title='bbox 1912 2510 2032 2546; x_wconf 84' lang='lat' dir='ltr'><strong>radix</strong></span> 
     </span>
     <span class='ocr_line' id='line_1_42' title="bbox 214 2565 2031 2612; baseline -0.002 -7"><span class='ocrx_word' id='word_1_360' title='bbox 214 2568 427 2605; x_wconf 88' lang='lat' dir='ltr'><strong>diuretica.</strong></span> <span class='ocrx_word' id='word_1_361' title='bbox 486 2565 744 2603; x_wconf 66' lang='lat' dir='ltr'><strong>Herm’clesmz&#39;</strong></span> <span class='ocrx_word' id='word_1_362' title='bbox 763 2566 894 2603; x_wconf 64' lang='lat' dir='ltr'><strong>indica·</strong></span> <span class='ocrx_word' id='word_1_363' title='bbox 913 2570 960 2603; x_wconf 90' lang='lat' dir='ltr'><strong>R.</strong></span> <span class='ocrx_word' id='word_1_364' title='bbox 985 2571 1053 2604; x_wconf 86' lang='lat' dir='ltr'><strong>Br.</strong></span> <span class='ocrx_word' id='word_1_365' title='bbox 1079 2569 1197 2604; x_wconf 91' lang='lat' dir='ltr'><strong>radix</strong></span> <span class='ocrx_word' id='word_1_366' title='bbox 1220 2568 1380 2612; x_wconf 82' lang='lat' dir='ltr'><strong>[Radix</strong></span> <span class='ocrx_word' id='word_1_367' title='bbox 1402 2570 1435 2602; x_wconf 91' lang='lat' dir='ltr'>N</span> <span class='ocrx_word' id='word_1_368' title='bbox 1442 2568 1587 2603; x_wconf 87' lang='lat' dir='ltr'><strong>unnari</strong></span> <span class='ocrx_word' id='word_1_369' title='bbox 1611 2578 1644 2603; x_wconf 92' lang='lat' dir='ltr'><strong>s.</strong></span> <span class='ocrx_word' id='word_1_370' title='bbox 1661 2567 1867 2612; x_wconf 83' lang='lat' dir='ltr'><strong>Nannari)</strong></span> <span class='ocrx_word' id='word_1_371' title='bbox 1886 2565 2031 2603; x_wconf 82' lang='lat' dir='ltr'><strong>Salsa-</strong></span> 
     </span>
     <span class='ocr_line' id='line_1_43' title="bbox 212 2623 2034 2671; baseline -0.001 -11"><span class='ocrx_word' id='word_1_372' title='bbox 212 2625 591 2669; x_wconf 76' lang='lat' dir='ltr'><strong>pa1·illae·virtutem</strong></span> <span class='ocrx_word' id='word_1_373' title='bbox 609 2627 841 2671; x_wconf 82' lang='lat' dir='ltr'><strong>aemulans,</strong></span> <span class='ocrx_word' id='word_1_374' title='bbox 873 2626 1172 2668; x_wconf 84' lang='lat' dir='ltr'><strong>Salsaparillae</strong></span> <span class='ocrx_word' id='word_1_375' title='bbox 1188 2625 1350 2660; x_wconf 86' lang='lat' dir='ltr'><strong>indicae</strong></span> <span class='ocrx_word' id='word_1_376' title='bbox 1365 2625 1526 2659; x_wconf 89' lang='lat' dir='ltr'><strong>nomine</strong></span> <span class='ocrx_word' id='word_1_377' title='bbox 1542 2623 1836 2659; x_wconf 84' lang='lat' dir='ltr'><strong>circumfertur.</strong></span> <span class='ocrx_word' id='word_1_378' title='bbox 1894 2623 2034 2659; x_wconf 83' lang='lat' dir='ltr'><strong>Pluri-</strong></span> 
     </span>
     <span class='ocr_line' id='line_1_44' title="bbox 212 2679 2031 2726; baseline -0.001 -8"><span class='ocrx_word' id='word_1_379' title='bbox 212 2692 319 2718; x_wconf 90' lang='lat' dir='ltr'><strong>mum</strong></span> <span class='ocrx_word' id='word_1_380' title='bbox 343 2683 464 2723; x_wconf 83' lang='lat' dir='ltr'><strong>hujus</strong></span> <span class='ocrx_word' id='word_1_381' title='bbox 481 2681 631 2717; x_wconf 86' lang='lat' dir='ltr'><strong>radicis</strong></span> <span class='ocrx_word' id='word_1_382' title='bbox 648 2683 755 2725; x_wconf 85' lang='lat' dir='ltr'><strong>apud</strong></span> <span class='ocrx_word' id='word_1_383' title='bbox 774 2683 932 2726; x_wconf 76' lang='lat' dir='ltr'><strong>Anglos</strong></span> <span class='ocrx_word' id='word_1_384' title='bbox 949 2691 1068 2719; x_wconf 91' lang='lat' dir='ltr'><strong>usum</strong></span> <span class='ocrx_word' id='word_1_385' title='bbox 1085 2691 1179 2718; x_wconf 87' lang='lat' dir='ltr'><strong>esse</strong></span> <span class='ocrx_word' id='word_1_386' title='bbox 1194 2681 1300 2717; x_wconf 89' lang='lat' dir='ltr'><strong>inter</strong></span> <span class='ocrx_word' id='word_1_387' title='bbox 1315 2681 1536 2718; x_wconf 87' lang='lat' dir='ltr'><strong>nobiliores</strong></span> <span class='ocrx_word' id='word_1_388' title='bbox 1554 2680 1852 2723; x_wconf 84' lang='lat' dir='ltr'><strong>Salsaparillae</strong></span> <span class='ocrx_word' id='word_1_389' title='bbox 1871 2679 2031 2723; x_wconf 82' lang='lat' dir='ltr'><strong>species</strong></span> 
     </span>
     <span class='ocr_line' id='line_1_45' title="bbox 212 2739 434 2782; baseline -0.005 -7"><span class='ocrx_word' id='word_1_390' title='bbox 212 2739 434 2782; x_wconf 86' lang='lat' dir='ltr'><strong>perhibent.</strong></span> 
     </span>
    </p>

    <p class='ocr_par' dir='ltr' id='par_1_15' title="bbox 213 2787 2034 3057">
     <span class='ocr_line' id='line_1_46' title="bbox 353 2787 2030 2841; baseline -0.002 -14"><span class='ocrx_word' id='word_1_391' title='bbox 353 2792 739 2829; x_wconf 69' lang='lat' dir='ltr'><strong>Solenostenmeatae‘s</strong></span> <span class='ocrx_word' id='word_1_392' title='bbox 761 2787 930 2841; x_wconf 68' lang='lat' dir='ltr'><strong>Arg-hel</strong></span> <span class='ocrx_word' id='word_1_393' title='bbox 948 2796 1081 2838; x_wconf 76' lang='lat' dir='ltr'><strong>Hayn.</strong></span> <span class='ocrx_word' id='word_1_394' title='bbox 1114 2794 1214 2830; x_wconf 83' lang='lat' dir='ltr'><strong>folia</strong></span> <span class='ocrx_word' id='word_1_395' title='bbox 1242 2803 1383 2830; x_wconf 87' lang='lat' dir='ltr'><strong>amara</strong></span> <span class='ocrx_word' id='word_1_396' title='bbox 1407 2803 1496 2830; x_wconf 90' lang='lat' dir='ltr'><strong>cum</strong></span> <span class='ocrx_word' id='word_1_397' title='bbox 1528 2790 1691 2827; x_wconf 64' lang='lat' dir='ltr'><strong>Serenae</strong></span> <span class='ocrx_word' id='word_1_398' title='bbox 1714 2789 2030 2826; x_wconf 61' lang='lat' dir='ltr'><strong>alexandrinae</strong></span> 
     </span>
     <span class='ocr_line' id='line_1_47' title="bbox 215 2848 2034 2897; baseline -0.002 -10"><span class='ocrx_word' id='word_1_399' title='bbox 215 2850 326 2887; x_wconf 84' lang='lat' dir='ltr'><strong>foliis</strong></span> <span class='ocrx_word' id='word_1_400' title='bbox 350 2850 514 2886; x_wconf 88' lang='lat' dir='ltr'><strong>misceri</strong></span> <span class='ocrx_word' id='word_1_401' title='bbox 530 2855 701 2887; x_wconf 88' lang='lat' dir='ltr'><strong>constat.</strong></span> <span class='ocrx_word' id='word_1_402' title='bbox 758 2852 905 2887; x_wconf 87' lang='lat' dir='ltr'><strong>Forma</strong></span> <span class='ocrx_word' id='word_1_403' title='bbox 920 2855 1014 2888; x_wconf 85' lang='lat' dir='ltr'><strong>sunt</strong></span> <span class='ocrx_word' id='word_1_404' title='bbox 1029 2854 1173 2886; x_wconf 88' lang='lat' dir='ltr'><strong>ovato-</strong></span> <span class='ocrx_word' id='word_1_405' title='bbox 1185 2853 1435 2897; x_wconf 87' lang='lat' dir='ltr'><strong>lanceolata,</strong></span> <span class='ocrx_word' id='word_1_406' title='bbox 1466 2852 1625 2885; x_wconf 88' lang='lat' dir='ltr'><strong>Sennae</strong></span> <span class='ocrx_word' id='word_1_407' title='bbox 1642 2848 1755 2885; x_wconf 84' lang='lat' dir='ltr'><strong>foliis</strong></span> <span class='ocrx_word' id='word_1_408' title='bbox 1772 2848 1978 2884; x_wconf 86' lang='lat' dir='ltr'><strong>crassiora</strong></span> <span class='ocrx_word' id='word_1_409' title='bbox 1994 2850 2034 2883; x_wconf 84' lang='lat' dir='ltr'><strong>et</strong></span> 
     </span>
     <span class='ocr_line' id='line_1_48' title="bbox 213 2901 2033 2953; baseline -0.003 -9"><span class='ocrx_word' id='word_1_410' title='bbox 213 2908 345 2951; x_wconf 85' lang='lat' dir='ltr'><strong>magis</strong></span> <span class='ocrx_word' id='word_1_411' title='bbox 369 2906 521 2953; x_wconf 86' lang='lat' dir='ltr'><strong>rigida,</strong></span> <span class='ocrx_word' id='word_1_412' title='bbox 552 2907 790 2953; x_wconf 84' lang='lat' dir='ltr'><strong>pallidiora,</strong></span> <span class='ocrx_word' id='word_1_413' title='bbox 821 2907 938 2943; x_wconf 83' lang='lat' dir='ltr'><strong>venis</strong></span> <span class='ocrx_word' id='word_1_414' title='bbox 963 2901 1186 2942; x_wconf 78' lang='lat' dir='ltr'><strong>rarioribus</strong></span> <span class='ocrx_word' id='word_1_415' title='bbox 1210 2907 1291 2942; x_wconf 86' lang='lat' dir='ltr'><strong>fere</strong></span> <span class='ocrx_word' id='word_1_416' title='bbox 1308 2905 1501 2941; x_wconf 86' lang='lat' dir='ltr'><strong>obsoletis</strong></span> <span class='ocrx_word' id='word_1_417' title='bbox 1518 2914 1731 2951; x_wconf 88' lang='lat' dir='ltr'><strong>percursa,</strong></span> <span class='ocrx_word' id='word_1_418' title='bbox 1764 2910 1803 2940; x_wconf 43' lang='lat' dir='ltr'><strong>et.</strong></span> <span class='ocrx_word' id='word_1_419' title='bbox 1818 2907 1921 2948; x_wconf 87' lang='lat' dir='ltr'><strong>pube</strong></span> <span class='ocrx_word' id='word_1_420' title='bbox 1938 2907 2033 2940; x_wconf 90' lang='lat' dir='ltr'><strong>bre-</strong></span> 
     </span>
     <span class='ocr_line' id='line_1_49' title="bbox 213 2961 2030 3010; baseline -0.002 -10"><span class='ocrx_word' id='word_1_421' title='bbox 213 2965 388 3000; x_wconf 80' lang='lat' dir='ltr'><strong>vissima</strong></span> <span class='ocrx_word' id='word_1_422' title='bbox 409 2963 563 2999; x_wconf 88' lang='lat' dir='ltr'><strong>induta.</strong></span> <span class='ocrx_word' id='word_1_423' title='bbox 621 2963 740 2998; x_wconf 88' lang='lat' dir='ltr'><strong>Folia</strong></span> <span class='ocrx_word' id='word_1_424' title='bbox 762 2964 918 3006; x_wconf 83' lang='lat' dir='ltr'><strong>Arghel</strong></span> <span class='ocrx_word' id='word_1_425' title='bbox 933 2962 1104 2999; x_wconf 82' lang='lat' dir='ltr'><strong>Cassiae</strong></span> <span class='ocrx_word' id='word_1_426' title='bbox 1124 2962 1233 2999; x_wconf 83' lang='lat' dir='ltr'><strong>soliis</strong></span> <span class='ocrx_word' id='word_1_427' title='bbox 1259 2962 1406 3010; x_wconf 85' lang='lat' dir='ltr'><strong>tutius,</strong></span> <span class='ocrx_word' id='word_1_428' title='bbox 1438 2963 1510 2998; x_wconf 89' lang='lat' dir='ltr'><strong>sed</strong></span> <span class='ocrx_word' id='word_1_429' title='bbox 1532 2971 1613 2998; x_wconf 90' lang='lat' dir='ltr'><strong>non</strong></span> <span class='ocrx_word' id='word_1_430' title='bbox 1630 2961 1732 2997; x_wconf 88' lang='lat' dir='ltr'><strong>citra</strong></span> <span class='ocrx_word' id='word_1_431' title='bbox 1746 2961 2030 2997; x_wconf 85' lang='lat' dir='ltr'><strong>intestinorum</strong></span> 
     </span>
     <span class='ocr_line' id='line_1_50' title="bbox 214 3021 934 3057; baseline -0.001 0"><span class='ocrx_word' id='word_1_432' title='bbox 214 3021 387 3057; x_wconf 86' lang='lat' dir='ltr'><strong>tormina</strong></span> <span class='ocrx_word' id='word_1_433' title='bbox 401 3022 541 3055; x_wconf 84' lang='lat' dir='ltr'><strong>alvum</strong></span> <span class='ocrx_word' id='word_1_434' title='bbox 556 3028 717 3054; x_wconf 86' lang='lat' dir='ltr'><strong>movere</strong></span> <span class='ocrx_word' id='word_1_435' title='bbox 733 3022 934 3056; x_wconf 88' lang='lat' dir='ltr'><strong>asserunt.</strong></span> 
     </span>
    </p>

    <p class='ocr_par' dir='ltr' id='par_1_16' title="bbox 215 3069 2029 3176">
     <span class='ocr_line' id='line_1_51' title="bbox 353 3069 2029 3123; baseline 0 -13"><span class='ocrx_word' id='word_1_436' title='bbox 353 3074 599 3121; x_wconf 67' lang='lat' dir='ltr'><strong>Perv’plocae</strong></span> <span class='ocrx_word' id='word_1_437' title='bbox 612 3084 795 3121; x_wconf 76' lang='lat' dir='ltr'><strong>graecae</strong></span> <span class='ocrx_word' id='word_1_438' title='bbox 811 3075 931 3112; x_wconf 90' lang='lat' dir='ltr'><strong>Linn.</strong></span> <span class='ocrx_word' id='word_1_439' title='bbox 956 3069 1218 3123; x_wconf 75' lang='grc' dir='ltr'><em>(γαλαξίδα)</em></span> <span class='ocrx_word' id='word_1_440' title='bbox 1242 3077 1309 3111; x_wconf 88' lang='lat' dir='ltr'><strong>lac</strong></span> <span class='ocrx_word' id='word_1_441' title='bbox 1331 3077 1590 3111; x_wconf 88' lang='lat' dir='ltr'><strong>vehementer</strong></span> <span class='ocrx_word' id='word_1_442' title='bbox 1605 3082 1720 3122; x_wconf 88' lang='lat' dir='ltr'><strong>acre,</strong></span> <span class='ocrx_word' id='word_1_443' title='bbox 1752 3072 2029 3110; x_wconf 82' lang='lat' dir='ltr'><strong>Orientalibus</strong></span> 
     </span>
     <span class='ocr_line' id='line_1_52' title="bbox 215 3132 862 3176; baseline -0.005 -7"><span class='ocrx_word' id='word_1_444' title='bbox 215 3132 393 3169; x_wconf 87' lang='lat' dir='ltr'><strong>toxicum</strong></span> <span class='ocrx_word' id='word_1_445' title='bbox 410 3135 667 3176; x_wconf 87' lang='lat' dir='ltr'><strong>lycoctonum</strong></span> <span class='ocrx_word' id='word_1_446' title='bbox 684 3133 862 3174; x_wconf 86' lang='lat' dir='ltr'><strong>praebet.</strong></span> 
     </span>
    </p>

    <p class='ocr_par' dir='ltr' id='par_1_17' title="bbox 217 3185 2030 3287">
     <span class='ocr_line' id='line_1_53' title="bbox 357 3185 2030 3233; baseline -0.001 -10"><span class='ocrx_word' id='word_1_447' title='bbox 357 3187 563 3223; x_wconf 79' lang='lat' dir='ltr'><strong>Gonolobi</strong></span> <span class='ocrx_word' id='word_1_448' title='bbox 575 3185 1021 3233; x_wconf 74' lang='lat' dir='ltr'><strong>macrophyllz·mic11x.</strong></span> <span class='ocrx_word' id='word_1_449' title='bbox 1046 3196 1168 3224; x_wconf 87' lang='lat' dir='ltr'><strong>succo</strong></span> <span class='ocrx_word' id='word_1_450' title='bbox 1185 3186 1401 3224; x_wconf 88' lang='lat' dir='ltr'><strong>Americae</strong></span> <span class='ocrx_word' id='word_1_451' title='bbox 1424 3186 1602 3224; x_wconf 87' lang='lat' dir='ltr'><strong>borealis</strong></span> <span class='ocrx_word' id='word_1_452' title='bbox 1619 3189 1882 3231; x_wconf 82' lang='lat' dir='ltr'><strong>autochtones</strong></span> <span class='ocrx_word' id='word_1_453' title='bbox 1899 3185 2030 3230; x_wconf 82' lang='lat' dir='ltr'><strong>sagit-</strong></span> 
     </span>
     <span class='ocr_line' id='line_1_54' title="bbox 217 3245 1087 3287; baseline -0.002 -5"><span class='ocrx_word' id='word_1_454' title='bbox 217 3250 346 3282; x_wconf 85' lang='lat' dir='ltr'><strong>tarum</strong></span> <span class='ocrx_word' id='word_1_455' title='bbox 361 3254 574 3282; x_wconf 83' lang='lat' dir='ltr'><strong>mucrones</strong></span> <span class='ocrx_word' id='word_1_456' title='bbox 594 3245 809 3287; x_wconf 81' lang='lat' dir='ltr'><strong>inquinare</strong></span> <span class='ocrx_word' id='word_1_457' title='bbox 824 3247 996 3280; x_wconf 88' lang='lat' dir='ltr'><strong>relatum</strong></span> <span class='ocrx_word' id='word_1_458' title='bbox 1012 3248 1087 3280; x_wconf 90' lang='lat' dir='ltr'><strong>est.</strong></span> 
     </span>
    </p>

    <p class='ocr_par' dir='ltr' id='par_1_18' title="bbox 211 3294 2029 3518">
     <span class='ocr_line' id='line_1_55' title="bbox 352 3294 2028 3348; baseline -0.005 -10"><span class='ocrx_word' id='word_1_459' title='bbox 352 3304 648 3338; x_wconf 85' lang='lat' dir='ltr'><strong>Nonnullarum</strong></span> <span class='ocrx_word' id='word_1_460' title='bbox 682 3303 807 3337; x_wconf 85' lang='lat' dir='ltr'><strong>herba</strong></span> <span class='ocrx_word' id='word_1_461' title='bbox 843 3301 981 3344; x_wconf 89' lang='lat' dir='ltr'><strong>junior</strong></span> <span class='ocrx_word' id='word_1_462' title='bbox 1013 3300 1144 3348; x_wconf 87' lang='lat' dir='ltr'><strong>mitis,</strong></span> <span class='ocrx_word' id='word_1_463' title='bbox 1183 3301 1381 3337; x_wconf 84' lang='lat' dir='ltr'><strong>oleracea.</strong></span> <span class='ocrx_word' id='word_1_464' title='bbox 1454 3301 1518 3336; x_wconf 74' lang='lat' dir='ltr'><strong>Ex</strong></span> <span class='ocrx_word' id='word_1_465' title='bbox 1555 3298 1742 3336; x_wconf 82' lang='lat' dir='ltr'><strong>asiaticis</strong></span> <span class='ocrx_word' id='word_1_466' title='bbox 1777 3294 2028 3344; x_wconf 71' lang='lat' dir='ltr'><strong>Oxystelmoe</strong></span> 
     </span>
     <span class='ocr_line' id='line_1_56' title="bbox 217 3351 2027 3405; baseline -0.002 -13"><span class='ocrx_word' id='word_1_467' title='bbox 217 3356 471 3393; x_wconf 80' lang='lat' dir='ltr'><strong>esculentum</strong></span> <span class='ocrx_word' id='word_1_468' title='bbox 487 3360 533 3395; x_wconf 83' lang='lat' dir='ltr'><strong>R.</strong></span> <span class='ocrx_word' id='word_1_469' title='bbox 551 3359 639 3404; x_wconf 89' lang='lat' dir='ltr'><strong>Br.,</strong></span> <span class='ocrx_word' id='word_1_470' title='bbox 669 3357 775 3394; x_wconf 91' lang='lat' dir='ltr'><strong>inter</strong></span> <span class='ocrx_word' id='word_1_471' title='bbox 796 3357 1052 3394; x_wconf 76' lang='lat' dir='ltr'><strong>americaiias</strong></span> <span class='ocrx_word' id='word_1_472' title='bbox 1067 3351 1342 3402; x_wconf 76' lang='lat' dir='ltr'><strong>Asclepiades</strong></span> <span class='ocrx_word' id='word_1_473' title='bbox 1359 3359 1581 3393; x_wconf 84' lang='lat' dir='ltr'><strong>nonnullae</strong></span> <span class='ocrx_word' id='word_1_474' title='bbox 1598 3364 1649 3392; x_wconf 85' lang='lat' dir='ltr'><strong>ex</strong></span> <span class='ocrx_word' id='word_1_475' title='bbox 1661 3355 1835 3405; x_wconf 79' lang='lat' dir='ltr'><strong>istarum</strong></span> <span class='ocrx_word' id='word_1_476' title='bbox 1850 3362 2027 3390; x_wconf 78' lang='lat' dir='ltr'><strong>numero.</strong></span> 
     </span>
     <span class='ocr_line' id='line_1_57' title="bbox 219 3404 2028 3463; baseline -0.003 -15"><span class='ocrx_word' id='word_1_477' title='bbox 219 3413 507 3459; x_wconf 75' lang='lat' dir='ltr'><strong>Gymnematz&#39;s</strong></span> <span class='ocrx_word' id='word_1_478' title='bbox 524 3412 722 3463; x_wconf 70' lang='lat' dir='ltr'><strong>luctiferz‘</strong></span> <span class='ocrx_word' id='word_1_479' title='bbox 741 3415 788 3450; x_wconf 92' lang='lat' dir='ltr'><strong>R.</strong></span> <span class='ocrx_word' id='word_1_480' title='bbox 805 3414 871 3450; x_wconf 88' lang='lat' dir='ltr'><strong>Br.</strong></span> <span class='ocrx_word' id='word_1_481' title='bbox 896 3413 1199 3458; x_wconf 80' lang='lat' dir='ltr'><strong>(Kiriaghuna)</strong></span> <span class='ocrx_word' id='word_1_482' title='bbox 1216 3415 1323 3449; x_wconf 88' lang='lat' dir='ltr'><strong>lacte</strong></span> <span class='ocrx_word' id='word_1_483' title='bbox 1338 3413 1379 3449; x_wconf 91' lang='lat' dir='ltr'><strong>in</strong></span> <span class='ocrx_word' id='word_1_484' title='bbox 1396 3412 1578 3457; x_wconf 82' lang='lat' dir='ltr'><strong>Ceylona</strong></span> <span class='ocrx_word' id='word_1_485' title='bbox 1592 3415 1826 3454; x_wconf 73' lang='lat' dir='ltr'><strong>vescuntur,</strong></span> <span class='ocrx_word' id='word_1_486' title='bbox 1883 3404 2028 3445; x_wconf 82' lang='lat' dir='ltr'><strong>Ascle-</strong></span> 
     </span>
     <span class='ocr_line' id='line_1_58' title="bbox 211 3463 2029 3518; baseline -0.002 -12"><span class='ocrx_word' id='word_1_487' title='bbox 211 3468 354 3518; x_wconf 72' lang='lat' dir='ltr'><strong>piaclis</strong></span> <span class='ocrx_word' id='word_1_488' title='bbox 371 3469 567 3518; x_wconf 71' lang='lat' dir='ltr'><strong>syriacae</strong></span> <span class='ocrx_word' id='word_1_489' title='bbox 583 3471 628 3508; x_wconf 90' lang='lat' dir='ltr'><strong>L.</strong></span> <span class='ocrx_word' id='word_1_490' title='bbox 648 3472 814 3516; x_wconf 83' lang='lat' dir='ltr'><strong>plantae</strong></span> <span class='ocrx_word' id='word_1_491' title='bbox 829 3463 1281 3508; x_wconf 83' lang='lat' dir='ltr'><strong>boreali-americanae</strong></span> <span class='ocrx_word' id='word_1_492' title='bbox 1297 3470 1413 3507; x_wconf 84' lang='lat' dir='ltr'><strong>fiores</strong></span> <span class='ocrx_word' id='word_1_493' title='bbox 1431 3470 1518 3506; x_wconf 83' lang='lat' dir='ltr'><strong>rore</strong></span> <span class='ocrx_word' id='word_1_494' title='bbox 1534 3471 1678 3505; x_wconf 85' lang='lat' dir='ltr'><strong>melleo</strong></span> <span class='ocrx_word' id='word_1_495' title='bbox 1695 3468 1868 3506; x_wconf 81' lang='lat' dir='ltr'><strong>madent.</strong></span> <span class='ocrx_word' id='word_1_496' title='bbox 1927 3465 2029 3503; x_wconf 78' lang='lat' dir='ltr'><strong>Cum</strong></span> 
     </span>
    </p>
   </div>
  </div>
 </body>
</html>
