<?xml version="1.0" encoding="UTF-8"?>
<!DOCTYPE html PUBLIC "-//W3C//DTD XHTML 1.0 Transitional//EN"
    "http://www.w3.org/TR/xhtml1/DTD/xhtml1-transitional.dtd">
<html xmlns="http://www.w3.org/1999/xhtml" xml:lang="en" lang="en">
 <head>
  <title>
</title>
<meta http-equiv="Content-Type" content="text/html;charset=utf-8" />
  <meta name='ocr-system' content='tesseract 3.04.00' />
  <meta name='ocr-capabilities' content='ocr_page ocr_carea ocr_par ocr_line ocrx_word'/>
</head>
<body>
  <div class='ocr_page' id='page_1' title='image "./enchiridionbotan00endl/enchiridionbotan00endl_0635.png"; bbox 0 0 2147 3756; ppageno 0'>
   <div class='ocr_carea' id='block_1_1' title="bbox 962 129 1077 178">
    <p class='ocr_par' dir='ltr' id='par_1_1' title="bbox 962 129 1077 178">
     <span class='ocr_line' id='line_1_1' title="bbox 962 129 1077 178; baseline -0.017 0"><span class='ocrx_word' id='word_1_1' title='bbox 962 129 1077 178; x_wconf 74' lang='lat'><strong>617</strong></span> 
     </span>
    </p>
   </div>
   <div class='ocr_carea' id='block_1_2' title="bbox 892 209 1102 214">
    <p class='ocr_par' dir='ltr' id='par_1_2' title="bbox 892 209 1102 214">
     <span class='ocr_line' id='line_1_2' title="bbox 892 209 1102 214; baseline 0 0"><span class='ocrx_word' id='word_1_2' title='bbox 892 209 1102 214; x_wconf 95' lang='lat' dir='ltr'><strong> </strong></span> 
     </span>
    </p>
   </div>
   <div class='ocr_carea' id='block_1_3' title="bbox 103 297 1932 849">
    <p class='ocr_par' dir='ltr' id='par_1_3' title="bbox 103 297 1932 849">
     <span class='ocr_line' id='line_1_3' title="bbox 109 297 1932 352; baseline -0.003 -11"><span class='ocrx_word' id='word_1_3' title='bbox 109 301 310 348; x_wconf 76' lang='lat' dir='ltr'><strong>imprimis</strong></span> <span class='ocrx_word' id='word_1_4' title='bbox 332 301 540 352; x_wconf 81' lang='lat' dir='ltr'><strong>copiosae,</strong></span> <span class='ocrx_word' id='word_1_5' title='bbox 572 302 676 339; x_wconf 89' lang='lat' dir='ltr'><strong>inter</strong></span> <span class='ocrx_word' id='word_1_6' title='bbox 701 300 895 347; x_wconf 87' lang='lat' dir='ltr'><strong>tropicos,</strong></span> <span class='ocrx_word' id='word_1_7' title='bbox 928 302 968 338; x_wconf 91' lang='lat' dir='ltr'><strong>in</strong></span> <span class='ocrx_word' id='word_1_8' title='bbox 988 302 1132 346; x_wconf 85' lang='lat' dir='ltr'><strong>Capite</strong></span> <span class='ocrx_word' id='word_1_9' title='bbox 1153 304 1283 338; x_wconf 85' lang='lat' dir='ltr'><strong>bonae</strong></span> <span class='ocrx_word' id='word_1_10' title='bbox 1306 297 1415 346; x_wconf 85' lang='lat' dir='ltr'><strong>spei,</strong></span> <span class='ocrx_word' id='word_1_11' title='bbox 1448 300 1490 336; x_wconf 90' lang='lat' dir='ltr'><strong>in</strong></span> <span class='ocrx_word' id='word_1_12' title='bbox 1514 302 1628 337; x_wconf 74' lang='lat' dir='ltr'><strong>Nova</strong></span> <span class='ocrx_word' id='word_1_13' title='bbox 1645 301 1866 337; x_wconf 80' lang='lat' dir='ltr'><strong>Ilollandia</strong></span> <span class='ocrx_word' id='word_1_14' title='bbox 1892 304 1932 337; x_wconf 80' lang='lat' dir='ltr'><strong>et</strong></span> 
     </span>
     <span class='ocr_line' id='line_1_4' title="bbox 108 357 1930 403; baseline -0.003 -5"><span class='ocrx_word' id='word_1_15' title='bbox 108 360 304 398; x_wconf 87' lang='lat' dir='ltr'><strong>America</strong></span> <span class='ocrx_word' id='word_1_16' title='bbox 334 363 447 396; x_wconf 86' lang='lat' dir='ltr'><strong>trans</strong></span> <span class='ocrx_word' id='word_1_17' title='bbox 479 361 757 403; x_wconf 78' lang='lat' dir='ltr'>capricornum</span> <span class='ocrx_word' id='word_1_18' title='bbox 781 362 905 395; x_wconf 92' lang='lat' dir='ltr'><strong>multo</strong></span> <span class='ocrx_word' id='word_1_19' title='bbox 931 360 1117 395; x_wconf 87' lang='lat' dir='ltr'><strong>rariores.</strong></span> <span class='ocrx_word' id='word_1_20' title='bbox 1175 357 1448 394; x_wconf 84' lang='lat' dir='ltr'><strong>Americanae</strong></span> <span class='ocrx_word' id='word_1_21' title='bbox 1472 360 1688 400; x_wconf 81' lang='lat' dir='ltr'><strong>pleraeque</strong></span> <span class='ocrx_word' id='word_1_22' title='bbox 1712 359 1930 393; x_wconf 86' lang='lat' dir='ltr'><strong>fruticosae</strong></span> 
     </span>
     <span class='ocr_line' id='line_1_5' title="bbox 108 411 1928 462; baseline -0.003 -9"><span class='ocrx_word' id='word_1_23' title='bbox 108 421 180 454; x_wconf 87' lang='lat' dir='ltr'><strong>aut</strong></span> <span class='ocrx_word' id='word_1_24' title='bbox 204 420 416 462; x_wconf 82' lang='lat' dir='ltr'>arboreae,</span> <span class='ocrx_word' id='word_1_25' title='bbox 450 417 655 452; x_wconf 87' lang='lat' dir='ltr'><strong>albumine</strong></span> <span class='ocrx_word' id='word_1_26' title='bbox 679 416 903 459; x_wconf 80' lang='lat' dir='ltr'><strong>copiosiore</strong></span> <span class='ocrx_word' id='word_1_27' title='bbox 927 417 1101 451; x_wconf 81' lang='lat' dir='ltr'><strong>donatae</strong></span> <span class='ocrx_word' id='word_1_28' title='bbox 1124 424 1215 450; x_wconf 90' lang='lat' dir='ltr'><strong>esse</strong></span> <span class='ocrx_word' id='word_1_29' title='bbox 1239 416 1383 449; x_wconf 84' lang='lat' dir='ltr'><strong>solent.</strong></span> <span class='ocrx_word' id='word_1_30' title='bbox 1444 415 1621 459; x_wconf 82' lang='lat' dir='ltr'>Genera,</span> <span class='ocrx_word' id='word_1_31' title='bbox 1654 418 1814 456; x_wconf 86' lang='lat' dir='ltr'><strong>praeter</strong></span> <span class='ocrx_word' id='word_1_32' title='bbox 1840 411 1928 447; x_wconf 75' lang='lat' dir='ltr'><strong>Fa-</strong></span> 
     </span>
     <span class='ocr_line' id='line_1_6' title="bbox 104 467 1928 521; baseline -0.002 -13"><span class='ocrx_word' id='word_1_33' title='bbox 104 474 296 521; x_wconf 80' lang='lat' dir='ltr'><strong>gom&#39;am,</strong></span> <span class='ocrx_word' id='word_1_34' title='bbox 322 482 394 516; x_wconf 85' lang='lat' dir='ltr'><strong>per</strong></span> <span class='ocrx_word' id='word_1_35' title='bbox 409 474 613 517; x_wconf 75' lang='lat' dir='ltr'><strong>regionem</strong></span> <span class='ocrx_word' id='word_1_36' title='bbox 629 473 964 509; x_wconf 74' lang='lat' dir='ltr'><strong>mediterraneam</strong></span> <span class='ocrx_word' id='word_1_37' title='bbox 983 476 1020 507; x_wconf 88' lang='lat' dir='ltr'><strong>et</strong></span> <span class='ocrx_word' id='word_1_38' title='bbox 1037 472 1181 507; x_wconf 81' lang='lat' dir='ltr'><strong>Asiam</strong></span> <span class='ocrx_word' id='word_1_39' title='bbox 1198 471 1371 506; x_wconf 86' lang='lat' dir='ltr'><strong>mediam</strong></span> <span class='ocrx_word' id='word_1_40' title='bbox 1388 469 1575 506; x_wconf 79' lang='lat' dir='ltr'><strong>diffusam</strong></span> <span class='ocrx_word' id='word_1_41' title='bbox 1587 496 1596 513; x_wconf 87' lang='lat'><strong>,</strong></span> <span class='ocrx_word' id='word_1_42' title='bbox 1614 474 1772 512; x_wconf 85' lang='lat' dir='ltr'><strong>praeter</strong></span> <span class='ocrx_word' id='word_1_43' title='bbox 1790 467 1928 515; x_wconf 67' lang='lat' dir='ltr'><strong>Zygo-</strong></span> 
     </span>
     <span class='ocr_line' id='line_1_7' title="bbox 103 523 1930 576; baseline -0.001 -12"><span class='ocrx_word' id='word_1_44' title='bbox 103 527 318 576; x_wconf 68' lang='lat' dir='ltr'><strong>pltyllum,</strong></span> <span class='ocrx_word' id='word_1_45' title='bbox 349 529 391 564; x_wconf 94' lang='lat' dir='ltr'><strong>in</strong></span> <span class='ocrx_word' id='word_1_46' title='bbox 415 531 523 565; x_wconf 90' lang='lat' dir='ltr'><strong>omni</strong></span> <span class='ocrx_word' id='word_1_47' title='bbox 540 530 685 566; x_wconf 85' lang='lat' dir='ltr'><strong>Africa</strong></span> <span class='ocrx_word' id='word_1_48' title='bbox 708 533 743 564; x_wconf 92' lang='lat' dir='ltr'><strong>et</strong></span> <span class='ocrx_word' id='word_1_49' title='bbox 770 529 811 565; x_wconf 88' lang='lat' dir='ltr'><strong>in</strong></span> <span class='ocrx_word' id='word_1_50' title='bbox 827 530 932 564; x_wconf 85' lang='lat' dir='ltr'><strong>Asia</strong></span> <span class='ocrx_word' id='word_1_51' title='bbox 948 530 1133 573; x_wconf 84' lang='lat' dir='ltr'><strong>obvium,</strong></span> <span class='ocrx_word' id='word_1_52' title='bbox 1164 532 1199 564; x_wconf 87' lang='lat' dir='ltr'><strong>et</strong></span> <span class='ocrx_word' id='word_1_53' title='bbox 1218 531 1378 570; x_wconf 89' lang='lat' dir='ltr'><strong>praeter</strong></span> <span class='ocrx_word' id='word_1_54' title='bbox 1401 523 1636 567; x_wconf 76' lang='lat' dir='ltr'><strong>Tribulmn‚</strong></span> <span class='ocrx_word' id='word_1_55' title='bbox 1669 526 1870 562; x_wconf 81' lang='lat' dir='ltr'><strong>latissime</strong></span> <span class='ocrx_word' id='word_1_56' title='bbox 1888 526 1930 563; x_wconf 86' lang='lat' dir='ltr'><strong>in</strong></span> 
     </span>
     <span class='ocr_line' id='line_1_8' title="bbox 107 582 1929 631; baseline -0.004 -7"><span class='ocrx_word' id='word_1_57' title='bbox 107 587 340 631; x_wconf 88' lang='lat' dir='ltr'><strong>regionibus</strong></span> <span class='ocrx_word' id='word_1_58' title='bbox 372 586 535 628; x_wconf 74' lang='lat' dir='ltr'><strong>tropicis</strong></span> <span class='ocrx_word' id='word_1_59' title='bbox 566 586 890 628; x_wconf 80' lang='lat' dir='ltr'><strong>subtropicisque</strong></span> <span class='ocrx_word' id='word_1_60' title='bbox 922 586 1170 629; x_wconf 84' lang='lat' dir='ltr'><strong>dispersum,</strong></span> <span class='ocrx_word' id='word_1_61' title='bbox 1202 585 1290 620; x_wconf 88' lang='lat' dir='ltr'><strong>suis</strong></span> <span class='ocrx_word' id='word_1_62' title='bbox 1310 582 1612 618; x_wconf 79' lang='lat' dir='ltr'><strong>continentibus</strong></span> <span class='ocrx_word' id='word_1_63' title='bbox 1636 583 1797 624; x_wconf 89' lang='lat' dir='ltr'><strong>propria</strong></span> <span class='ocrx_word' id='word_1_64' title='bbox 1821 586 1929 617; x_wconf 86' lang='lat' dir='ltr'><strong>sunt.</strong></span> 
     </span>
     <span class='ocr_line' id='line_1_9' title="bbox 105 638 1930 687; baseline -0.004 -8"><span class='ocrx_word' id='word_1_65' title='bbox 105 645 173 680; x_wconf 85' lang='lat' dir='ltr'><strong>Ex</strong></span> <span class='ocrx_word' id='word_1_66' title='bbox 197 643 262 678; x_wconf 88' lang='lat' dir='ltr'><strong>his</strong></span> <span class='ocrx_word' id='word_1_67' title='bbox 285 640 603 676; x_wconf 61' lang='lat' dir='ltr'><strong>Trielacmehera</strong></span> <span class='ocrx_word' id='word_1_68' title='bbox 619 643 837 687; x_wconf 77' lang='lat' dir='ltr'><strong>Arabiam,</strong></span> <span class='ocrx_word' id='word_1_69' title='bbox 873 639 1064 687; x_wconf 72' lang='lat' dir='ltr'><strong>Riiperae</strong></span> <span class='ocrx_word' id='word_1_70' title='bbox 1081 643 1233 676; x_wconf 80' lang='lat' dir='ltr'><strong>Novam</strong></span> <span class='ocrx_word' id='word_1_71' title='bbox 1253 640 1515 676; x_wconf 76' lang='lat' dir='ltr'><strong>{Iollandia&#39;m</strong></span> <span class='ocrx_word' id='word_1_72' title='bbox 1538 638 1741 683; x_wconf 84' lang='lat' dir='ltr'><strong>incolunt,</strong></span> <span class='ocrx_word' id='word_1_73' title='bbox 1773 638 1930 680; x_wconf 85' lang='lat' dir='ltr'><strong>reliqua</strong></span> 
     </span>
     <span class='ocr_line' id='line_1_10' title="bbox 106 693 1931 742; baseline -0.004 -6"><span class='ocrx_word' id='word_1_74' title='bbox 106 709 216 736; x_wconf 88' lang='lat' dir='ltr'><strong>mere</strong></span> <span class='ocrx_word' id='word_1_75' title='bbox 240 700 474 735; x_wconf 87' lang='lat' dir='ltr'><strong>americana</strong></span> <span class='ocrx_word' id='word_1_76' title='bbox 499 703 606 734; x_wconf 87' lang='lat' dir='ltr'><strong>sunt.</strong></span> <span class='ocrx_word' id='word_1_77' title='bbox 667 696 931 740; x_wconf 79' lang='lat' dir='ltr'><strong>Seeezem‘ae,</strong></span> <span class='ocrx_word' id='word_1_78' title='bbox 963 698 1149 740; x_wconf 88' lang='lat' dir='ltr'><strong>pluribus</strong></span> <span class='ocrx_word' id='word_1_79' title='bbox 1166 698 1273 733; x_wconf 80' lang='lat' dir='ltr'><strong>notis</strong></span> <span class='ocrx_word' id='word_1_80' title='bbox 1290 699 1523 742; x_wconf 82' lang='lat' dir='ltr'><strong>anomalae,</strong></span> <span class='ocrx_word' id='word_1_81' title='bbox 1555 695 1628 730; x_wconf 84' lang='lat' dir='ltr'><strong>vix</strong></span> <span class='ocrx_word' id='word_1_82' title='bbox 1645 698 1777 729; x_wconf 89' lang='lat' dir='ltr'><strong>tamen</strong></span> <span class='ocrx_word' id='word_1_83' title='bbox 1796 704 1816 729; x_wconf 90' lang='lat' dir='ltr'><strong>e</strong></span> <span class='ocrx_word' id='word_1_84' title='bbox 1833 693 1931 729; x_wconf 88' lang='lat' dir='ltr'><strong>reli-</strong></span> 
     </span>
     <span class='ocr_line' id='line_1_11' title="bbox 106 751 1931 803; baseline -0.002 -12"><span class='ocrx_word' id='word_1_85' title='bbox 106 765 273 799; x_wconf 85' lang='lat' dir='ltr'><strong>quorum</strong></span> <span class='ocrx_word' id='word_1_86' title='bbox 300 756 561 792; x_wconf 87' lang='lat' dir='ltr'><strong>contubernio</strong></span> <span class='ocrx_word' id='word_1_87' title='bbox 586 756 875 803; x_wconf 80' lang='lat' dir='ltr'><strong>removendae,</strong></span> <span class='ocrx_word' id='word_1_88' title='bbox 907 754 950 791; x_wconf 90' lang='lat' dir='ltr'><strong>in</strong></span> <span class='ocrx_word' id='word_1_89' title='bbox 972 754 1118 791; x_wconf 84' lang='lat' dir='ltr'><strong>Africa</strong></span> <span class='ocrx_word' id='word_1_90' title='bbox 1140 754 1293 797; x_wconf 84' lang='lat' dir='ltr'><strong>tropica</strong></span> <span class='ocrx_word' id='word_1_91' title='bbox 1316 757 1353 788; x_wconf 90' lang='lat' dir='ltr'><strong>et</strong></span> <span class='ocrx_word' id='word_1_92' title='bbox 1372 754 1414 789; x_wconf 89' lang='lat' dir='ltr'><strong>in</strong></span> <span class='ocrx_word' id='word_1_93' title='bbox 1438 754 1595 789; x_wconf 88' lang='lat' dir='ltr'><strong>deserto</strong></span> <span class='ocrx_word' id='word_1_94' title='bbox 1617 751 1776 788; x_wconf 87' lang='lat' dir='ltr'><strong>sinaico</strong></span> <span class='ocrx_word' id='word_1_95' title='bbox 1792 752 1931 787; x_wconf 85' lang='lat' dir='ltr'><strong>obser-</strong></span> 
     </span>
     <span class='ocr_line' id='line_1_12' title="bbox 106 812 422 849; baseline -0.003 0"><span class='ocrx_word' id='word_1_96' title='bbox 106 815 230 849; x_wconf 77' lang='lat' dir='ltr'><strong>vatae</strong></span> <span class='ocrx_word' id='word_1_97' title='bbox 245 812 422 848; x_wconf 84' lang='lat' dir='ltr'><strong>fuerunt.</strong></span> 
     </span>
    </p>
   </div>
   <div class='ocr_carea' id='block_1_4' title="bbox 105 870 1934 1098">
    <p class='ocr_par' dir='ltr' id='par_1_4' title="bbox 105 870 1934 1098">
     <span class='ocr_line' id='line_1_13' title="bbox 249 870 1934 929; baseline -0.004 -10"><span class='ocrx_word' id='word_1_98' title='bbox 249 875 615 929; x_wconf 64' lang='lat' dir='ltr'><strong>Qualitates</strong></span> <span class='ocrx_word' id='word_1_99' title='bbox 639 883 679 918; x_wconf 84' lang='lat' dir='ltr'><strong>et</strong></span> <span class='ocrx_word' id='word_1_100' title='bbox 702 886 867 919; x_wconf 75' lang='lat' dir='ltr'><strong>usus.</strong></span> <span class='ocrx_word' id='word_1_101' title='bbox 927 881 1301 925; x_wconf 78' lang='lat' dir='ltr'><strong>Zygoplryllearum</strong></span> <span class='ocrx_word' id='word_1_102' title='bbox 1325 880 1482 923; x_wconf 78' lang='lat' dir='ltr'><strong>lignum</strong></span> <span class='ocrx_word' id='word_1_103' title='bbox 1500 870 1722 922; x_wconf 81' lang='lat' dir='ltr'><strong>‘cortexque</strong></span> <span class='ocrx_word' id='word_1_104' title='bbox 1736 875 1934 914; x_wconf 84' lang='lat' dir='ltr'><strong>materiae</strong></span> 
     </span>
     <span class='ocr_line' id='line_1_14' title="bbox 108 936 1934 985; baseline -0.003 -11"><span class='ocrx_word' id='word_1_105' title='bbox 108 936 419 984; x_wconf 62' lang='lat' dir='ltr'><strong>(Gnajac-evme)</strong></span> <span class='ocrx_word' id='word_1_106' title='bbox 441 940 668 985; x_wconf 79' lang='lat' dir='ltr'><strong>resinosae,</strong></span> <span class='ocrx_word' id='word_1_107' title='bbox 698 946 864 973; x_wconf 88' lang='lat' dir='ltr'><strong>amarae</strong></span> <span class='ocrx_word' id='word_1_108' title='bbox 880 940 918 973; x_wconf 83' lang='lat' dir='ltr'><strong>et</strong></span> <span class='ocrx_word' id='word_1_109' title='bbox 934 937 1020 972; x_wconf 89' lang='lat' dir='ltr'><strong>acri</strong></span> <span class='ocrx_word' id='word_1_110' title='bbox 1041 937 1230 972; x_wconf 85' lang='lat' dir='ltr'><strong>virtutem</strong></span> <span class='ocrx_word' id='word_1_111' title='bbox 1255 938 1389 983; x_wconf 83' lang='lat' dir='ltr'><strong>debet,</strong></span> <span class='ocrx_word' id='word_1_112' title='bbox 1424 936 1524 971; x_wconf 83' lang='lat' dir='ltr'><strong>folia</strong></span> <span class='ocrx_word' id='word_1_113' title='bbox 1548 941 1765 979; x_wconf 88' lang='lat' dir='ltr'><strong>partesque</strong></span> <span class='ocrx_word' id='word_1_114' title='bbox 1787 936 1934 969; x_wconf 87' lang='lat' dir='ltr'><strong>herba-</strong></span> 
     </span>
     <span class='ocr_line' id='line_1_15' title="bbox 105 991 1934 1042; baseline -0.003 -11"><span class='ocrx_word' id='word_1_115' title='bbox 105 1005 204 1032; x_wconf 86' lang='lat' dir='ltr'><strong>ceae</strong></span> <span class='ocrx_word' id='word_1_116' title='bbox 222 997 342 1031; x_wconf 90' lang='lat' dir='ltr'><strong>odore</strong></span> <span class='ocrx_word' id='word_1_117' title='bbox 360 995 497 1041; x_wconf 77' lang='lat' dir='ltr'><strong>gravi,</strong></span> <span class='ocrx_word' id='word_1_118' title='bbox 531 999 652 1037; x_wconf 86' lang='lat' dir='ltr'><strong>caput</strong></span> <span class='ocrx_word' id='word_1_119' title='bbox 671 998 850 1029; x_wconf 87' lang='lat' dir='ltr'><strong>tentante</strong></span> <span class='ocrx_word' id='word_1_120' title='bbox 862 1021 873 1042; x_wconf 93' lang='lat'><strong>,</strong></span> <span class='ocrx_word' id='word_1_121' title='bbox 904 998 944 1030; x_wconf 89' lang='lat' dir='ltr'><strong>et</strong></span> <span class='ocrx_word' id='word_1_122' title='bbox 959 997 1119 1038; x_wconf 85' lang='lat' dir='ltr'><strong>praeter</strong></span> <span class='ocrx_word' id='word_1_123' title='bbox 1134 993 1364 1030; x_wconf 88' lang='lat' dir='ltr'><strong>acredinem</strong></span> <span class='ocrx_word' id='word_1_124' title='bbox 1380 994 1581 1029; x_wconf 85' lang='lat' dir='ltr'><strong>interdum</strong></span> <span class='ocrx_word' id='word_1_125' title='bbox 1596 991 1842 1029; x_wconf 85' lang='lat' dir='ltr'><strong>substantiis</strong></span> <span class='ocrx_word' id='word_1_126' title='bbox 1859 991 1934 1026; x_wconf 90' lang='lat' dir='ltr'><strong>ad-</strong></span> 
     </span>
     <span class='ocr_line' id='line_1_16' title="bbox 105 1052 862 1098; baseline -0.003 -9"><span class='ocrx_word' id='word_1_127' title='bbox 105 1052 402 1098; x_wconf 86' lang='lat' dir='ltr'><strong>stringentibus</strong></span> <span class='ocrx_word' id='word_1_128' title='bbox 420 1053 593 1087; x_wconf 84' lang='lat' dir='ltr'><strong>donatae</strong></span> <span class='ocrx_word' id='word_1_129' title='bbox 607 1061 699 1087; x_wconf 84' lang='lat' dir='ltr'><strong>esse</strong></span> <span class='ocrx_word' id='word_1_130' title='bbox 715 1053 862 1087; x_wconf 84' lang='lat' dir='ltr'><strong>solent.</strong></span> 
     </span>
    </p>
   </div>
   <div class='ocr_carea' id='block_1_5' title="bbox 103 1117 1936 2642">
    <p class='ocr_par' dir='ltr' id='par_1_5' title="bbox 103 1117 1936 2642">
     <span class='ocr_line' id='line_1_17' title="bbox 246 1117 1933 1170; baseline -0.002 -12"><span class='ocrx_word' id='word_1_131' title='bbox 246 1122 368 1166; x_wconf 81' lang='lat' dir='ltr'><strong>Ligni</strong></span> <span class='ocrx_word' id='word_1_132' title='bbox 402 1120 593 1168; x_wconf 69' lang='lat' dir='ltr'><strong>Guajacz?</strong></span> <span class='ocrx_word' id='word_1_133' title='bbox 620 1117 857 1170; x_wconf 67' lang='lat' dir='ltr'><strong>officinalis</strong></span> <span class='ocrx_word' id='word_1_134' title='bbox 887 1120 1008 1157; x_wconf 90' lang='lat' dir='ltr'><strong>Linn.</strong></span> <span class='ocrx_word' id='word_1_135' title='bbox 1040 1119 1188 1165; x_wconf 80' lang='lat' dir='ltr'><strong>[Ligni</strong></span> <span class='ocrx_word' id='word_1_136' title='bbox 1213 1119 1386 1163; x_wconf 84' lang='lat' dir='ltr'><strong>Guajaci</strong></span> <span class='ocrx_word' id='word_1_137' title='bbox 1410 1130 1443 1156; x_wconf 90' lang='lat' dir='ltr'><strong>s.</strong></span> <span class='ocrx_word' id='word_1_138' title='bbox 1469 1119 1622 1166; x_wconf 84' lang='lat' dir='ltr'><strong>sancti,</strong></span> <span class='ocrx_word' id='word_1_139' title='bbox 1655 1121 1777 1163; x_wconf 80' lang='lat' dir='ltr'><strong>vulgo</strong></span> <span class='ocrx_word' id='word_1_140' title='bbox 1801 1118 1933 1154; x_wconf 85' lang='lat' dir='ltr'><strong>Fran-</strong></span> 
     </span>
     <span class='ocr_line' id='line_1_18' title="bbox 104 1176 1929 1225; baseline -0.003 -10"><span class='ocrx_word' id='word_1_141' title='bbox 104 1178 371 1225; x_wconf 83' lang='lat' dir='ltr'><strong>zosenholz),</strong></span> <span class='ocrx_word' id='word_1_142' title='bbox 404 1179 560 1215; x_wconf 88' lang='lat' dir='ltr'><strong>arboris</strong></span> <span class='ocrx_word' id='word_1_143' title='bbox 585 1180 833 1225; x_wconf 88' lang='lat' dir='ltr'><strong>antillanae,</strong></span> <span class='ocrx_word' id='word_1_144' title='bbox 865 1186 1015 1221; x_wconf 84' lang='lat' dir='ltr'><strong>magna</strong></span> <span class='ocrx_word' id='word_1_145' title='bbox 1040 1177 1151 1212; x_wconf 87' lang='lat' dir='ltr'><strong>fama</strong></span> <span class='ocrx_word' id='word_1_146' title='bbox 1176 1181 1255 1223; x_wconf 87' lang='lat' dir='ltr'><strong>est,</strong></span> <span class='ocrx_word' id='word_1_147' title='bbox 1292 1186 1410 1219; x_wconf 87' lang='lat' dir='ltr'><strong>quam</strong></span> <span class='ocrx_word' id='word_1_148' title='bbox 1435 1180 1602 1212; x_wconf 85' lang='lat' dir='ltr'><strong>saeculo</strong></span> <span class='ocrx_word' id='word_1_149' title='bbox 1629 1176 1782 1211; x_wconf 85' lang='lat' dir='ltr'><strong>decimo</strong></span> <span class='ocrx_word' id='word_1_150' title='bbox 1800 1179 1929 1221; x_wconf 80' lang='lat' dir='ltr'><strong>sexto,</strong></span> 
     </span>
     <span class='ocr_line' id='line_1_19' title="bbox 105 1228 1933 1279; baseline -0.003 -8"><span class='ocrx_word' id='word_1_151' title='bbox 105 1236 395 1279; x_wconf 83' lang='lat' dir='ltr'><strong>quaerentibus</strong></span> <span class='ocrx_word' id='word_1_152' title='bbox 421 1240 514 1271; x_wconf 86' lang='lat' dir='ltr'><strong>tunc</strong></span> <span class='ocrx_word' id='word_1_153' title='bbox 539 1237 644 1271; x_wconf 90' lang='lat' dir='ltr'><strong>inter</strong></span> <span class='ocrx_word' id='word_1_154' title='bbox 667 1245 797 1277; x_wconf 84' lang='lat' dir='ltr'><strong>nuper</strong></span> <span class='ocrx_word' id='word_1_155' title='bbox 819 1239 985 1278; x_wconf 85' lang='lat' dir='ltr'><strong>apertae</strong></span> <span class='ocrx_word' id='word_1_156' title='bbox 1001 1234 1216 1269; x_wconf 88' lang='lat' dir='ltr'><strong>Americae</strong></span> <span class='ocrx_word' id='word_1_157' title='bbox 1241 1237 1460 1277; x_wconf 86' lang='lat' dir='ltr'><strong>pharmaca</strong></span> <span class='ocrx_word' id='word_1_158' title='bbox 1485 1244 1554 1276; x_wconf 87' lang='lat' dir='ltr'><strong>pro</strong></span> <span class='ocrx_word' id='word_1_159' title='bbox 1579 1228 1687 1269; x_wconf 78' lang='lat' dir='ltr'><strong>nova</strong></span> <span class='ocrx_word' id='word_1_160' title='bbox 1709 1235 1778 1267; x_wconf 88' lang='lat' dir='ltr'><strong>lue</strong></span> <span class='ocrx_word' id='word_1_161' title='bbox 1803 1241 1933 1267; x_wconf 82' lang='lat' dir='ltr'><strong>reme-</strong></span> 
     </span>
     <span class='ocr_line' id='line_1_20' title="bbox 105 1290 1935 1338; baseline -0.003 -10"><span class='ocrx_word' id='word_1_162' title='bbox 105 1293 237 1338; x_wconf 83' lang='lat' dir='ltr'><strong>dium,</strong></span> <span class='ocrx_word' id='word_1_163' title='bbox 270 1293 404 1335; x_wconf 89' lang='lat' dir='ltr'><strong>plenis</strong></span> <span class='ocrx_word' id='word_1_164' title='bbox 427 1293 624 1335; x_wconf 84' lang='lat' dir='ltr'><strong>imprimis</strong></span> <span class='ocrx_word' id='word_1_165' title='bbox 644 1295 934 1328; x_wconf 85' lang='lat' dir='ltr'><strong>Germanorum</strong></span> <span class='ocrx_word' id='word_1_166' title='bbox 957 1291 1396 1334; x_wconf 83' lang='lat' dir='ltr'><strong>buccispraedicatam</strong></span> <span class='ocrx_word' id='word_1_167' title='bbox 1413 1295 1583 1325; x_wconf 37' lang='lat' dir='ltr'><strong>constat..</strong></span> <span class='ocrx_word' id='word_1_168' title='bbox 1642 1290 1751 1324; x_wconf 87' lang='lat' dir='ltr'><strong>Usus</strong></span> <span class='ocrx_word' id='word_1_169' title='bbox 1769 1292 1935 1331; x_wconf 89' lang='lat' dir='ltr'><strong>plantae</strong></span> 
     </span>
     <span class='ocr_line' id='line_1_21' title="bbox 103 1347 1932 1393; baseline -0.003 -8"><span class='ocrx_word' id='word_1_170' title='bbox 103 1350 319 1386; x_wconf 83' lang='lat' dir='ltr'><strong>hodiedum</strong></span> <span class='ocrx_word' id='word_1_171' title='bbox 351 1358 430 1384; x_wconf 91' lang='lat' dir='ltr'><strong>non</strong></span> <span class='ocrx_word' id='word_1_172' title='bbox 460 1348 712 1391; x_wconf 85' lang='lat' dir='ltr'><strong>infrequens.</strong></span> <span class='ocrx_word' id='word_1_173' title='bbox 777 1349 953 1392; x_wconf 83' lang='lat' dir='ltr'><strong>Lignum</strong></span> <span class='ocrx_word' id='word_1_174' title='bbox 981 1350 1130 1383; x_wconf 78' lang='lat' dir='ltr'><strong>venale</strong></span> <span class='ocrx_word' id='word_1_175' title='bbox 1162 1351 1324 1383; x_wconf 82' lang='lat' dir='ltr'><strong>truncos</strong></span> <span class='ocrx_word' id='word_1_176' title='bbox 1355 1348 1466 1383; x_wconf 79' lang='lat' dir='ltr'><strong>offert</strong></span> <span class='ocrx_word' id='word_1_177' title='bbox 1499 1349 1642 1393; x_wconf 88' lang='lat' dir='ltr'><strong>duros,</strong></span> <span class='ocrx_word' id='word_1_178' title='bbox 1675 1347 1932 1391; x_wconf 86' lang='lat' dir='ltr'><strong>ponderosos,</strong></span> 
     </span>
     <span class='ocr_line' id='line_1_22' title="bbox 105 1402 1933 1452; baseline -0.003 -10"><span class='ocrx_word' id='word_1_179' title='bbox 105 1415 128 1442; x_wconf 87' lang='lat' dir='ltr'><strong>e</strong></span> <span class='ocrx_word' id='word_1_180' title='bbox 160 1406 274 1441; x_wconf 81' lang='lat' dir='ltr'><strong>fusco</strong></span> <span class='ocrx_word' id='word_1_181' title='bbox 304 1406 480 1452; x_wconf 79' lang='lat' dir='ltr'><strong>virideS,</strong></span> <span class='ocrx_word' id='word_1_182' title='bbox 512 1414 637 1449; x_wconf 88' lang='lat' dir='ltr'><strong>saepe</strong></span> <span class='ocrx_word' id='word_1_183' title='bbox 667 1404 923 1452; x_wconf 76' lang='lat' dir='ltr'><strong>variegatos,</strong></span> <span class='ocrx_word' id='word_1_184' title='bbox 955 1405 1100 1440; x_wconf 83' lang='lat' dir='ltr'><strong>cortice</strong></span> <span class='ocrx_word' id='word_1_185' title='bbox 1132 1407 1270 1450; x_wconf 89' lang='lat' dir='ltr'><strong>orbos,</strong></span> <span class='ocrx_word' id='word_1_186' title='bbox 1303 1405 1375 1440; x_wconf 89' lang='lat' dir='ltr'><strong>sed</strong></span> <span class='ocrx_word' id='word_1_187' title='bbox 1406 1404 1605 1439; x_wconf 80' lang='lat' dir='ltr'><strong>interdurn</strong></span> <span class='ocrx_word' id='word_1_188' title='bbox 1636 1405 1806 1438; x_wconf 87' lang='lat' dir='ltr'><strong>alburno</strong></span> <span class='ocrx_word' id='word_1_189' title='bbox 1830 1402 1933 1437; x_wconf 76' lang='lat' dir='ltr'><strong>flavo</strong></span> 
     </span>
     <span class='ocr_line' id='line_1_23' title="bbox 106 1460 1934 1509; baseline -0.002 -11"><span class='ocrx_word' id='word_1_190' title='bbox 106 1462 280 1507; x_wconf 87' lang='lat' dir='ltr'><strong>cinctos,</strong></span> <span class='ocrx_word' id='word_1_191' title='bbox 307 1463 440 1497; x_wconf 90' lang='lat' dir='ltr'><strong>odoris</strong></span> <span class='ocrx_word' id='word_1_192' title='bbox 456 1462 603 1497; x_wconf 80' lang='lat' dir='ltr'><strong>leviter</strong></span> <span class='ocrx_word' id='word_1_193' title='bbox 619 1462 851 1509; x_wconf 85' lang='lat' dir='ltr'><strong>aromatici,</strong></span> <span class='ocrx_word' id='word_1_194' title='bbox 877 1462 1038 1505; x_wconf 78' lang='lat' dir='ltr'><strong>saporis</strong></span> <span class='ocrx_word' id='word_1_195' title='bbox 1056 1461 1166 1497; x_wconf 87' lang='lat' dir='ltr'><strong>acris</strong></span> <span class='ocrx_word' id='word_1_196' title='bbox 1183 1465 1221 1496; x_wconf 80' lang='lat' dir='ltr'><strong>et</strong></span> <span class='ocrx_word' id='word_1_197' title='bbox 1238 1461 1380 1497; x_wconf 88' lang='lat' dir='ltr'><strong>amari.</strong></span> <span class='ocrx_word' id='word_1_198' title='bbox 1419 1462 1553 1503; x_wconf 89' lang='lat' dir='ltr'><strong>Ilujus</strong></span> <span class='ocrx_word' id='word_1_199' title='bbox 1570 1460 1769 1502; x_wconf 85' lang='lat' dir='ltr'><strong>imprimis</strong></span> <span class='ocrx_word' id='word_1_200' title='bbox 1786 1467 1934 1494; x_wconf 85' lang='lat' dir='ltr'><strong>rasura</strong></span> 
     </span>
     <span class='ocr_line' id='line_1_24' title="bbox 104 1517 1931 1562; baseline -0.002 -8"><span class='ocrx_word' id='word_1_201' title='bbox 104 1519 148 1554; x_wconf 91' lang='lat' dir='ltr'><strong>in</strong></span> <span class='ocrx_word' id='word_1_202' title='bbox 186 1519 360 1554; x_wconf 83' lang='lat' dir='ltr'><strong>officinis</strong></span> <span class='ocrx_word' id='word_1_203' title='bbox 397 1521 561 1561; x_wconf 80' lang='lat' dir='ltr'><strong>prostat.</strong></span> <span class='ocrx_word' id='word_1_204' title='bbox 628 1519 800 1554; x_wconf 84' lang='lat' dir='ltr'><strong>Corticis</strong></span> <span class='ocrx_word' id='word_1_205' title='bbox 835 1529 927 1555; x_wconf 91' lang='lat' dir='ltr'><strong>cum</strong></span> <span class='ocrx_word' id='word_1_206' title='bbox 964 1519 1190 1562; x_wconf 78' lang='lat' dir='ltr'><strong>insigniore</strong></span> <span class='ocrx_word' id='word_1_207' title='bbox 1228 1518 1414 1553; x_wconf 82' lang='lat' dir='ltr'><strong>amaritie</strong></span> <span class='ocrx_word' id='word_1_208' title='bbox 1445 1517 1652 1553; x_wconf 83' lang='lat' dir='ltr'><strong>ardentior</strong></span> <span class='ocrx_word' id='word_1_209' title='bbox 1680 1517 1826 1552; x_wconf 87' lang='lat' dir='ltr'><strong>acredo</strong></span> <span class='ocrx_word' id='word_1_210' title='bbox 1858 1518 1931 1550; x_wconf 86' lang='lat' dir='ltr'><strong>est.</strong></span> 
     </span>
     <span class='ocr_line' id='line_1_25' title="bbox 104 1573 1935 1621; baseline -0.003 -10"><span class='ocrx_word' id='word_1_211' title='bbox 104 1574 327 1618; x_wconf 86' lang='lat' dir='ltr'><strong>Utriusque</strong></span> <span class='ocrx_word' id='word_1_212' title='bbox 349 1575 480 1610; x_wconf 82' lang='lat' dir='ltr'><strong>virtus</strong></span> <span class='ocrx_word' id='word_1_213' title='bbox 503 1575 743 1621; x_wconf 90' lang='lat' dir='ltr'><strong>stimulans,</strong></span> <span class='ocrx_word' id='word_1_214' title='bbox 776 1576 1015 1618; x_wconf 71' lang='lat' dir='ltr'><strong>systematis</strong></span> <span class='ocrx_word' id='word_1_215' title='bbox 1039 1583 1230 1611; x_wconf 84' lang='lat' dir='ltr'><strong>vasorum</strong></span> <span class='ocrx_word' id='word_1_216' title='bbox 1252 1574 1381 1610; x_wconf 84' lang='lat' dir='ltr'><strong>vitam</strong></span> <span class='ocrx_word' id='word_1_217' title='bbox 1404 1574 1596 1619; x_wconf 87' lang='lat' dir='ltr'><strong>intendit,</strong></span> <span class='ocrx_word' id='word_1_218' title='bbox 1629 1573 1879 1608; x_wconf 87' lang='lat' dir='ltr'><strong>secretiones</strong></span> <span class='ocrx_word' id='word_1_219' title='bbox 1896 1573 1935 1606; x_wconf 88' lang='lat' dir='ltr'><strong>et</strong></span> 
     </span>
     <span class='ocr_line' id='line_1_26' title="bbox 104 1629 1933 1678; baseline -0.003 -10"><span class='ocrx_word' id='word_1_220' title='bbox 104 1633 361 1668; x_wconf 85' lang='lat' dir='ltr'><strong>excretiones</strong></span> <span class='ocrx_word' id='word_1_221' title='bbox 391 1640 578 1678; x_wconf 87' lang='lat' dir='ltr'><strong>serosas,</strong></span> <span class='ocrx_word' id='word_1_222' title='bbox 611 1632 990 1678; x_wconf 86' lang='lat' dir='ltr'><strong>transpirationem,</strong></span> <span class='ocrx_word' id='word_1_223' title='bbox 1020 1632 1166 1667; x_wconf 88' lang='lat' dir='ltr'><strong>urinae</strong></span> <span class='ocrx_word' id='word_1_224' title='bbox 1190 1632 1362 1677; x_wconf 84' lang='lat' dir='ltr'><strong>fluxum,</strong></span> <span class='ocrx_word' id='word_1_225' title='bbox 1395 1635 1433 1666; x_wconf 85' lang='lat' dir='ltr'><strong>et</strong></span> <span class='ocrx_word' id='word_1_226' title='bbox 1457 1631 1728 1666; x_wconf 87' lang='lat' dir='ltr'><strong>excretionem</strong></span> <span class='ocrx_word' id='word_1_227' title='bbox 1752 1629 1933 1665; x_wconf 73' lang='lat' dir='ltr'><strong>alvinam</strong></span> 
     </span>
     <span class='ocr_line' id='line_1_27' title="bbox 103 1684 1934 1734; baseline -0.002 -10"><span class='ocrx_word' id='word_1_228' title='bbox 103 1689 227 1726; x_wconf 88' lang='lat' dir='ltr'><strong>simul</strong></span> <span class='ocrx_word' id='word_1_229' title='bbox 245 1693 377 1732; x_wconf 84' lang='lat' dir='ltr'><strong>auget.</strong></span> <span class='ocrx_word' id='word_1_230' title='bbox 408 1688 577 1734; x_wconf 86' lang='lat' dir='ltr'><strong>Resina,</strong></span> <span class='ocrx_word' id='word_1_231' title='bbox 602 1697 707 1731; x_wconf 88' lang='lat' dir='ltr'><strong>quae</strong></span> <span class='ocrx_word' id='word_1_232' title='bbox 724 1698 775 1724; x_wconf 83' lang='lat' dir='ltr'><strong>ex</strong></span> <span class='ocrx_word' id='word_1_233' title='bbox 792 1689 921 1724; x_wconf 88' lang='lat' dir='ltr'><strong>inciso</strong></span> <span class='ocrx_word' id='word_1_234' title='bbox 940 1694 1080 1724; x_wconf 90' lang='lat' dir='ltr'><strong>trunco</strong></span> <span class='ocrx_word' id='word_1_235' title='bbox 1097 1692 1249 1734; x_wconf 87' lang='lat' dir='ltr'><strong>manat,</strong></span> <span class='ocrx_word' id='word_1_236' title='bbox 1272 1697 1311 1723; x_wconf 86' lang='lat' dir='ltr'><strong>v.</strong></span> <span class='ocrx_word' id='word_1_237' title='bbox 1330 1688 1468 1723; x_wconf 85' lang='lat' dir='ltr'><strong>siccae</strong></span> <span class='ocrx_word' id='word_1_238' title='bbox 1485 1686 1777 1722; x_wconf 78' lang='lat' dir='ltr'><strong>destinationis</strong></span> <span class='ocrx_word' id='word_1_239' title='bbox 1793 1684 1934 1728; x_wconf 83' lang='lat' dir='ltr'><strong>specie</strong></span> 
     </span>
     <span class='ocr_line' id='line_1_28' title="bbox 104 1740 1934 1792; baseline -0.004 -10"><span class='ocrx_word' id='word_1_240' title='bbox 104 1755 127 1782; x_wconf 84' lang='lat' dir='ltr'><strong>e</strong></span> <span class='ocrx_word' id='word_1_241' title='bbox 144 1746 255 1790; x_wconf 83' lang='lat' dir='ltr'><strong>ligno</strong></span> <span class='ocrx_word' id='word_1_242' title='bbox 272 1748 435 1781; x_wconf 85' lang='lat' dir='ltr'><strong>obtenta</strong></span> <span class='ocrx_word' id='word_1_243' title='bbox 452 1755 503 1781; x_wconf 86' lang='lat' dir='ltr'><strong>ex</strong></span> <span class='ocrx_word' id='word_1_244' title='bbox 518 1745 712 1781; x_wconf 83' lang='lat' dir='ltr'><strong>America</strong></span> <span class='ocrx_word' id='word_1_245' title='bbox 729 1745 963 1792; x_wconf 77' lang='lat' dir='ltr'><strong>advehitur,</strong></span> <span class='ocrx_word' id='word_1_246' title='bbox 1001 1741 1181 1779; x_wconf 67' lang='lat' dir='ltr'><strong>Resia‘ae</strong></span> <span class='ocrx_word' id='word_1_247' title='bbox 1200 1741 1391 1788; x_wconf 65' lang='lat' dir='ltr'><strong>Guajacz·</strong></span> <span class='ocrx_word' id='word_1_248' title='bbox 1404 1743 1580 1778; x_wconf 69' lang='lat' dir='ltr'><strong>nativae</strong></span> <span class='ocrx_word' id='word_1_249' title='bbox 1608 1744 1768 1778; x_wconf 85' lang='lat' dir='ltr'><strong>nomine</strong></span> <span class='ocrx_word' id='word_1_250' title='bbox 1786 1743 1827 1777; x_wconf 86' lang='lat' dir='ltr'><strong>in</strong></span> <span class='ocrx_word' id='word_1_251' title='bbox 1844 1740 1934 1776; x_wconf 86' lang='lat' dir='ltr'><strong>offi-</strong></span> 
     </span>
     <span class='ocr_line' id='line_1_29' title="bbox 105 1796 1934 1849; baseline -0.002 -12"><span class='ocrx_word' id='word_1_252' title='bbox 105 1802 212 1837; x_wconf 84' lang='lat' dir='ltr'><strong>cinis</strong></span> <span class='ocrx_word' id='word_1_253' title='bbox 230 1807 404 1849; x_wconf 88' lang='lat' dir='ltr'><strong>prostat,</strong></span> <span class='ocrx_word' id='word_1_254' title='bbox 431 1812 587 1837; x_wconf 90' lang='lat' dir='ltr'><strong>omnem</strong></span> <span class='ocrx_word' id='word_1_255' title='bbox 604 1802 706 1846; x_wconf 78' lang='lat' dir='ltr'><strong>ligni</strong></span> <span class='ocrx_word' id='word_1_256' title='bbox 723 1802 805 1837; x_wconf 73' lang='lat' dir='ltr'><strong>vim</strong></span> <span class='ocrx_word' id='word_1_257' title='bbox 823 1803 864 1838; x_wconf 93' lang='lat' dir='ltr'><strong>in</strong></span> <span class='ocrx_word' id='word_1_258' title='bbox 881 1811 1059 1837; x_wconf 86' lang='lat' dir='ltr'><strong>massam</strong></span> <span class='ocrx_word' id='word_1_259' title='bbox 1079 1802 1270 1837; x_wconf 87' lang='lat' dir='ltr'><strong>minorem</strong></span> <span class='ocrx_word' id='word_1_260' title='bbox 1287 1805 1533 1837; x_wconf 88' lang='lat' dir='ltr'><strong>contractam</strong></span> <span class='ocrx_word' id='word_1_261' title='bbox 1551 1801 1776 1835; x_wconf 86' lang='lat' dir='ltr'><strong>continens.</strong></span> <span class='ocrx_word' id='word_1_262' title='bbox 1814 1796 1934 1833; x_wconf 85' lang='lat' dir='ltr'><strong>Resi-</strong></span> 
     </span>
     <span class='ocr_line' id='line_1_30' title="bbox 103 1856 1934 1906; baseline -0.003 -11"><span class='ocrx_word' id='word_1_263' title='bbox 103 1868 219 1906; x_wconf 86' lang='lat' dir='ltr'><strong>nam,</strong></span> <span class='ocrx_word' id='word_1_264' title='bbox 253 1869 372 1902; x_wconf 85' lang='lat' dir='ltr'><strong>quam</strong></span> <span class='ocrx_word' id='word_1_265' title='bbox 397 1870 418 1895; x_wconf 93' lang='lat' dir='ltr'><strong>e</strong></span> <span class='ocrx_word' id='word_1_266' title='bbox 440 1859 544 1903; x_wconf 82' lang='lat' dir='ltr'><strong>ligni</strong></span> <span class='ocrx_word' id='word_1_267' title='bbox 568 1859 652 1894; x_wconf 87' lang='lat' dir='ltr'><strong>rasi</strong></span> <span class='ocrx_word' id='word_1_268' title='bbox 677 1859 853 1894; x_wconf 88' lang='lat' dir='ltr'><strong>tinctura</strong></span> <span class='ocrx_word' id='word_1_269' title='bbox 877 1859 1105 1894; x_wconf 87' lang='lat' dir='ltr'><strong>alcoholica</strong></span> <span class='ocrx_word' id='word_1_270' title='bbox 1130 1859 1408 1894; x_wconf 84' lang='lat' dir='ltr'><strong>destillatione</strong></span> <span class='ocrx_word' id='word_1_271' title='bbox 1432 1858 1583 1893; x_wconf 87' lang='lat' dir='ltr'><strong>nostris</strong></span> <span class='ocrx_word' id='word_1_272' title='bbox 1607 1857 1649 1892; x_wconf 89' lang='lat' dir='ltr'><strong>in</strong></span> <span class='ocrx_word' id='word_1_273' title='bbox 1667 1856 1840 1892; x_wconf 86' lang='lat' dir='ltr'><strong>officinis</strong></span> <span class='ocrx_word' id='word_1_274' title='bbox 1860 1863 1934 1898; x_wconf 89' lang='lat' dir='ltr'><strong>pa-</strong></span> 
     </span>
     <span class='ocr_line' id='line_1_31' title="bbox 105 1910 1933 1962; baseline -0.003 -10"><span class='ocrx_word' id='word_1_275' title='bbox 105 1920 226 1962; x_wconf 79' lang='lat' dir='ltr'><strong>rant,</strong></span> <span class='ocrx_word' id='word_1_276' title='bbox 251 1916 479 1952; x_wconf 86' lang='lat' dir='ltr'><strong>artificialis</strong></span> <span class='ocrx_word' id='word_1_277' title='bbox 504 1915 673 1958; x_wconf 56' lang='lat' dir='ltr'><strong>,nomine</strong></span> <span class='ocrx_word' id='word_1_278' title='bbox 705 1916 956 1960; x_wconf 79' lang='lat' dir='ltr'><strong>distinguere</strong></span> <span class='ocrx_word' id='word_1_279' title='bbox 986 1918 1130 1951; x_wconf 87' lang='lat' dir='ltr'><strong>solent.</strong></span> <span class='ocrx_word' id='word_1_280' title='bbox 1193 1912 1558 1960; x_wconf 41' lang='lat' dir='ltr'><strong>Gaajam‘asancce·</strong></span> <span class='ocrx_word' id='word_1_281' title='bbox 1585 1913 1800 1959; x_wconf 53' lang='lat' dir='ltr'><strong>Liuius-in</strong></span> <span class='ocrx_word' id='word_1_282' title='bbox 1825 1910 1933 1947; x_wconf 89' lang='lat' dir='ltr'><strong>omni</strong></span> 
     </span>
     <span class='ocr_line' id='line_1_32' title="bbox 104 1968 1935 2019; baseline -0.003 -11"><span class='ocrx_word' id='word_1_283' title='bbox 104 1973 299 2009; x_wconf 87' lang='lat' dir='ltr'><strong>America</strong></span> <span class='ocrx_word' id='word_1_284' title='bbox 322 1973 479 2015; x_wconf 81' lang='lat' dir='ltr'><strong>tropica¹</strong></span> <span class='ocrx_word' id='word_1_285' title='bbox 500 1972 630 2018; x_wconf 81' lang='lat' dir='ltr'><strong>obvii,</strong></span> <span class='ocrx_word' id='word_1_286' title='bbox 650 1969 797 2008; x_wconf 64' lang='lat' dir='ltr'><strong>&#39;virtus</strong></span> <span class='ocrx_word' id='word_1_287' title='bbox 813 1973 922 2008; x_wconf 88' lang='lat' dir='ltr'><strong>haud</strong></span> <span class='ocrx_word' id='word_1_288' title='bbox 938 1973 1069 2008; x_wconf 81' lang='lat' dir='ltr'><strong>minor</strong></span> <span class='ocrx_word' id='word_1_289' title='bbox 1084 1972 1337 2019; x_wconf 85' lang='lat' dir='ltr'><strong>perhibetur,</strong></span> <span class='ocrx_word' id='word_1_290' title='bbox 1370 1972 1471 2007; x_wconf 90' lang='lat' dir='ltr'><strong>usus</strong></span> <span class='ocrx_word' id='word_1_291' title='bbox 1488 1976 1605 2007; x_wconf 81' lang='lat' dir='ltr'><strong>extra</strong></span> <span class='ocrx_word' id='word_1_292' title='bbox 1622 1970 1850 2006; x_wconf 70' lang='lat' dir='ltr'><strong>American)</strong></span> <span class='ocrx_word' id='word_1_293' title='bbox 1868 1968 1935 2003; x_wconf 91' lang='lat' dir='ltr'><strong>in-</strong></span> 
     </span>
     <span class='ocr_line' id='line_1_33' title="bbox 103 2024 1936 2073; baseline -0.003 -8"><span class='ocrx_word' id='word_1_294' title='bbox 103 2028 311 2072; x_wconf 80' lang='lat' dir='ltr'><strong>frequens.</strong></span> <span class='ocrx_word' id='word_1_295' title='bbox 369 2029 569 2072; x_wconf 89' lang='lat' dir='ltr'><strong>Reliquae</strong></span> <span class='ocrx_word' id='word_1_296' title='bbox 592 2038 840 2073; x_wconf 87' lang='lat' dir='ltr'><strong>congeneres</strong></span> <span class='ocrx_word' id='word_1_297' title='bbox 863 2032 901 2064; x_wconf 74' lang='lat' dir='ltr'><strong>et.</strong></span> <span class='ocrx_word' id='word_1_298' title='bbox 924 2029 1068 2064; x_wconf 87' lang='lat' dir='ltr'><strong>affines</strong></span> <span class='ocrx_word' id='word_1_299' title='bbox 1085 2030 1221 2064; x_wconf 85' lang='lat' dir='ltr'><strong>minus</strong></span> <span class='ocrx_word' id='word_1_300' title='bbox 1237 2031 1376 2065; x_wconf 82' lang='lat' dir='ltr'><strong>valere</strong></span> <span class='ocrx_word' id='word_1_301' title='bbox 1393 2030 1622 2064; x_wconf 86' lang='lat' dir='ltr'><strong>creduntur.</strong></span> <span class='ocrx_word' id='word_1_302' title='bbox 1681 2024 1936 2063; x_wconf 69' lang='lat' dir='ltr'><strong>Ex&#39;istaru&#39;m</strong></span> 
     </span>
     <span class='ocr_line' id='line_1_34' title="bbox 105 2083 1933 2131; baseline -0.003 -9"><span class='ocrx_word' id='word_1_303' title='bbox 105 2095 271 2122; x_wconf 88' lang='lat' dir='ltr'><strong>numero</strong></span> <span class='ocrx_word' id='word_1_304' title='bbox 290 2084 487 2119; x_wconf 76' lang='lat' dir='ltr'><strong>Porle‘era</strong></span> <span class='ocrx_word' id='word_1_305' title='bbox 503 2084 794 2131; x_wconf 70' lang='lat' dir='ltr'><strong>hygro&#39;mecz&#39;ca</strong></span> <span class='ocrx_word' id='word_1_306' title='bbox 811 2086 930 2122; x_wconf 85' lang='lat' dir='ltr'><strong>Ruiz.</strong></span> <span class='ocrx_word' id='word_1_307' title='bbox 948 2091 986 2122; x_wconf 84' lang='lat' dir='ltr'><strong>et</strong></span> <span class='ocrx_word' id='word_1_308' title='bbox 1002 2087 1104 2122; x_wconf 87' lang='lat' dir='ltr'><strong>Pav.</strong></span> <span class='ocrx_word' id='word_1_309' title='bbox 1126 2085 1326 2129; x_wconf 87' lang='lat' dir='ltr'><strong>imprimis</strong></span> <span class='ocrx_word' id='word_1_310' title='bbox 1343 2085 1609 2131; x_wconf 85' lang='lat' dir='ltr'><strong>nominanda,</strong></span> <span class='ocrx_word' id='word_1_311' title='bbox 1644 2083 1779 2118; x_wconf 83' lang='lat' dir='ltr'><strong>frutex</strong></span> <span class='ocrx_word' id='word_1_312' title='bbox 1796 2083 1838 2118; x_wconf 91' lang='lat' dir='ltr'><strong>in</strong></span> <span class='ocrx_word' id='word_1_313' title='bbox 1854 2083 1933 2117; x_wconf 86' lang='lat' dir='ltr'><strong>Pe-</strong></span> 
     </span>
     <span class='ocr_line' id='line_1_35' title="bbox 104 2140 1934 2188; baseline -0.003 -10"><span class='ocrx_word' id='word_1_314' title='bbox 104 2143 227 2179; x_wconf 69' lang='lat' dir='ltr'><strong>ruvia</strong></span> <span class='ocrx_word' id='word_1_315' title='bbox 251 2147 287 2178; x_wconf 90' lang='lat' dir='ltr'><strong>et</strong></span> <span class='ocrx_word' id='word_1_316' title='bbox 306 2143 667 2188; x_wconf 76' lang='lat' dir='ltr'><strong>cirili-indigenus,</strong></span> <span class='ocrx_word' id='word_1_317' title='bbox 700 2142 855 2179; x_wconf 86' lang='lat' dir='ltr'><strong>foliolis</strong></span> <span class='ocrx_word' id='word_1_318' title='bbox 872 2143 1052 2178; x_wconf 88' lang='lat' dir='ltr'><strong>instante</strong></span> <span class='ocrx_word' id='word_1_319' title='bbox 1068 2142 1212 2185; x_wconf 83' lang='lat' dir='ltr'><strong>pluvia</strong></span> <span class='ocrx_word' id='word_1_320' title='bbox 1227 2141 1483 2185; x_wconf 87' lang='lat' dir='ltr'><strong>complicatis</strong></span> <span class='ocrx_word' id='word_1_321' title='bbox 1499 2140 1741 2185; x_wconf 75' lang='lat' dir='ltr'><strong>singularis.</strong></span> <span class='ocrx_word' id='word_1_322' title='bbox 1801 2140 1934 2175; x_wconf 83' lang='lat' dir='ltr'><strong>Arbo-</strong></span> 
     </span>
     <span class='ocr_line' id='line_1_36' title="bbox 103 2198 1936 2243; baseline -0.003 -8"><span class='ocrx_word' id='word_1_323' title='bbox 103 2199 349 2241; x_wconf 86' lang='lat' dir='ltr'><strong>resceutium</strong></span> <span class='ocrx_word' id='word_1_324' title='bbox 366 2199 736 2242; x_wconf 87' lang='lat' dir='ltr'><strong>fruticosarumque</strong></span> <span class='ocrx_word' id='word_1_325' title='bbox 750 2199 906 2243; x_wconf 84' lang='lat' dir='ltr'><strong>lignum</strong></span> <span class='ocrx_word' id='word_1_326' title='bbox 924 2199 1079 2243; x_wconf 79' lang='lat' dir='ltr'><strong>insigni</strong></span> <span class='ocrx_word' id='word_1_327' title='bbox 1096 2198 1244 2235; x_wconf 87' lang='lat' dir='ltr'><strong>duritie</strong></span> <span class='ocrx_word' id='word_1_328' title='bbox 1259 2202 1489 2241; x_wconf 87' lang='lat' dir='ltr'><strong>praestans.</strong></span> <span class='ocrx_word' id='word_1_329' title='bbox 1535 2199 1837 2232; x_wconf 81' lang='lat' dir='ltr'><strong>Ilerbacearum</strong></span> <span class='ocrx_word' id='word_1_330' title='bbox 1854 2204 1936 2231; x_wconf 87' lang='lat' dir='ltr'><strong>non</strong></span> 
     </span>
     <span class='ocr_line' id='line_1_37' title="bbox 103 2252 1934 2302; baseline -0.003 -10"><span class='ocrx_word' id='word_1_331' title='bbox 103 2259 236 2294; x_wconf 86' lang='lat' dir='ltr'><strong>multa</strong></span> <span class='ocrx_word' id='word_1_332' title='bbox 257 2258 351 2292; x_wconf 89' lang='lat' dir='ltr'><strong>laus</strong></span> <span class='ocrx_word' id='word_1_333' title='bbox 376 2259 450 2292; x_wconf 83' lang='lat' dir='ltr'><strong>est.</strong></span> <span class='ocrx_word' id='word_1_334' title='bbox 483 2291 487 2299; x_wconf 74' lang='grc'><em>,</em></span> <span class='ocrx_word' id='word_1_335' title='bbox 511 2252 819 2302; x_wconf 69' lang='lat' dir='ltr'><strong>Zygophyllum</strong></span> <span class='ocrx_word' id='word_1_336' title='bbox 835 2252 1009 2302; x_wconf 74' lang='lat' dir='ltr'><strong>Fabago</strong></span> <span class='ocrx_word' id='word_1_337' title='bbox 1026 2256 1167 2301; x_wconf 87' lang='lat' dir='ltr'><strong>Linn.,</strong></span> <span class='ocrx_word' id='word_1_338' title='bbox 1201 2257 1304 2298; x_wconf 91' lang='lat' dir='ltr'><strong>quod</strong></span> <span class='ocrx_word' id='word_1_339' title='bbox 1327 2255 1369 2290; x_wconf 91' lang='lat' dir='ltr'><strong>in</strong></span> <span class='ocrx_word' id='word_1_340' title='bbox 1386 2254 1532 2294; x_wconf 85' lang='lat' dir='ltr'><strong>Africa</strong></span> <span class='ocrx_word' id='word_1_341' title='bbox 1548 2254 1702 2290; x_wconf 83' lang='lat' dir='ltr'><strong>boreali</strong></span> <span class='ocrx_word' id='word_1_342' title='bbox 1719 2253 1934 2292; x_wconf 77' lang='lat' dir='ltr'><strong>etorieute</strong></span> 
     </span>
     <span class='ocr_line' id='line_1_38' title="bbox 104 2311 1934 2359; baseline -0.003 -10"><span class='ocrx_word' id='word_1_343' title='bbox 104 2313 311 2359; x_wconf 78' lang='lat' dir='ltr'><strong>nascitur,</strong></span> <span class='ocrx_word' id='word_1_344' title='bbox 345 2313 482 2348; x_wconf 84' lang='lat' dir='ltr'><strong>tritum</strong></span> <span class='ocrx_word' id='word_1_345' title='bbox 507 2311 738 2359; x_wconf 81' lang='lat' dir='ltr'><strong>graveolet,</strong></span> <span class='ocrx_word' id='word_1_346' title='bbox 770 2313 936 2349; x_wconf 86' lang='lat' dir='ltr'><strong>remedii</strong></span> <span class='ocrx_word' id='word_1_347' title='bbox 961 2312 1288 2348; x_wconf 88' lang='lat' dir='ltr'><strong>anthelminthici</strong></span> <span class='ocrx_word' id='word_1_348' title='bbox 1305 2315 1343 2347; x_wconf 89' lang='lat' dir='ltr'><strong>et</strong></span> <span class='ocrx_word' id='word_1_349' title='bbox 1360 2311 1677 2354; x_wconf 80' lang='lat' dir='ltr'><strong>antisyphilitici</strong></span> <span class='ocrx_word' id='word_1_350' title='bbox 1695 2311 1815 2345; x_wconf 85' lang='lat' dir='ltr'><strong>laude</strong></span> <span class='ocrx_word' id='word_1_351' title='bbox 1831 2318 1934 2354; x_wconf 84' lang='lat' dir='ltr'><strong>gau-</strong></span> 
     </span>
     <span class='ocr_line' id='line_1_39' title="bbox 105 2365 1934 2414; baseline -0.002 -10"><span class='ocrx_word' id='word_1_352' title='bbox 105 2371 219 2406; x_wconf 89' lang='lat' dir='ltr'><strong>dens.</strong></span> <span class='ocrx_word' id='word_1_353' title='bbox 277 2369 419 2406; x_wconf 83' lang='lat' dir='ltr'><strong>Flores</strong></span> <span class='ocrx_word' id='word_1_354' title='bbox 438 2370 712 2413; x_wconf 86' lang='lat' dir='ltr'><strong>Capparidum</strong></span> <span class='ocrx_word' id='word_1_355' title='bbox 728 2371 816 2404; x_wconf 89' lang='lat' dir='ltr'><strong>loco</strong></span> <span class='ocrx_word' id='word_1_356' title='bbox 833 2369 1095 2405; x_wconf 86' lang='lat' dir='ltr'><strong>adhibentur.-</strong></span> <span class='ocrx_word' id='word_1_357' title='bbox 1149 2365 1454 2414; x_wconf 66' lang='lat' dir='ltr'><strong>Zygophyllum</strong></span> <span class='ocrx_word' id='word_1_358' title='bbox 1471 2366 1652 2413; x_wconf 56' lang='lat' dir='ltr'><strong>simplex·</strong></span> <span class='ocrx_word' id='word_1_359' title='bbox 1669 2367 1786 2406; x_wconf 80' lang='lat' dir='ltr'><strong>Linii.</strong></span> <span class='ocrx_word' id='word_1_360' title='bbox 1807 2366 1934 2410; x_wconf 83' lang='lat' dir='ltr'><strong>(Gar-</strong></span> 
     </span>
     <span class='ocr_line' id='line_1_40' title="bbox 103 2423 1934 2474; baseline -0.004 -10"><span class='ocrx_word' id='word_1_361' title='bbox 103 2427 226 2474; x_wconf 77' lang='lat' dir='ltr'><strong>mal),</strong></span> <span class='ocrx_word' id='word_1_362' title='bbox 243 2426 597 2471; x_wconf 79' lang='lat' dir='ltr'><strong>vulgatissimain</strong></span> <span class='ocrx_word' id='word_1_363' title='bbox 613 2425 859 2467; x_wconf 86' lang='lat' dir='ltr'><strong>siccissimis</strong></span> <span class='ocrx_word' id='word_1_364' title='bbox 878 2426 1050 2467; x_wconf 86' lang='lat' dir='ltr'><strong>desertis</strong></span> <span class='ocrx_word' id='word_1_365' title='bbox 1066 2423 1223 2471; x_wconf 88' lang='lat' dir='ltr'><strong>planta,</strong></span> <span class='ocrx_word' id='word_1_366' title='bbox 1242 2435 1332 2460; x_wconf 89' lang='lat' dir='ltr'><strong>cum</strong></span> <span class='ocrx_word' id='word_1_367' title='bbox 1351 2434 1459 2467; x_wconf 84' lang='lat' dir='ltr'><strong>aqua</strong></span> <span class='ocrx_word' id='word_1_368' title='bbox 1475 2429 1646 2460; x_wconf 84' lang='lat' dir='ltr'><strong>contusa</strong></span> <span class='ocrx_word' id='word_1_369' title='bbox 1663 2425 1712 2467; x_wconf 84' lang='lat' dir='ltr'><strong>ad</strong></span> <span class='ocrx_word' id='word_1_370' title='bbox 1732 2424 1934 2459; x_wconf 81' lang='lat' dir='ltr'><strong>tollendas</strong></span> 
     </span>
     <span class='ocr_line' id='line_1_41' title="bbox 106 2479 1934 2526; baseline -0.002 -8"><span class='ocrx_word' id='word_1_371' title='bbox 106 2485 315 2518; x_wconf 90' lang='lat' dir='ltr'><strong>oculorum</strong></span> <span class='ocrx_word' id='word_1_372' title='bbox 331 2485 519 2519; x_wconf 88' lang='lat' dir='ltr'><strong>maculas</strong></span> <span class='ocrx_word' id='word_1_373' title='bbox 535 2486 586 2518; x_wconf 88' lang='lat' dir='ltr'><strong>ab</strong></span> <span class='ocrx_word' id='word_1_374' title='bbox 604 2483 815 2518; x_wconf 87' lang='lat' dir='ltr'><strong>Arabibus</strong></span> <span class='ocrx_word' id='word_1_375' title='bbox 833 2483 1061 2519; x_wconf 77' lang='lat' dir='ltr'><strong>adhibetur.</strong></span> <span class='ocrx_word' id='word_1_376' title='bbox 1083 2479 1593 2525; x_wconf 70' lang='lat' dir='ltr'><strong>.Istius&#39;congenerumque</strong></span> <span class='ocrx_word' id='word_1_377' title='bbox 1609 2483 1795 2526; x_wconf 85' lang='lat' dir='ltr'><strong>herbam,</strong></span> <span class='ocrx_word' id='word_1_378' title='bbox 1815 2481 1934 2514; x_wconf 82' lang='lat' dir='ltr'><strong>odore</strong></span> 
     </span>
     <span class='ocr_line' id='line_1_42' title="bbox 103 2535 1934 2585; baseline -0.002 -10"><span class='ocrx_word' id='word_1_379' title='bbox 103 2538 318 2584; x_wconf 89' lang='lat' dir='ltr'><strong>infamem,</strong></span> <span class='ocrx_word' id='word_1_380' title='bbox 351 2548 518 2585; x_wconf 86' lang='lat' dir='ltr'><strong>pecora,</strong></span> <span class='ocrx_word' id='word_1_381' title='bbox 552 2543 590 2574; x_wconf 90' lang='lat' dir='ltr'><strong>et</strong></span> <span class='ocrx_word' id='word_1_382' title='bbox 612 2539 703 2583; x_wconf 85' lang='lat' dir='ltr'><strong>ipse</strong></span> <span class='ocrx_word' id='word_1_383' title='bbox 727 2539 938 2585; x_wconf 77' lang='lat' dir='ltr'><strong>camelus,</strong></span> <span class='ocrx_word' id='word_1_384' title='bbox 972 2538 1202 2580; x_wconf 85' lang='lat' dir='ltr'><strong>fastidiunt.</strong></span> <span class='ocrx_word' id='word_1_385' title='bbox 1267 2535 1434 2573; x_wconf 81' lang='lat' dir='ltr'><strong>Trz&#39;buli</strong></span> <span class='ocrx_word' id='word_1_386' title='bbox 1449 2537 1670 2573; x_wconf 70' lang='lat' dir='ltr'><strong>terrestris</strong></span> <span class='ocrx_word' id='word_1_387' title='bbox 1685 2537 1806 2574; x_wconf 89' lang='lat' dir='ltr'><strong>Linn.</strong></span> <span class='ocrx_word' id='word_1_388' title='bbox 1833 2544 1934 2573; x_wconf 87' lang='lat' dir='ltr'><strong>usus</strong></span> 
     </span>
     <span class='ocr_line' id='line_1_43' title="bbox 104 2594 1064 2642; baseline 0.002 -11"><span class='ocrx_word' id='word_1_389' title='bbox 104 2594 210 2636; x_wconf 85' lang='lat' dir='ltr'><strong>inter</strong></span> <span class='ocrx_word' id='word_1_390' title='bbox 225 2596 450 2634; x_wconf 84' lang='lat' dir='ltr'><strong>medicinas</strong></span> <span class='ocrx_word' id='word_1_391' title='bbox 467 2596 768 2642; x_wconf 77' lang='lat' dir='ltr'><strong>adstringentes</strong></span> <span class='ocrx_word' id='word_1_392' title='bbox 785 2597 972 2634; x_wconf 83' lang='lat' dir='ltr'><strong>exoletus</strong></span> <span class='ocrx_word' id='word_1_393' title='bbox 990 2599 1064 2634; x_wconf 82' lang='lat' dir='ltr'><strong>est.</strong></span> 
     </span>
    </p>
   </div>
   <div class='ocr_carea' id='block_1_6' title="bbox 89 2701 1934 3558">
    <p class='ocr_par' dir='ltr' id='par_1_6' title="bbox 89 2701 1934 3558">
     <span class='ocr_line' id='line_1_44' title="bbox 246 2701 1933 2760; baseline -0.004 -13"><span class='ocrx_word' id='word_1_394' title='bbox 246 2702 749 2751; x_wconf 54' lang='lat' dir='ltr'><strong>*Meliantheaffl</strong></span> <span class='ocrx_word' id='word_1_395' title='bbox 809 2706 1009 2746; x_wconf 75' lang='lat' dir='ltr'><strong>Frutz&#39;ces</strong></span> <span class='ocrx_word' id='word_1_396' title='bbox 1027 2705 1315 2760; x_wconf 84' lang='lat' dir='ltr'><strong>glaberrimi.</strong></span> <span class='ocrx_word' id='word_1_397' title='bbox 1338 2709 1341 2711; x_wconf 74' lang='grc'><strong><em>’</em></strong></span> <span class='ocrx_word' id='word_1_398' title='bbox 1363 2706 1492 2744; x_wconf 66' lang='lat' dir='ltr'><strong>Folia</strong></span> <span class='ocrx_word' id='word_1_399' title='bbox 1507 2704 1710 2754; x_wconf 81' lang='lat' dir='ltr'><strong>alterna,</strong></span> <span class='ocrx_word' id='word_1_400' title='bbox 1740 2701 1933 2755; x_wconf 83' lang='lat' dir='ltr'><strong>impari·</strong></span> 
     </span>
     <span class='ocr_line' id='line_1_45' title="bbox 106 2759 1931 2820; baseline -0.004 -16"><span class='ocrx_word' id='word_1_401' title='bbox 106 2765 323 2820; x_wconf 85' lang='lat' dir='ltr'><strong>pinnata‚</strong></span> <span class='ocrx_word' id='word_1_402' title='bbox 355 2762 536 2804; x_wconf 85' lang='lat' dir='ltr'><strong>foliolis</strong></span> <span class='ocrx_word' id='word_1_403' title='bbox 555 2764 784 2814; x_wconf 82' lang='lat' dir='ltr'><strong>dentatis,</strong></span> <span class='ocrx_word' id='word_1_404' title='bbox 816 2763 1196 2817; x_wconf 83' lang='lat' dir='ltr'><strong>inaequilateris,</strong></span> <span class='ocrx_word' id='word_1_405' title='bbox 1228 2762 1379 2803; x_wconf 80' lang='lat' dir='ltr'><strong>latere</strong></span> <span class='ocrx_word' id='word_1_406' title='bbox 1399 2761 1626 2802; x_wconf 85' lang='lat' dir='ltr'><strong>inferiore</strong></span> <span class='ocrx_word' id='word_1_407' title='bbox 1644 2759 1931 2800; x_wconf 74' lang='lat' dir='ltr'><strong>decurrenti-</strong></span> 
     </span>
     <span class='ocr_line' id='line_1_46' title="bbox 105 2814 1933 2877; baseline -0.005 -13"><span class='ocrx_word' id='word_1_408' title='bbox 105 2823 194 2864; x_wconf 87' lang='lat' dir='ltr'><strong>bus</strong></span> <span class='ocrx_word' id='word_1_409' title='bbox 217 2822 264 2861; x_wconf 91' lang='lat' dir='ltr'><strong>in</strong></span> <span class='ocrx_word' id='word_1_410' title='bbox 292 2820 522 2873; x_wconf 88' lang='lat' dir='ltr'><strong>petiolum</strong></span> <span class='ocrx_word' id='word_1_411' title='bbox 546 2820 655 2860; x_wconf 85' lang='lat' dir='ltr'><strong>inde</strong></span> <span class='ocrx_word' id='word_1_412' title='bbox 681 2821 806 2861; x_wconf 82' lang='lat' dir='ltr'><strong>inter</strong></span> <span class='ocrx_word' id='word_1_413' title='bbox 825 2820 940 2874; x_wconf 80' lang='lat' dir='ltr'><strong>juga</strong></span> <span class='ocrx_word' id='word_1_414' title='bbox 960 2819 1160 2870; x_wconf 88' lang='lat' dir='ltr'><strong>alatum,</strong></span> <span class='ocrx_word' id='word_1_415' title='bbox 1192 2818 1387 2877; x_wconf 76' lang='lat' dir='ltr'><strong>inferius</strong></span> <span class='ocrx_word' id='word_1_416' title='bbox 1413 2819 1597 2858; x_wconf 88' lang='lat' dir='ltr'><strong>nudum.</strong></span> <span class='ocrx_word' id='word_1_417' title='bbox 1657 2817 1849 2866; x_wconf 73' lang='lat' dir='ltr'><strong>See&#39;palae</strong></span> <span class='ocrx_word' id='word_1_418' title='bbox 1873 2814 1933 2855; x_wconf 84' lang='lat' dir='ltr'><strong>ad</strong></span> 
     </span>
     <span class='ocr_line' id='line_1_47' title="bbox 104 2871 1931 2931; baseline -0.005 -10"><span class='ocrx_word' id='word_1_419' title='bbox 104 2879 255 2921; x_wconf 84' lang='lat' dir='ltr'><strong>basim</strong></span> <span class='ocrx_word' id='word_1_420' title='bbox 287 2877 451 2931; x_wconf 86' lang='lat' dir='ltr'><strong>petioli</strong></span> <span class='ocrx_word' id='word_1_421' title='bbox 483 2877 735 2918; x_wconf 82' lang='lat' dir='ltr'><strong>distinctae</strong></span> <span class='ocrx_word' id='word_1_422' title='bbox 759 2890 799 2916; x_wconf 82' lang='lat' dir='ltr'><strong>v.</strong></span> <span class='ocrx_word' id='word_1_423' title='bbox 823 2878 870 2916; x_wconf 89' lang='lat' dir='ltr'><strong>in</strong></span> <span class='ocrx_word' id='word_1_424' title='bbox 893 2878 1074 2917; x_wconf 85' lang='lat' dir='ltr'><strong>unicam</strong></span> <span class='ocrx_word' id='word_1_425' title='bbox 1098 2875 1524 2929; x_wconf 79' lang='lat' dir='ltr'><strong>interpetiolarem,</strong></span> <span class='ocrx_word' id='word_1_426' title='bbox 1554 2875 1822 2923; x_wconf 77' lang='lat' dir='ltr'><strong>maximam,</strong></span> <span class='ocrx_word' id='word_1_427' title='bbox 1853 2871 1931 2912; x_wconf 84' lang='lat' dir='ltr'><strong>ad-</strong></span> 
     </span>
     <span class='ocr_line' id='line_1_48' title="bbox 89 2928 1933 2982; baseline -0.005 -5"><span class='ocrx_word' id='word_1_428' title='bbox 89 2941 266 2977; x_wconf 14' lang='lat' dir='ltr'><strong>Vnatam</strong></span> <span class='ocrx_word' id='word_1_429' title='bbox 297 2933 515 2975; x_wconf 78' lang='lat' dir='ltr'><strong>coalitae.</strong></span> <span class='ocrx_word' id='word_1_430' title='bbox 575 2935 726 2973; x_wconf 80' lang='lat' dir='ltr'><strong>Flores</strong></span> <span class='ocrx_word' id='word_1_431' title='bbox 756 2934 803 2974; x_wconf 87' lang='lat' dir='ltr'><strong>in</strong></span> <span class='ocrx_word' id='word_1_432' title='bbox 834 2945 1041 2974; x_wconf 84' lang='lat' dir='ltr'><strong>racemos</strong></span> <span class='ocrx_word' id='word_1_433' title='bbox 1074 2932 1298 2973; x_wconf 81' lang='lat' dir='ltr'><strong>axillares</strong></span> <span class='ocrx_word' id='word_1_434' title='bbox 1333 2937 1379 2973; x_wconf 88' lang='lat' dir='ltr'><strong>et</strong></span> <span class='ocrx_word' id='word_1_435' title='bbox 1402 2931 1671 2972; x_wconf 77' lang='lat' dir='ltr'><strong>terminales</strong></span> <span class='ocrx_word' id='word_1_436' title='bbox 1699 2928 1933 2982; x_wconf 71' lang='lat' dir='ltr'><strong>dispositi,</strong></span> 
     </span>
     <span class='ocr_line' id='line_1_49' title="bbox 106 2985 1931 3044; baseline -0.005 -11"><span class='ocrx_word' id='word_1_437' title='bbox 106 2991 318 3035; x_wconf 81' lang='lat' dir='ltr'><strong>breviter</strong></span> <span class='ocrx_word' id='word_1_438' title='bbox 345 2989 645 3044; x_wconf 85' lang='lat' dir='ltr'><strong>pedicellati,</strong></span> <span class='ocrx_word' id='word_1_439' title='bbox 674 2990 925 3042; x_wconf 81' lang='lat' dir='ltr'><strong>bracteati,</strong></span> <span class='ocrx_word' id='word_1_440' title='bbox 957 2988 1208 3031; x_wconf 89' lang='lat' dir='ltr'><strong>inferiores</strong></span> <span class='ocrx_word' id='word_1_441' title='bbox 1240 2989 1473 3030; x_wconf 89' lang='lat' dir='ltr'><strong>interdum</strong></span> <span class='ocrx_word' id='word_1_442' title='bbox 1497 2987 1691 3042; x_wconf 86' lang='lat' dir='ltr'><strong>apetali,</strong></span> <span class='ocrx_word' id='word_1_443' title='bbox 1725 2985 1931 3026; x_wconf 83' lang='lat' dir='ltr'><strong>stamini-</strong></span> 
     </span>
     <span class='ocr_line' id='line_1_50' title="bbox 104 3042 1933 3102; baseline -0.005 -12"><span class='ocrx_word' id='word_1_444' title='bbox 104 3048 286 3102; x_wconf 84' lang='lat' dir='ltr'><strong>busque</strong></span> <span class='ocrx_word' id='word_1_445' title='bbox 304 3048 474 3100; x_wconf 82' lang='lat' dir='ltr'><strong>partim</strong></span> <span class='ocrx_word' id='word_1_446' title='bbox 499 3047 743 3100; x_wconf 83' lang='lat' dir='ltr'><strong>abortivis,</strong></span> <span class='ocrx_word' id='word_1_447' title='bbox 776 3046 1042 3101; x_wconf 83' lang='lat' dir='ltr'><strong>superiores</strong></span> <span class='ocrx_word' id='word_1_448' title='bbox 1067 3045 1278 3101; x_wconf 86' lang='lat' dir='ltr'><strong>perfecti.</strong></span> <span class='ocrx_word' id='word_1_449' title='bbox 1341 3048 1485 3095; x_wconf 66' lang='lat' dir='ltr'><strong>Carya·</strong></span> <span class='ocrx_word' id='word_1_450' title='bbox 1509 3045 1772 3095; x_wconf 82' lang='lat' dir='ltr'><strong>coloratus,</strong></span> <span class='ocrx_word' id='word_1_451' title='bbox 1805 3042 1933 3097; x_wconf 88' lang='lat' dir='ltr'><strong>quin-</strong></span> 
     </span>
     <span class='ocr_line' id='line_1_51' title="bbox 106 3098 1932 3160; baseline -0.003 -15"><span class='ocrx_word' id='word_1_452' title='bbox 106 3104 423 3160; x_wconf 83' lang='lat' dir='ltr'><strong>quepartitus,</strong></span> <span class='ocrx_word' id='word_1_453' title='bbox 452 3104 799 3145; x_wconf 85' lang='lat' dir='ltr'><strong>laciniainfima</strong></span> <span class='ocrx_word' id='word_1_454' title='bbox 814 3104 1106 3154; x_wconf 79' lang='lat' dir='ltr'><strong>brevissima,</strong></span> <span class='ocrx_word' id='word_1_455' title='bbox 1136 3108 1338 3154; x_wconf 84' lang='lat' dir='ltr'><strong>remota,</strong></span> <span class='ocrx_word' id='word_1_456' title='bbox 1369 3102 1585 3143; x_wconf 86' lang='lat' dir='ltr'><strong>deorsum</strong></span> <span class='ocrx_word' id='word_1_457' title='bbox 1608 3100 1784 3155; x_wconf 62' lang='lat' dir='ltr'><strong>gibba,</strong></span> <span class='ocrx_word' id='word_1_458' title='bbox 1803 3098 1932 3152; x_wconf 83' lang='lat' dir='ltr'><strong>apice</strong></span> 
     </span>
     <span class='ocr_line' id='line_1_52' title="bbox 107 3156 1934 3216; baseline -0.004 -13"><span class='ocrx_word' id='word_1_459' title='bbox 107 3159 455 3212; x_wconf 84' lang='lat' dir='ltr'><strong>subcucullata‚</strong></span> <span class='ocrx_word' id='word_1_460' title='bbox 484 3162 610 3201; x_wconf 85' lang='lat' dir='ltr'><strong>intus</strong></span> <span class='ocrx_word' id='word_1_461' title='bbox 642 3173 778 3212; x_wconf 86' lang='lat' dir='ltr'><strong>cava,</strong></span> <span class='ocrx_word' id='word_1_462' title='bbox 807 3160 1080 3216; x_wconf 86' lang='lat' dir='ltr'><strong>glandulam</strong></span> <span class='ocrx_word' id='word_1_463' title='bbox 1110 3158 1404 3210; x_wconf 82' lang='lat' dir='ltr'><strong>mellifluam,</strong></span> <span class='ocrx_word' id='word_1_464' title='bbox 1436 3159 1701 3200; x_wconf 85' lang='lat' dir='ltr'><strong>membrana</strong></span> <span class='ocrx_word' id='word_1_465' title='bbox 1732 3156 1934 3211; x_wconf 84' lang='lat' dir='ltr'><strong>propria,</strong></span> 
     </span>
     <span class='ocr_line' id='line_1_53' title="bbox 109 3212 1931 3270; baseline -0.004 -10"><span class='ocrx_word' id='word_1_466' title='bbox 109 3216 436 3270; x_wconf 87' lang='lat' dir='ltr'><strong>conduplicata</strong></span> <span class='ocrx_word' id='word_1_467' title='bbox 467 3217 671 3257; x_wconf 86' lang='lat' dir='ltr'><strong>cinctam</strong></span> <span class='ocrx_word' id='word_1_468' title='bbox 705 3217 921 3268; x_wconf 82' lang='lat' dir='ltr'><strong>fovente,</strong></span> <span class='ocrx_word' id='word_1_469' title='bbox 968 3216 1161 3270; x_wconf 85' lang='lat' dir='ltr'><strong>reliquis</strong></span> <span class='ocrx_word' id='word_1_470' title='bbox 1192 3216 1494 3266; x_wconf 64' lang='lat' dir='ltr'><strong>lancem-atis,</strong></span> <span class='ocrx_word' id='word_1_471' title='bbox 1538 3216 1711 3270; x_wconf 83' lang='lat' dir='ltr'><strong>planis,</strong></span> <span class='ocrx_word' id='word_1_472' title='bbox 1756 3212 1931 3253; x_wconf 84' lang='lat' dir='ltr'><strong>duabus</strong></span> 
     </span>
     <span class='ocr_line' id='line_1_54' title="bbox 107 3268 1934 3328; baseline -0.004 -12"><span class='ocrx_word' id='word_1_473' title='bbox 107 3273 428 3328; x_wconf 86' lang='lat' dir='ltr'><strong>superioribus</strong></span> <span class='ocrx_word' id='word_1_474' title='bbox 446 3273 720 3326; x_wconf 89' lang='lat' dir='ltr'><strong>majoribus,</strong></span> <span class='ocrx_word' id='word_1_475' title='bbox 750 3273 974 3316; x_wconf 84' lang='lat' dir='ltr'><strong>laterales</strong></span> <span class='ocrx_word' id='word_1_476' title='bbox 987 3274 1205 3326; x_wconf 74' lang='lat' dir='ltr'><strong>‘margine</strong></span> <span class='ocrx_word' id='word_1_477' title='bbox 1223 3272 1505 3326; x_wconf 80' lang='lat' dir='ltr'><strong>tegentibus.</strong></span> <span class='ocrx_word' id='word_1_478' title='bbox 1562 3273 1758 3310; x_wconf 74' lang='lat' dir='ltr'><strong>corollae</strong></span> <span class='ocrx_word' id='word_1_479' title='bbox 1775 3268 1934 3322; x_wconf 80' lang='lat' dir='ltr'><strong>petala</strong></span> 
     </span>
     <span class='ocr_line' id='line_1_55' title="bbox 110 3324 1931 3385; baseline -0.003 -15"><span class='ocrx_word' id='word_1_480' title='bbox 110 3333 334 3385; x_wconf 81' lang='lat' dir='ltr'><strong>quinque,</strong></span> <span class='ocrx_word' id='word_1_481' title='bbox 366 3329 461 3369; x_wconf 88' lang='lat' dir='ltr'><strong>imo</strong></span> <span class='ocrx_word' id='word_1_482' title='bbox 482 3329 637 3383; x_wconf 86' lang='lat' dir='ltr'><strong>calyci</strong></span> <span class='ocrx_word' id='word_1_483' title='bbox 654 3331 851 3382; x_wconf 82' lang='lat' dir='ltr'><strong>inserta,</strong></span> <span class='ocrx_word' id='word_1_484' title='bbox 876 3331 1084 3384; x_wconf 87' lang='lat' dir='ltr'><strong>ejusdem</strong></span> <span class='ocrx_word' id='word_1_485' title='bbox 1101 3330 1285 3370; x_wconf 89' lang='lat' dir='ltr'><strong>laciniis</strong></span> <span class='ocrx_word' id='word_1_486' title='bbox 1302 3329 1543 3378; x_wconf 84' lang='lat' dir='ltr'><strong>breviora,</strong></span> <span class='ocrx_word' id='word_1_487' title='bbox 1573 3324 1931 3381; x_wconf 84' lang='lat' dir='ltr'><strong>ligulaeformia,</strong></span> 
     </span>
     <span class='ocr_line' id='line_1_56' title="bbox 111 3383 1930 3441; baseline -0.003 -15"><span class='ocrx_word' id='word_1_488' title='bbox 111 3392 316 3441; x_wconf 89' lang='lat' dir='ltr'><strong>quatuor</strong></span> <span class='ocrx_word' id='word_1_489' title='bbox 338 3385 569 3426; x_wconf 78' lang='lat' dir='ltr'><strong>inferiora</strong></span> <span class='ocrx_word' id='word_1_490' title='bbox 586 3386 840 3438; x_wconf 85' lang='lat' dir='ltr'><strong>declinata,</strong></span> <span class='ocrx_word' id='word_1_491' title='bbox 855 3387 1022 3428; x_wconf 58' lang='lat' dir='ltr'><strong>‘medio</strong></span> <span class='ocrx_word' id='word_1_492' title='bbox 1040 3391 1306 3427; x_wconf 82' lang='lat' dir='ltr'><strong>tomentosa</strong></span> <span class='ocrx_word' id='word_1_493' title='bbox 1324 3392 1370 3426; x_wconf 86' lang='lat' dir='ltr'><strong>et</strong></span> <span class='ocrx_word' id='word_1_494' title='bbox 1386 3386 1508 3426; x_wconf 84' lang='lat' dir='ltr'><strong>inter</strong></span> <span class='ocrx_word' id='word_1_495' title='bbox 1524 3397 1573 3425; x_wconf 83' lang='lat' dir='ltr'><strong>se</strong></span> <span class='ocrx_word' id='word_1_496' title='bbox 1591 3383 1930 3435; x_wconf 79' lang='lat' dir='ltr'><strong>conglutinata,</strong></span> 
     </span>
     <span class='ocr_line' id='line_1_57' title="bbox 109 3438 1930 3498; baseline -0.003 -14"><span class='ocrx_word' id='word_1_497' title='bbox 109 3444 212 3484; x_wconf 90' lang='lat' dir='ltr'><strong>basi</strong></span> <span class='ocrx_word' id='word_1_498' title='bbox 230 3447 279 3483; x_wconf 83' lang='lat' dir='ltr'><strong>et</strong></span> <span class='ocrx_word' id='word_1_499' title='bbox 292 3442 420 3496; x_wconf 86' lang='lat' dir='ltr'><strong>apice</strong></span> <span class='ocrx_word' id='word_1_500' title='bbox 438 3442 678 3494; x_wconf 87' lang='lat' dir='ltr'><strong>distincta,</strong></span> <span class='ocrx_word' id='word_1_501' title='bbox 710 3443 871 3497; x_wconf 89' lang='lat' dir='ltr'><strong>quinto</strong></span> <span class='ocrx_word' id='word_1_502' title='bbox 891 3443 1086 3498; x_wconf 88' lang='lat' dir='ltr'><strong>reliquis</strong></span> <span class='ocrx_word' id='word_1_503' title='bbox 1103 3442 1315 3494; x_wconf 86' lang='lat' dir='ltr'><strong>admoto,</strong></span> <span class='ocrx_word' id='word_1_504' title='bbox 1344 3454 1472 3483; x_wconf 87' lang='lat' dir='ltr'><strong>nunc</strong></span> <span class='ocrx_word' id='word_1_505' title='bbox 1489 3443 1611 3481; x_wconf 85' lang='lat' dir='ltr'><strong>inter</strong></span> <span class='ocrx_word' id='word_1_506' title='bbox 1629 3440 1803 3494; x_wconf 78' lang='lat' dir='ltr'><strong>calycis</strong></span> <span class='ocrx_word' id='word_1_507' title='bbox 1820 3438 1930 3479; x_wconf 77' lang='lat' dir='ltr'><strong>laci-</strong></span> 
     </span>
     <span class='ocr_line' id='line_1_58' title="bbox 110 3499 1932 3558; baseline -0.003 -17"><span class='ocrx_word' id='word_1_508' title='bbox 110 3500 211 3542; x_wconf 80' lang='lat' dir='ltr'><strong>nias</strong></span> <span class='ocrx_word' id='word_1_509' title='bbox 235 3500 501 3556; x_wconf 85' lang='lat' dir='ltr'><strong>superiores</strong></span> <span class='ocrx_word' id='word_1_510' title='bbox 523 3505 724 3552; x_wconf 87' lang='lat' dir='ltr'><strong>remoto,</strong></span> <span class='ocrx_word' id='word_1_511' title='bbox 753 3500 964 3554; x_wconf 88' lang='lat' dir='ltr'><strong>minimo,</strong></span> <span class='ocrx_word' id='word_1_512' title='bbox 992 3500 1263 3558; x_wconf 82' lang='lat' dir='ltr'><strong>saepissime</strong></span> <span class='ocrx_word' id='word_1_513' title='bbox 1285 3499 1430 3541; x_wconf 87' lang='lat' dir='ltr'><strong>nullo.</strong></span> <span class='ocrx_word' id='word_1_514' title='bbox 1489 3500 1685 3538; x_wconf 74' lang='lat' dir='ltr'><strong>Stamina</strong></span> <span class='ocrx_word' id='word_1_515' title='bbox 1717 3501 1932 3552; x_wconf 84' lang='lat' dir='ltr'><strong>quatuor,</strong></span> 
     </span>
    </p>
   </div>
  </div>
 </body>
</html>
