2147 3756
59 257 209 291 vehunt
234 252 484 289 commercio.
540 251 808 288 Nobilissima
837 251 996 296 species
1029 250 1300 294 (Balsamnm
1324 250 1581 298 canadense)
1608 265 1630 291 e
1659 254 1765 291 Pe‘me
1791 255 1884 292 bal-

58 320 205 346 samea
219 311 338 347 Linn.
362 310 788 345 montanaAmericae
805 310 986 345 borealis·
1000 313 1144 346 arbore
1159 310 1300 346 effluit.
1344 313 1453 346 Inter
1468 312 1706 354 Europaeas
1723 315 1886 358 larigna.

59 366 205 411 [vulgo
235 367 526 402 Terebintli-ina
554 365 728 409 veneta]
761 367 920 402 eminet.
978 364 1109 401 Pe'nus
1135 364 1277 401 Larm-
1299 369 1345 402 L.
1378 365 1584 412 [Larclnss
1609 372 1715 404 hanc
1740 370 1882 412 fundit,

59 424 163 459 inter
187 424 391 459 coniferas
415 423 514 458 coeli
539 423 668 458 nostri
694 427 858 459 arbores
882 423 1078 468 dignitate
1102 424 1307 467 princeps.
1367 424 1486 460 Folia
1508 425 1547 459 in
1574 426 1744 461 ramulis
1763 429 1884 469 juxta

59 490 191 516 ramos
230 480 480 516 abbreviatis
521 479 793 515 fasciculatim
833 486 1076 527 nascuntur,
1123 485 1314 517 autumno
1352 491 1441 516 sero
1480 483 1699 523 quotannis
1737 483 1882 529 deflua,

58 542 214 573 aestate
246 537 382 572 calida
412 541 630 572 mannatae
660 538 917 573 substantiae
941 539 1119 580 speciem
1144 536 1363 580 (Mannum
1386 538 1601 573 laricinam
1627 549 1658 574 s.
1684 540 1885 584 briganti-

57 593 176 637 num)
197 594 340 629 leniter
357 598 596 637 purgantem
615 596 776 629 sudant.
821 596 865 629 In
884 594 1036 629 Sibisia
1052 595 1178 630 Larix
1196 595 1382 637 ingentes
1402 599 1554 630 tractus
1571 601 1763 640 occupat,
1789 601 1824 632 et
1843 598 1884 632 in

57 653 268 693 sylvarum
294 652 386 695 igne
415 651 576 686 fortuito
599 654 902 686 consumtarum
925 651 1103 686 residuis
1128 652 1283 685 truncis
1307 652 1465 686 Gummi
1482 652 1682 695 reperitur
1700 651 1884 695 (Gummi

57 706 250 743 ura'lense
289 718 326 743 v.
365 705 698 749 orenburgense]
744 707 908 742 arabico
945 707 1211 748 qualitatibus
1248 708 1402 753 simile,
1449 711 1693 755 rubescens,
1739 719 1885 753 sapore

57 766 249 807 exiguam
275 766 435 800 resinae
459 764 615 806 copiam
644 765 828 805 prodens.
887 763 1046 798 Annosi
1072 764 1203 798 trunci
1226 765 1472 806 polyporum
1496 764 1738 801 officinalem
1758 770 1886 802 alunt.

58 819 192 855 Pinus
220 819 375 854 Cedrus
400 819 518 855 Linn.
544 818 723 861 [cedrus
747 819 994 863 libanotica]
1018 820 1059 854 in
1083 820 1262 860 Libano,
1296 821 1335 855 in
1360 822 1493 856 Siriae
1517 826 1553 857 et
1572 822 1702 858 Asiae
1718 823 1885 858 minoris

56 878 261 913 montibus
283 877 490 920 nascitur,
522 876 662 911 Larici
684 876 882 911 affinitate
907 877 1112 922 proxima,
1145 876 1343 921 dignitate
1365 879 1505 920 major.
1566 876 1743 925 Lignum
1763 878 1889 914 cedri

57 936 226 970 canales
245 934 419 970 resinosi
441 936 643 975 permeant
669 933 902 975 incorrupta
926 933 1138 968 duratione
1162 938 1198 968 et
1222 937 1340 977 grata
1367 933 1593 979 fragrantia
1618 937 1774 980 nobile,
1806 947 1887 973 usu

56 1000 231 1027 sacrum.
291 991 446 1026 Resina
463 989 656 1033 [Germa]
675 990 779 1024 inter
794 994 975 1024 veterum
994 993 1224 1032 pharmaca.
1242 996 1244 1000 ’
1285 988 1488 1025 Mannum
1507 989 1721 1026 cedrinam
1739 992 1888 1037 (vulgo

58 1045 164 1089 (Mel
187 1048 415 1092 cedrinum,
448 1049 532 1082 Ros
556 1047 705 1081 montis
729 1046 901 1089 Libani)
928 1047 1202 1089 Hippocratici
1225 1049 1409 1084 laudant.
1469 1045 1707 1083 Der-mlum
1734 1048 1886 1093 (Pae’nus

57 1101 235 1138 Dendm·
239 1115 265 1137 a
282 1106 382 1139 Don.
411 1101 517 1137 ced}
521 1113 568 1138 us
586 1101 746 1146 i'mleea)
775 1106 957 1138 ar'bmem
973 1104 1239 1139 libanoticam
1258 1105 1492 1149 dignatione
1509 1115 1693 1148 aequans
1708 1135 1718 1155 ,
1749 1107 1790 1142 in
1806 1109 1887 1142 Ne-

55 1161 194 1203 paliae
211 1166 246 1197 et
265 1163 296 1196 'l
303 1162 410 1197 ubeti
427 1161 605 1203 Alpibus
622 1160 822 1207 gignitur,
853 1162 1043 1196 Indorum
1060 1161 1328 1227 religionibus
1345 1166 1526 1199 sacrata.
1580 1160 1723 1198 Oleum
1740 1162 1888 1199 Deva-

57 1216 140 1252 dar
142 1228 192 1252 ae
209 1218 468 1263 impetigines
485 1221 618 1254 sanat.

198 1300 411 1337 Damnem·
415 1313 443 1336 a
474 1313 522 1336 ω
526 1301 699 1337 ‘'erdulf-‘J
729 1304 831 1338 Don.
862 1302 1042 1338 latifolia
1072 1305 1211 1349 arbor,
1245 1303 1293 1340 in,
1317 1304 1523 1342 montibus
1546 1305 1776 1343 Amboinae
1799 1317 1887 1344 ere-

55 1365 198 1404 scens,
224 1361 388 1396 resinae
405 1360 636 1402 copallinae
651 1360 829 1403 speciem
847 1358 1065 1403 (Resinam
1082 1362 1327 1397 Dammarae
1343 1372 1376 1397 s.
1394 1364 1588 1398 Dammar
1603 1364 1722 1408 Puti)
1742 1365 1888 1414 fundit,

57 1417 282 1461 peculiaris
304 1422 345 1452 ut
369 1418 529 1453 videtur
552 1417 715 1453 indolis.
776 1415 1020 1451 flammam
1039 1417 1252 1452 australis
1268 1420 1370 1454 Don.
1390 1418 1544 1462 (Kauri
1559 1430 1597 1455 v.
1615 1422 1767 1466 Kouri]
1785 1423 1890 1459 inter

56 1476 286 1518 sylvestres
303 1473 445 1510 Novae
460 1475 710 1510 Zeelandiae
730 1475 909 1510 borealis
934 1477 1100 1510 arbores
1126 1475 1364 1517 proceritate
1381 1476 1548 1521 eminet,
1582 1480 1629 1513 ob
1647 1478 1750 1521 ligni
1769 1489 1887 1522 prae-

56 1531 249 1567 stantiam
274 1534 323 1567 al)
348 1531 557 1576 indigenis
579 1535 615 1566 et
633 1531 806 1567 advenis
824 1532 963 1574 petita.
1021 1533 1055 1567 Ε
1074 1535 1215 1566 trun-co
1232 1532 1482 1575 ramulisque
1499 1533 1635 1570 resina
1653 1535 1779 1572 effluit
1799 1536 1888 1579 [in-

58 1588 95 1623 di
102 1589 219 1632 genis
250 1586 365 1622 isare
390 1589 518 1635 dicta,
545 1589 695 1632 Anglis
725 1590 849 1633 vulgo
884 1586 1172 1635 Cowdeegum,
1206 1586 1530 1633 Isauri-resin)
1563 1592 1727 1629 resinae
1756 1586 1889 1630 Elemi

56 1646 344 1688 quodammodo
360 1645 524 1681 similis.
570 1647 686 1680 Hanc
704 1649 969 1681 autochtones
986 1646 1207 1682 masticare
1223 1649 1368 1682 solent.
1416 1647 1658 1684 Combustae
1676 1649 1885 1691 fuliginem

57 1702 274 1748 colligunt,
301 1707 341 1737 ut
359 1703 452 1738 inde
469 1695 641 1737 colorem
660 1702 807 1746 (vulgo
826 1699 1055 1748 lag—arahel)
1077 1707 1240 1751 paren-t,
1255 1712 1331 1747 quo
1348 1705 1505 1740 vultum
1522 1705 1700 1743 inductis
1717 1708 1888 1752 stigma-

57 1759 166 1797 tibus
183 1761 442 1795 vulneratum
458 1759 672 1795 indelebili
688 1759 878 1802 stigmate
896 1760 1081 1803 pingunt.

200 1845 474 1885 Aram-arias
499 1850 611 1884 trans
635 1848 895 1890 aequatorem
912 1845 1027 1883 nasci
1045 1845 1244 1894 diximus,
1277 1847 1479 1886 seminum
1495 1849 1672 1886 utilitate
1688 1860 1890 1889 commen-

55 1908 233 1953 dandas,
267 1908 430 1953 egregia
453 1906 584 1943 trunci
601 1910 760 1943 statura
777 1910 813 1941 et
831 1905 1045 1949 speciosae
1062 1905 1218 1941 frondis
1235 1905 1365 1941 forma
1381 1907 1553 1943 nobiles.
1615 1904 1890 1945 Amnem-iae

54 1963 318 2001 brasiliensis
357 1965 518 2001 semina
547 1964 703 2000 modice
733 1963 1035 2007 adstringentia
1063 1965 1348 2010 comeduntur,
1380 1961 1634 1998 imbricatae
1663 1966 1891 2004 seminibus

54 2023 239 2067 integrae
262 2023 475 2058 Chilenum
506 2027 648 2066 gentes
669 2021 872 2057 victitant.
933 2017 1153 2054 Entassae
1175 2021 1481 2056 australasicae
1505 2021 1657 2059 formae
1681 2027 1892 2061 excellunt

56 2080 212 2125 gratia,
244 2078 444 2114 excelsae
459 2079 501 2114 in
519 2079 675 2124 ingenti
692 2079 935 2122 proceritate
953 2081 1155 2121 augustus
1173 2078 1310 2126 decor,
1342 2078 1446 2114 mira
1463 2084 1523 2114 est
1543 2077 1759 2116 Eutassae
1779 2079 1890 2117 ema-2

55 2134 292 2183 m’nglzmm'z‘
319 2137 424 2172 inter
454 2136 751 2179 pulcherrimas
783 2144 1031 2179 congeneres
1062 2138 1274 2171 venustas.
1342 2136 1489 2171 Omnes
1522 2138 1660 2174 succis
1691 2137 1889 2175 resinosis

57 2198 230 2239 turgent.
268 2195 302 2230 E
320 2194 537 2238 speciebus
555 2193 807 2229 nostratibus
824 2192 981 2228 semine
998 2192 1109 2228 eduli
1126 2189 1261 2226 Pimcs'
1274 2189 1409 2226 Pe'nea
1425 2193 1546 2229 Linn.
1566 2198 1603 2229 et
1620 2192 1753 2230 Pinus
1773 2194 1891 2229 Cem-

57 2249 136 2285 bra
158 2252 277 2287 Linn.
303 2252 656 2296 commendantur,
687 2249 730 2285 in
752 2251 918 2293 Europa
945 2249 1190 2285 australiore
1212 2253 1466 2298 crescentes,
1498 2261 1573 2286 nec
1597 2252 1658 2288 cis
1682 2248 1758 2287 48⁰
1779 2254 1825 2288 L.
1840 2256 1886 2291 B.

55 2308 213 2344 obviae.
274 2306 435 2342 Pinfulz·
455 2307 695 2352 (Pinocchi,
727 2306 938 2351 Pignons]
958 2306 1000 2341 in
1022 2307 1152 2342 Pinea
1176 2310 1426 2351 nascuntur,
1457 2309 1599 2344 arbore
1629 2319 1817 2353 expansa
1847 2311 1892 2347 in

58 2365 158 2401 elati
188 2365 321 2401 trunci
350 2365 504 2401 vertice
535 2373 647 2400 coma
677 2364 855 2411 insigni,
901 2360 1082 2398 Nucleos
1118 2361 1319 2398 Cembrae
1350 2363 1672 2413 (Zirbemdsse,
1716 2368 1889 2414 Arveln,

56 2422 214 2469 Zermi,
246 2421 482 2466 Ceinbrots)
506 2421 580 2458 fert
599 2422 800 2470 Cembra5.
823 2420 982 2459 semina
998 2423 1156 2469 oleosa,
1188 2420 1412 2457 nutrientia
1430 2424 1466 2458 et
1484 2423 1776 2474 demulcentia,
1810 2425 1890 2461 cito

61 2479 244 2516 rancida.

200 2566 355 2601 Panem
378 2574 431 2601 ex
454 2564 640 2609 abiegnis
663 2565 798 2608 sylvis
822 2566 1054 2610 depromere
1078 2567 1222 2604 duram
1245 2577 1379 2604 rerum
1399 2568 1640 2612 magistram
1663 2569 1892 2607 necessita-

63 2627 141 2659 tem
165 2622 379 2669 docuisse,
404 2621 605 2657 Linneum
623 2626 828 2657 auctorem
849 2625 1061 2660 habemus.
1106 2625 1248 2667 Lappo
1273 2625 1546 2660 oeconomiam
1563 2634 1680 2661 suam
1697 2626 1755 2662 ita
1770 2627 1893 2664 insti-

63 2679 156 2723 tuit,
189 2682 231 2714 ut
263 2679 423 2715 Cereris
453 2679 610 2714 auxilio
640 2688 742 2722 opus
772 2688 852 2714 non
880 2682 1050 2726 habeat,
1082 2682 1230 2723 hospes
1261 2682 1350 2724 ejus
1372 2685 1599 2718 novaccola
1621 2692 1728 2726 pane
1752 2692 1893 2721 carere

62 2736 221 2781 nequit,
261 2737 563 2778 cerealiumque
593 2738 754 2771 cultura
784 2736 903 2771 toties
932 2737 1060 2772 eludit
1087 2738 1348 2784 magistrum,
1381 2742 1425 2773 ut.
1454 2740 1616 2775 tandem
1646 2741 1697 2775 ad
1728 2742 1892 2783 sylvam

63 2793 287 2837 confugiat.
330 2790 430 2827 Pim·
444 2791 675 2839 sylvestres
693 2791 867 2838 (Betze)
891 2794 1097 2837 eliguntur
1112 2794 1281 2837 injusta
1297 2796 1537 2838 procerit-ate
1553 2796 1690 2832 minus
1705 2806 1894 2836 ramosae

64 2848 183 2893 (nam
206 2849 460 2894 virgultosae
482 2849 611 2885 nimia
627 2849 765 2885 resina
782 2849 985 2898 turgent),
1018 2855 1157 2886 cortex
1174 2852 1350 2888 exterior
1365 2853 1548 2888 studiose
1565 2854 1794 2903 abraditur,
1825 2854 1893 2892 in-

63 2906 185 2942 terior
207 2909 495 2953 succulentus,
528 2915 578 2942 ea
601 2907 700 2942 anni
723 2911 981 2955 tempestate,
1015 2917 1097 2951 qua
1118 2911 1334 2944 alburnum
1358 2912 1480 2945 molle
1506 2910 1630 2947 facile
1653 2921 1674 2946 e
1691 2911 1804 2957 ligno
1822 2912 1893 2949 de—

65 2963 238 2999 trahitur
250 2990 260 3009 ,
291 2963 491 2999 inumbra
508 2964 715 3006 sepositus
731 2963 924 3000 siccatur.
983 2967 1089 3000 Dum
1106 2966 1252 3002 leviter
1268 2976 1394 3010 supra
1411 2975 1566 3010 prunas
1583 2972 1767 3005 assatum
1784 2978 1894 3008 com-

63 3019 270 3066 minuunt,
301 3025 336 3056 et
360 3020 490 3064 lapidi
512 3020 659 3056 molari
681 3021 941 3056 commissum
963 3022 1006 3057 in
1023 3021 1200 3058 farinam
1218 3023 1414 3068 redigunt.
1474 3026 1507 3060 E
1526 3024 1664 3061 farina
1679 3035 1765 3064 cum
1785 3037 1894 3072 aqua

65 3079 237 3112 subacta
267 3077 458 3113 diuturna
487 3077 712 3121 agitatione
741 3078 864 3121 panis
894 3078 1107 3115 conficitur
1127 3081 1418 3127 tenuissimus,
1449 3081 1524 3117 vix
1545 3081 1697 3119 lineam
1723 3093 1895 3123 crassus

65 3132 369 3179 (BarkbroedJ,
403 3143 521 3176 quem
541 3133 584 3168 in
607 3133 726 3170 furno
739 3134 938 3170 siccatum
954 3146 1033 3170 non
1051 3145 1142 3172 raro
1159 3146 1231 3179 per
1245 3137 1448 3178 integrum
1462 3147 1611 3178 annum
1628 3140 1734 3176 inter
1747 3142 1892 3179 miser-

65 3190 190 3225 rimae
208 3189 317 3225 vitae
331 3190 518 3226 lautitias
533 3192 759 3226 comedunt.
818 3192 1056 3228 cerevisiae
1074 3191 1255 3236 (Spruce'
1272 3193 1387 3237 beer)
1399 3221 1408 3239 ‚
1441 3205 1463 3232 e
1480 3196 1894 3240 ramulisjunioribus

67 3244 204 3280 Pe‘nus
235 3244 360 3280 albae
389 3248 554 3283 Soland.
577 3251 615 3282 et
647 3245 786 3282 Pinus
815 3248 963 3294 nigrae
986 3249 1070 3285 Ait.
1101 3250 1356 3293 aliarumque
1379 3252 1606 3294 specierum
1629 3252 1672 3289 in
1701 3255 1892 3294 Ameriea

65 3302 223 3339 boreali
245 3303 515 3340 crescentium
538 3307 728 3351 paratae,
757 3308 806 3341 ob
829 3305 1019 3341 virtutem
1036 3306 1396 3343 antiscorbuticam
1413 3308 1602 3352 frequens
1618 3312 1729 3353 apud
1741 3315 1894 3350 nautas

67 3370 184 3396 usus.
242 3361 356 3395 Rara
385 3364 448 3396 est
477 3370 499 3396 e
527 3361 643 3404 ligno
675 3365 714 3397 et
737 3361 884 3413 cortice
905 3363 1120 3398 medicina.
1180 3361 1388 3398 Pinastrz·
1407 3365 1563 3409 lignum
1587 3366 1892 3410 Hippocraticis

68 3416 302 3453 auctoribus
332 3426 354 3452 e
385 3417 651 3453 remediorum
680 3421 839 3454 uterum
868 3418 1166 3455 stimulantium
1195 3430 1361 3456 numero
1393 3425 1465 3456 est.
1539 3419 1699 3458 Peneae
1729 3422 1893 3475 (πίτυς,

66 3474 212 3519 Neogr.
234 3467 544 3526 κουκουναρία)
567 3477 608 3512 et
625 3472 772 3510 Cembr
775 3484 827 3510 ae
842 3468 1028 3525 (πεύκη)
1044 3479 1183 3513 cortex
1203 3477 1321 3514 inter·
1331 3477 1627 3524 adstringentia
1644 3488 1670 3519 a
1683 3483 1894 3523 veteribus
