2147 3756
968 143 1080 192 615

120 320 162 357 in
194 319 297 356 Asia
327 317 620 362 aequinoctiali
651 319 891 356 nascuntur.
962 319 1133 354 Praeter
1161 315 1441 363 Dictainnum‚
1475 314 1514 352 in
1545 317 1708 361 Europa
1739 318 1870 355 inedia
1903 323 1941 354 et.

119 377 294 413 australi
318 380 353 411 et
383 377 423 411 in
449 377 602 412 Sibiria
627 379 894 422 crescentem,
925 377 1042 411 nulla
1064 375 1126 410 cis
1149 382 1341 409 cancrum
1363 372 1532 408 habitat.
1593 375 1739 410 Mirum
1763 376 1804 410 in
1827 379 1940 410 tanta

116 435 399 469 Diosmearum
417 433 653 475 capellsium
672 437 706 467 et
726 432 1091 468 australasicarum
1110 430 1356 476 frequentia,
1390 431 1544 464 nullam
1562 430 1602 465 in
1619 432 1808 466 America
1825 435 1939 467 trans

117 490 401 533 capricornum
432 490 570 535 nasci,
602 493 641 524 et
673 490 851 524 ordinem
883 489 924 524 in
955 489 1082 524 veteri
1108 490 1201 523 orbe
1224 486 1391 530 propius
1416 487 1466 521 ad
1492 489 1626 528 polum
1651 489 1864 534 accedere,
1896 488 1941 523 iu

114 555 220 582 novo
245 550 378 581 autem
403 545 507 581 inter
523 547 764 581 circulorum
782 546 1023 588 tropicorum
1042 544 1192 580 limites
1209 542 1420 579 contineri.
1479 542 1672 577 Tribuum
1690 554 1711 578 e
1729 546 1941 580 characte-

113 603 226 638 ribus
248 602 451 638 botanicis
476 601 771 637 discriminatio
797 612 886 637 cum
912 601 1193 636 distributione
1218 598 1489 643 geographica
1512 601 1681 641 pulchre
1712 602 1939 637 concordat.

117 656 378 702 casparieae
394 667 531 693 omnes
549 659 591 693 in
608 658 801 694 America
819 659 972 700 tropica
988 658 1183 692 habitant.
1228 652 1510 700 Panem-pene
1529 655 1570 690 in
1588 656 1782 691 America
1799 655 1941 698 aequi-

111 714 283 750 noctiali
317 714 564 759 frequentes,
603 724 723 757 parce
753 715 793 749 in
826 716 943 749 Nova
971 714 1198 750 Zeelandia
1229 717 1268 747 et
1297 715 1436 748 Novae
1467 713 1712 748 Hollandiae
1742 722 1812 748 ora
1841 715 1941 748 sub—

114 770 291 816 tropica,
323 774 428 807 unde
460 771 500 806 in
524 772 653 807 Asiae
682 771 845 806 insulas
870 774 1116 814 evagantur,
1148 769 1298 811 vigent.
1360 767 1599 803 Borom'eae
1622 778 1762 804 omnes
1787 771 1941 805 Novam

113 828 396 873 Hollandiam,
415 827 614 870 imprimis
633 828 948 868 extratropicam
965 826 1160 860 incolunt.
1194 822 1472 859 Eudiosmeae
1488 835 1596 861 mere
1613 834 1814 868 capenses
1832 829 1941 862 sunt.

112 880 339 917 Dic-tanam·
358 894 508 927 genus,
540 883 766 918 seminibus
791 882 1060 917 albuminosis
1084 882 1125 916 in
1144 882 1297 917 ordinis
1314 884 1459 918 versus
1477 884 1682 918 Rutaceas
1697 882 1826 917 limite
1844 891 1919 918 con

111 940 318 987 stitutum,
348 939 587 983 longissimo
605 939 725 974 etiam
744 942 939 974 terrarum
957 938 1092 980 spatio
1109 946 1134 974 a
1150 938 1425 974 familiaribus
1442 943 1636 975 remotum
1652 940 1778 974 sedet.

253 1031 619 1084 &ualitates
645 1040 683 1073 et
705 1044 875 1077 usus.
935 1038 1033 1073 Oleo
1057 1039 1242 1072 aethereo
1267 1040 1305 1073 et
1329 1037 1486 1083 resina,
1508 1048 1593 1081 ¹nec
1610 1048 1688 1073 non
1706 1036 1942 1074 substantia

111 1095 311 1140 peculiari
343 1104 485 1131 amara
507 1095 726 1133 Diosmeae
750 1097 957 1130 salutares
981 1098 1097 1141 sunt,
1131 1094 1371 1137 Cusparieis
1396 1095 1729 1138 Pilocarpeisque
1751 1095 1942 1130 virtutem

110 1160 137 1188 a
152 1151 351 1195 principio
369 1160 506 1187 amaro
519 1179 528 1197 ,
547 1151 853 1187 subalcaloideo
871 1150 1071 1193 imprimis
1085 1151 1387 1198 repetentibus,
1406 1152 1743 1187 Eudiosmearum
1761 1150 1942 1194 potentia

109 1208 153 1245 in
170 1211 257 1244 oleo
275 1211 311 1243 et
331 1208 470 1243 resina
485 1208 619 1252 potius
637 1208 730 1244 sita.
767 1227 769 1229 -
794 1206 1055 1253 Cusparz'eae
1080 1211 1117 1243 et
1135 1204 1415 1253 Pilocarpeae
1439 1211 1661 1244 nonnullae
1683 1209 1789 1244 inter
1811 1207 1942 1243 medi-

111 1265 229 1301 cinas
245 1264 497 1310 febrifugas,
532 1266 834 1300 Cinchonarum
851 1267 1058 1310 aemulas,
1091 1269 1324 1299 censentur.
1369 1266 1434 1299 Ex
1451 1264 1621 1300 istarum
1638 1274 1803 1299 numero
1821 1267 1941 1301 arbor

112 1326 194 1367 est,
228 1322 348 1363 cujus
379 1321 570 1356 corticem
597 1318 869 1366 Angnscurae
901 1330 1028 1356 verae
1051 1320 1264 1366 (Carony)
1296 1321 1456 1356 nomine
1486 1322 1674 1357 officinae
1697 1325 1885 1367 servant,
1918 1331 1940 1357 e

113 1370 320 1422 Galtpeae
369 1378 534 1422 generis
573 1378 732 1424 specie,
776 1379 897 1420 juxta
934 1379 1150 1414 Orinocum
1189 1377 1376 1423 fluvium,
1422 1378 1527 1413 locis
1567 1378 1687 1413 editis
1734 1380 1941 1413 crescente

111 1436 347 1470 detractum.
407 1435 467 1468 De
485 1435 645 1477 specie,
677 1434 926 1479 medicinae,
960 1435 1065 1470 inter
1082 1443 1224 1470 amara
1241 1434 1474 1469 roborantia
1498 1434 1657 1469 altioris
1680 1434 1780 1480 loci,
1812 1438 1941 1469 matre

111 1491 344 1535 ambigitur.
405 1492 503 1525 Nam
528 1491 603 1526 atii
630 1488 852 1536 Gale'peam
881 1489 1135 1536 Cnspare'am
1158 1493 1214 1526 St.
1240 1491 1321 1526 ΗΠ.
1354 1489 1676 1533 (Bonplandiam
1701 1491 1942 1526 trifoliatam

113 1546 306 1593 XVinJ,
338 1549 520 1582 arborem
548 1552 728 1592 vastam,
761 1549 983 1583 immensas
1010 1549 1131 1589 juxta
1161 1548 1378 1583 Orinocum
1408 1550 1553 1590 sylvas
1583 1548 1822 1583 formantem
1851 1549 1941 1583 An-

109 1609 307 1648 gusturae
338 1603 526 1639 corticem
558 1613 754 1647 generare
786 1615 876 1640 cum
911 1605 1168 1640 Humboldtio
1199 1606 1386 1649 credunt,
1420 1605 1614 1640 neoterici
1644 1605 1888 1640 medicinam
1918 1614 1941 1640 e

113 1658 296 1707 Galipeoe
334 1656 554 1708 officina&
591 1662 741 1705 Hanc.,
780 1661 925 1697 humili
966 1664 1128 1706 arbore,
1176 1661 1331 1704 pariter
1360 1661 1630 1706 orinocicola,
1677 1661 1817 1703 colligi
1847 1670 1941 1704 per-

110 1718 264 1753 hibent.
325 1717 524 1760 Quidquid
557 1718 609 1752 sit
641 1718 805 1753 corticis
837 1717 991 1763 efficia,
1024 1718 1066 1752 in
1099 1717 1340 1761 digestionis
1372 1720 1583 1761 languore,
1622 1718 1663 1752 in
1695 1718 1779 1753 alvi
1812 1718 1939 1763 fluxu,

112 1774 155 1810 in
174 1774 356 1809 febribus
375 1775 735 1809 intermittentibus
755 1774 967 1818 malignis,
1002 1778 1039 1808 et
1057 1774 1097 1808 in
1116 1775 1212 1809 aliis
1237 1775 1359 1809 malis
1383 1775 1424 1809 in
1451 1774 1662 1810 debilitate
1686 1775 1804 1809 vitali
1829 1774 1939 1810 radi-

111 1831 215 1866 catis
240 1830 440 1873 imprimis
467 1839 490 1865 a
516 1831 706 1877 medicis,
738 1832 780 1866 in
804 1831 1038 1874 regionibus
1064 1831 1212 1866 calidis
1238 1835 1273 1865 et
1298 1832 1556 1866 humentibus
1573 1834 1795 1867 salutarem
1814 1836 1940 1866 artem

110 1888 417 1933 exercentibus,
460 1889 601 1924 multis
633 1891 840 1924 celebrata
871 1887 1087 1933 encomiis,
1127 1897 1153 1923 a
1183 1888 1354 1923 materia
1384 1897 1525 1923 amara
1559 1885 1873 1934 (Angnslurincc
1904 1898 1938 1923 s.

114 1942 402 1990 Cuspm·2'na),
450 1954 475 1981 a
515 1945 653 1980 resina
684 1946 796 1980 molti
826 1949 863 1980 et
895 1945 1078 1988 pauxillo
1111 1945 1189 1981 olei
1220 1945 1398 1980 aetherei
1430 1947 1588 1988 pendet.
1660 1940 1940 1992 Anguslurae

109 2000 283 2046 spem-iae
319 2004 519 2037 vocabulo
551 2002 744 2045 Strychni
785 2001 910 2038 Nucis
949 2002 1132 2037 vomicae
1170 2002 1360 2038 corticem
1399 2003 1540 2038 venire
1579 2011 1705 2045 supra
1746 2002 1938 2037 diximus.

109 2055 394 2092 Esenbeekz'ae
424 2057 671 2107 febrifugae
702 2062 822 2094 Mart.
855 2058 981 2102 (Tres
1012 2059 1147 2094 follias
1171 2062 1419 2104 vermellas,
1451 2060 1692 2102 Laranjeiro
1716 2061 1763 2105 do
1787 2058 1937 2103 mato),

109 2115 265 2152 arboris
298 2110 579 2161 brasiliensis‘,
622 2120 759 2151 cortex
791 2116 967 2158 (cortex
998 2112 1274 2162 Aregnsturae
1303 2114 1589 2161 lut-asiliensis,
1626 2113 1763 2150 Cln'mt
1790 2112 1936 2157 Pium)

107 2172 291 2215 proxime
322 2173 373 2206 ad
399 2172 681 2215 Angusturam
708 2181 846 2208 veram
870 2173 1040 2208 accedit.
1100 2175 1145 2209 In
1170 2176 1244 2208 hoc
1267 2173 1543 2208 substantiam
1567 2173 1844 2210 alkaloideam
1872 2182 1939 2215 pe-

110 2228 306 2265 culiarem
340 2225 710 2272 (EsenbecA-an)
753 2230 931 2265 residere
959 2229 1182 2273 perhibent.
1261 2227 1465 2263 Te‘coreae
1482 2229 1738 2278 febrifugae
1770 2231 1826 2266 St.
1858 2229 1938 2264 ΙίἰΙ.

110 2285 234 2329 [Tres
251 2285 388 2321 follias
404 2279 600 2330 brancas)
627 2290 662 2321 et
684 2283 872 2319 Hor-tiae
889 2278 1154 2321 brasv'le'anae
1170 2287 1277 2322 Vell.
1302 2291 1440 2322 cortex
1465 2287 1569 2323 inter
1586 2287 1820 2323 Cinchonae
1843 2295 1939 2321 suc-

108 2343 290 2378 cedanea
312 2346 560 2378 numeratur.
619 2344 839 2378 Decoctum
865 2342 1051 2378 foliorum
1082 2339 1625 2389 Ticoreaejasnn·m·s101·ae
1647 2345 1704 2379 St.
1730 2344 1811 2378 l-lil.
1836 2345 1938 2378 Bra-

108 2398 304 2435 silienses
323 2401 522 2435 adversus
539 2400 788 2435 endemicam
806 2409 1068 2435 verrucarum
1086 2400 1263 2442 speciem
1285 2398 1468 2442 (Bubus)
1488 2401 1692 2435 adhibent.
1738 2398 1939 2434 Tic-oreae

98 2454 300 2505 foetidae
317 2457 441 2492 Aubl.
454 2483 463 2500 ,
496 2456 538 2491 in
556 2456 719 2491 Guiana
736 2456 977 2501 crescentis,
1012 2455 1109 2491 solia
1129 2456 1222 2491 trita
1239 2457 1457 2491 Stramonii
1476 2459 1595 2492 odore
1611 2457 1769 2501 gravia.
1814 2454 1937 2491 Mon-

108 2510 272 2546 m'erz'oee
291 2511 486 2560 trz'fole’ae
502 2514 640 2558 Aubl.,
668 2516 816 2548 herbae
834 2513 939 2548 inter
955 2513 1206 2548 contribules
1224 2515 1405 2557 arbores,
1431 2514 1550 2548 radix
1567 2513 1936 2557 aromatico-acris,

110 2569 388 2612 diaphoretica
412 2572 450 2604 et
475 2569 674 2605 diuretica
696 2569 846 2605 virtute
862 2571 1032 2618 gaudet,
1065 2569 1390 2613 alexipharmaci
1405 2571 1528 2606 laude
1544 2571 1653 2613 apud
1668 2570 1937 2607 Americanos

113 2625 296 2662 celebris.

251 2693 530 2731 Eudiosmeae
547 2706 747 2740 capenses
765 2707 817 2732 ex
833 2700 919 2733 oleo
938 2700 1126 2733 aethereo
1143 2701 1181 2733 et
1202 2697 1341 2733 resina
1356 2699 1515 2734 odorem
1533 2697 1797 2734 aromaticum
1814 2706 1936 2741 pecu-

107 2753 274 2799 liarem,
307 2762 493 2798 gravem,
528 2758 565 2789 et
584 2754 664 2789 vim
682 2755 980 2800 stimulantem,
1007 2755 1394 2797 antispasmodicam
1414 2759 1608 2798 repetunt.
1653 2757 1826 2790 Istarum
1846 2757 1937 2796 plu-

111 2811 238 2847 rimae
263 2812 312 2845 ab
331 2811 644 2846 autochtonibus
663 2816 698 2846 et
717 2812 872 2846 colonis
890 2812 1151 2855 adhibentur,
1185 2812 1439 2853 quarundam
1458 2811 1681 2854 (imprimis
1699 2809 1937 2844 Barosmae

110 2869 318 2901 crematae
341 2866 500 2910 Kunz.]
532 2867 631 2902 folia
663 2866 811 2911 (vulgo
840 2865 964 2901 Folia
991 2865 1155 2910 Bucco]
1187 2868 1340 2903 nostris
1371 2869 1514 2903 diebus
1539 2869 1661 2903 etiam
1683 2868 1726 2903 in
1749 2869 1936 2910 Europae

112 2923 296 2959 officinas
326 2923 464 2969 illata,
498 2928 658 2966 praeter
690 2927 821 2967 oleum
852 2927 1084 2960 aethereum
1115 2924 1295 2960 resinam
1326 2928 1365 2960 et
1394 2924 1637 2967 principium
1668 2924 1937 2960 extractivum

112 2977 443 3025 (Diosme‘nam),
476 2980 742 3016 Cathartinae
768 2984 803 3016 et
830 2981 1063 3024 Bryoninae
1093 2981 1226 3016 simile
1251 2982 1477 3027 continent,
1509 2983 1710 3016 adversus
1734 2990 1935 3024 spasmos,

109 3036 152 3072 in
170 3037 480 3093 rii-eumatalgiis
493 3064 503 3084 ,
534 3037 577 3072 in
596 3037 772 3072 diversis
789 3046 1028 3090 organorum
1047 3037 1207 3073 urinam
1224 3038 1524 3073 secernentium
1541 3037 1824 3087 passionibus,
1856 3037 1940 3082 imo,

110 3096 251 3128 contra
270 3095 474 3129 choleram
490 3095 791 3140 commendata,
822 3104 844 3129 e
861 3094 955 3130 vino
973 3104 1011 3130 v.
1029 3103 1137 3137 aqua
1152 3094 1313 3131 fervida
1330 3096 1518 3138 potanda.

251 3159 565 3198 Burom‘earum
588 3164 721 3202 virtus
744 3166 920 3200 nondum
945 3167 1158 3208 explorata
1178 3168 1251 3201 est.
1311 3165 1518 3201 Plurimas
1535 3167 1622 3201 oleo
1639 3167 1825 3202 aethereo
1841 3174 1936 3202 sca-

111 3223 193 3255 tere
211 3222 383 3255 constat.
447 3218 706 3256 Correarum
724 3222 826 3258 solia
843 3222 998 3257 colonis
1016 3224 1132 3257 theae
1145 3224 1233 3257 loco
1250 3225 1357 3258 sunt.
1651 3226 1654 3227 ⁷

249 3285 478 3323 Dic-tamne·
505 3289 596 3324 albi
625 3292 824 3328 nostratis
855 3292 975 3327 radix
1000 3289 1153 3334 (radix
1175 3289 1404 3336 De'ptumm‘
1423 3301 1463 3328 v.
1488 3288 1790 3335 warewellae)
1817 3293 1936 3329 odore

110 3344 292 3381 resinoso
325 3349 363 3380 et
392 3355 539 3388 sapore
563 3355 702 3383 amaro
726 3349 931 3394 praedita,
963 3349 1153 3384 remediis
1179 3348 1658 3384 ionico-stimulantibus
1680 3353 1935 3385 accensetur.

109 3403 248 3438 Herba
263 3400 459 3443 floresque
477 3404 696 3439 aromatico
708 3398 832 3439 'odore
848 3414 1016 3452 graves,
1036 3409 1189 3440 tantam
1205 3405 1284 3440 olei
1299 3405 1478 3441 aetherei
1496 3405 1653 3448 copiam
1669 3406 1712 3441 in
1727 3406 1937 3450 glandulis

110 3457 311 3500 stipitatis
332 3462 527 3494 secretam
553 3464 715 3506 gerunt,
749 3464 794 3496 ut
814 3461 988 3500 aestivis
1011 3462 1220 3510 noctibuS,
1254 3470 1357 3499 aura
1379 3461 1516 3506 quieta
1532 3465 1571 3499 et
1587 3462 1742 3511 tepida,
1774 3464 1936 3500 admota

112 3513 274 3571 flamma
291 3514 459 3552 istorum
474 3516 629 3554 halitus
645 3518 799 3554 ardeat.
