<?xml version="1.0" encoding="UTF-8"?>
<!DOCTYPE html PUBLIC "-//W3C//DTD XHTML 1.0 Transitional//EN"
    "http://www.w3.org/TR/xhtml1/DTD/xhtml1-transitional.dtd">
<html xmlns="http://www.w3.org/1999/xhtml" xml:lang="en" lang="en">
 <head>
  <title>
</title>
<meta http-equiv="Content-Type" content="text/html;charset=utf-8" />
  <meta name='ocr-system' content='tesseract 3.04.00' />
  <meta name='ocr-capabilities' content='ocr_page ocr_carea ocr_par ocr_line ocrx_word'/>
</head>
<body>
  <div class='ocr_page' id='page_1' title='image "./enchiridionbotan00endl/enchiridionbotan00endl_0403.png"; bbox 0 0 2147 3756; ppageno 0'>
   <div class='ocr_carea' id='block_1_1' title="bbox 997 130 1118 181">
    <p class='ocr_par' dir='ltr' id='par_1_1' title="bbox 997 130 1118 181">
     <span class='ocr_line' id='line_1_1' title="bbox 997 130 1118 181; baseline 0 0"><span class='ocrx_word' id='word_1_1' title='bbox 997 130 1118 181; x_wconf 69' lang='lat'>585</span> 
     </span>
    </p>
   </div>
   <div class='ocr_carea' id='block_1_2' title="bbox 117 302 2024 2961">
    <p class='ocr_par' dir='ltr' id='par_1_2' title="bbox 134 302 2024 1714">
     <span class='ocr_line' id='line_1_2' title="bbox 149 302 1972 358; baseline -0.002 -9"><span class='ocrx_word' id='word_1_2' title='bbox 149 307 392 358; x_wconf 82' lang='lat' dir='ltr'>crescentis,</span> <span class='ocrx_word' id='word_1_3' title='bbox 425 308 555 348; x_wconf 82' lang='lat' dir='ltr'>radici</span> <span class='ocrx_word' id='word_1_4' title='bbox 571 310 707 345; x_wconf 82' lang='lat' dir='ltr'>cultae</span> <span class='ocrx_word' id='word_1_5' title='bbox 721 306 787 346; x_wconf 83' lang='lat' dir='ltr'>his</span> <span class='ocrx_word' id='word_1_6' title='bbox 804 305 988 351; x_wconf 84' lang='lat' dir='ltr'>proxima</span> <span class='ocrx_word' id='word_1_7' title='bbox 1010 304 1212 352; x_wconf 72' lang='lat' dir='ltr'>dignitas,</span> <span class='ocrx_word' id='word_1_8' title='bbox 1243 304 1356 344; x_wconf 78' lang='lat' dir='ltr'>fama</span> <span class='ocrx_word' id='word_1_9' title='bbox 1378 305 1518 349; x_wconf 77' lang='lat' dir='ltr'>maJor.</span> <span class='ocrx_word' id='word_1_10' title='bbox 1576 307 1677 345; x_wconf 81' lang='lat' dir='ltr'>Nam</span> <span class='ocrx_word' id='word_1_11' title='bbox 1695 303 1810 344; x_wconf 78' lang='lat' dir='ltr'>St&#39;ser</span> <span class='ocrx_word' id='word_1_12' title='bbox 1825 302 1972 354; x_wconf 62' lang='lat' dir='ltr'>[oboa-</span> 
     </span>
     <span class='ocr_line' id='line_1_3' title="bbox 149 362 1972 419; baseline 0.001 -17"><span class='ocrx_word' id='word_1_13' title='bbox 149 367 252 419; x_wconf 79' lang='grc' dir='ltr'><strong>ρον)</strong></span> <span class='ocrx_word' id='word_1_14' title='bbox 278 366 555 411; x_wconf 83' lang='lat' dir='ltr'>antiquorum,</span> <span class='ocrx_word' id='word_1_15' title='bbox 588 366 691 408; x_wconf 84' lang='lat' dir='ltr'>quod</span> <span class='ocrx_word' id='word_1_16' title='bbox 723 364 763 400; x_wconf 91' lang='lat' dir='ltr'>in</span> <span class='ocrx_word' id='word_1_17' title='bbox 796 365 898 400; x_wconf 91' lang='lat' dir='ltr'>locis</span> <span class='ocrx_word' id='word_1_18' title='bbox 923 366 1062 400; x_wconf 83' lang='lat' dir='ltr'>Rheno</span> <span class='ocrx_word' id='word_1_19' title='bbox 1093 362 1278 399; x_wconf 84' lang='lat' dir='ltr'>inferiori</span> <span class='ocrx_word' id='word_1_20' title='bbox 1309 362 1460 398; x_wconf 88' lang='lat' dir='ltr'>vicinis</span> <span class='ocrx_word' id='word_1_21' title='bbox 1491 362 1689 406; x_wconf 82' lang='lat' dir='ltr'>imprimis</span> <span class='ocrx_word' id='word_1_22' title='bbox 1718 375 1972 412; x_wconf 76' lang='lat' dir='ltr'>generosum,</span> 
     </span>
     <span class='ocr_line' id='line_1_4' title="bbox 147 419 1972 466; baseline 0 -7"><span class='ocrx_word' id='word_1_23' title='bbox 147 423 353 460; x_wconf 85' lang='lat' dir='ltr'>Tiberium</span> <span class='ocrx_word' id='word_1_24' title='bbox 376 423 611 466; x_wconf 83' lang='lat' dir='ltr'>Augustum</span> <span class='ocrx_word' id='word_1_25' title='bbox 636 422 855 465; x_wconf 74' lang='lat' dir='ltr'>quotannis</span> <span class='ocrx_word' id='word_1_26' title='bbox 878 432 900 457; x_wconf 90' lang='lat' dir='ltr'>e</span> <span class='ocrx_word' id='word_1_27' title='bbox 922 419 1142 457; x_wconf 80' lang='lat' dir='ltr'>Germania</span> <span class='ocrx_word' id='word_1_28' title='bbox 1164 419 1374 464; x_wconf 86' lang='lat' dir='ltr'>flagitasse</span> <span class='ocrx_word' id='word_1_29' title='bbox 1403 419 1599 465; x_wconf 85' lang='lat' dir='ltr'>legimus,</span> <span class='ocrx_word' id='word_1_30' title='bbox 1631 421 1683 455; x_wconf 88' lang='lat' dir='ltr'>ad</span> <span class='ocrx_word' id='word_1_31' title='bbox 1706 421 1972 459; x_wconf 75' lang='lat' dir='ltr'>pastinacam</span> 
     </span>
     <span class='ocr_line' id='line_1_5' title="bbox 146 475 1968 524; baseline 0 -9"><span class='ocrx_word' id='word_1_32' title='bbox 146 480 325 516; x_wconf 84' lang='lat' dir='ltr'>referunt</span> <span class='ocrx_word' id='word_1_33' title='bbox 352 490 430 514; x_wconf 90' lang='lat' dir='ltr'>non</span> <span class='ocrx_word' id='word_1_34' title='bbox 454 478 715 522; x_wconf 80' lang='lat' dir='ltr'>improbabili</span> <span class='ocrx_word' id='word_1_35' title='bbox 738 479 991 524; x_wconf 87' lang='lat' dir='ltr'>conjectura,</span> <span class='ocrx_word' id='word_1_36' title='bbox 1021 485 1119 513; x_wconf 89' lang='lat' dir='ltr'>nam</span> <span class='ocrx_word' id='word_1_37' title='bbox 1139 478 1219 512; x_wconf 88' lang='lat' dir='ltr'>hae</span> <span class='ocrx_word' id='word_1_38' title='bbox 1246 475 1408 512; x_wconf 84' lang='lat' dir='ltr'>radices</span> <span class='ocrx_word' id='word_1_39' title='bbox 1437 475 1663 511; x_wconf 83' lang='lat' dir='ltr'>admixtum</span> <span class='ocrx_word' id='word_1_40' title='bbox 1692 477 1968 515; x_wconf 87' lang='lat' dir='ltr'>leviusculum</span> 
     </span>
     <span class='ocr_line' id='line_1_6' title="bbox 145 531 1971 581; baseline -0.001 -9"><span class='ocrx_word' id='word_1_41' title='bbox 145 544 370 572; x_wconf 81' lang='lat' dir='ltr'>amatorem</span> <span class='ocrx_word' id='word_1_42' title='bbox 401 538 573 581; x_wconf 86' lang='lat' dir='ltr'>habent,</span> <span class='ocrx_word' id='word_1_43' title='bbox 615 535 815 578; x_wconf 83' lang='lat' dir='ltr'>facileque</span> <span class='ocrx_word' id='word_1_44' title='bbox 846 534 1061 571; x_wconf 85' lang='lat' dir='ltr'>fastidium</span> <span class='ocrx_word' id='word_1_45' title='bbox 1085 532 1216 579; x_wconf 85' lang='lat' dir='ltr'>cient,</span> <span class='ocrx_word' id='word_1_46' title='bbox 1254 533 1363 569; x_wconf 89' lang='lat' dir='ltr'>unde</span> <span class='ocrx_word' id='word_1_47' title='bbox 1390 531 1513 577; x_wconf 85' lang='lat' dir='ltr'>pauci</span> <span class='ocrx_word' id='word_1_48' title='bbox 1541 531 1749 579; x_wconf 85' lang='lat' dir='ltr'>homines,</span> <span class='ocrx_word' id='word_1_49' title='bbox 1786 536 1891 575; x_wconf 85' lang='lat' dir='ltr'>quod</span> <span class='ocrx_word' id='word_1_50' title='bbox 1919 536 1971 571; x_wconf 85' lang='lat' dir='ltr'>de</span> 
     </span>
     <span class='ocr_line' id='line_1_7' title="bbox 145 581 1969 637; baseline -0.001 -11"><span class='ocrx_word' id='word_1_51' title='bbox 145 592 284 628; x_wconf 85' lang='lat' dir='ltr'>Sisaro</span> <span class='ocrx_word' id='word_1_52' title='bbox 302 596 440 627; x_wconf 87' lang='lat' dir='ltr'>notant</span> <span class='ocrx_word' id='word_1_53' title='bbox 460 596 638 637; x_wconf 75' lang='lat' dir='ltr'>veteres,</span> <span class='ocrx_word' id='word_1_54' title='bbox 672 596 752 628; x_wconf 88' lang='lat' dir='ltr'>tres</span> <span class='ocrx_word' id='word_1_55' title='bbox 767 581 958 637; x_wconf 87' lang='lat' dir='ltr'>integras</span> <span class='ocrx_word' id='word_1_56' title='bbox 982 589 1143 627; x_wconf 83' lang='lat' dir='ltr'>radices</span> <span class='ocrx_word' id='word_1_57' title='bbox 1165 590 1318 625; x_wconf 91' lang='lat' dir='ltr'>edendo</span> <span class='ocrx_word' id='word_1_58' title='bbox 1342 588 1582 625; x_wconf 87' lang='lat' dir='ltr'>continuare</span> <span class='ocrx_word' id='word_1_59' title='bbox 1607 592 1792 632; x_wconf 87' lang='lat' dir='ltr'>possunt.</span> <span class='ocrx_word' id='word_1_60' title='bbox 1847 582 1969 625; x_wconf 85' lang='grc' dir='ltr'><em>Ἐλα-</em></span> 
     </span>
     <span class='ocr_line' id='line_1_8' title="bbox 144 643 1970 695; baseline 0 -13"><span class='ocrx_word' id='word_1_61' title='bbox 144 643 359 695; x_wconf 72' lang='grc' dir='ltr'><em>φόβοοκον</em></span> <span class='ocrx_word' id='word_1_62' title='bbox 377 647 731 695; x_wconf 73' lang='lat' dir='ltr'>[Hascltek-ako,</span> <span class='ocrx_word' id='word_1_63' title='bbox 756 648 781 683; x_wconf 91' lang='lat' dir='ltr'>i.</span> <span class='ocrx_word' id='word_1_64' title='bbox 801 658 834 683; x_wconf 91' lang='lat' dir='ltr'>e.</span> <span class='ocrx_word' id='word_1_65' title='bbox 852 645 1101 682; x_wconf 32' lang='lat' dir='ltr'>deszwdermm</span> <span class='ocrx_word' id='word_1_66' title='bbox 1117 645 1420 691; x_wconf 61' lang='lat' dir='ltr'>rupicaprae),</span> <span class='ocrx_word' id='word_1_67' title='bbox 1445 647 1548 688; x_wconf 87' lang='lat' dir='ltr'>quod</span> <span class='ocrx_word' id='word_1_68' title='bbox 1565 647 1643 680; x_wconf 86' lang='lat' dir='ltr'>huc</span> <span class='ocrx_word' id='word_1_69' title='bbox 1657 644 1810 682; x_wconf 85' lang='lat' dir='ltr'>referre</span> <span class='ocrx_word' id='word_1_70' title='bbox 1824 648 1970 694; x_wconf 85' lang='lat' dir='ltr'>solent,</span> 
     </span>
     <span class='ocr_line' id='line_1_9' title="bbox 141 698 1971 750; baseline 0 -10"><span class='ocrx_word' id='word_1_71' title='bbox 141 704 262 750; x_wconf 82' lang='lat' dir='ltr'>longe</span> <span class='ocrx_word' id='word_1_72' title='bbox 279 714 304 741; x_wconf 86' lang='lat' dir='ltr'>a</span> <span class='ocrx_word' id='word_1_73' title='bbox 321 705 544 741; x_wconf 77' lang='lat' dir='ltr'>pastinaca</span> <span class='ocrx_word' id='word_1_74' title='bbox 561 705 711 740; x_wconf 80' lang='lat' dir='ltr'>distare</span> <span class='ocrx_word' id='word_1_75' title='bbox 728 704 980 741; x_wconf 75' lang='lat' dir='ltr'>crediderim.</span> <span class='ocrx_word' id='word_1_76' title='bbox 1039 700 1300 741; x_wconf 69' lang='lat' dir='ltr'>Pastinacae</span> <span class='ocrx_word' id='word_1_77' title='bbox 1317 698 1505 736; x_wconf 71' lang='lat' dir='ltr'>Sekakul</span> <span class='ocrx_word' id='word_1_78' title='bbox 1524 703 1668 747; x_wconf 85' lang='lat' dir='ltr'>Russ.‚</span> <span class='ocrx_word' id='word_1_79' title='bbox 1704 701 1816 738; x_wconf 84' lang='lat' dir='ltr'>circa</span> <span class='ocrx_word' id='word_1_80' title='bbox 1838 703 1971 746; x_wconf 86' lang='lat' dir='ltr'>Alep-</span> 
     </span>
     <span class='ocr_line' id='line_1_10' title="bbox 142 757 1969 805; baseline -0.002 -8"><span class='ocrx_word' id='word_1_81' title='bbox 142 772 238 805; x_wconf 87' lang='lat' dir='ltr'>pum</span> <span class='ocrx_word' id='word_1_82' title='bbox 256 761 401 805; x_wconf 76' lang='lat' dir='ltr'>syriae</span> <span class='ocrx_word' id='word_1_83' title='bbox 418 766 453 797; x_wconf 91' lang='lat' dir='ltr'>et</span> <span class='ocrx_word' id='word_1_84' title='bbox 472 761 771 797; x_wconf 81' lang='lat' dir='ltr'>Alexandriam</span> <span class='ocrx_word' id='word_1_85' title='bbox 788 760 967 805; x_wconf 76' lang='lat' dir='ltr'>Aegypti</span> <span class='ocrx_word' id='word_1_86' title='bbox 984 768 1009 795; x_wconf 91' lang='lat' dir='ltr'>a</span> <span class='ocrx_word' id='word_1_87' title='bbox 1024 758 1227 794; x_wconf 87' lang='lat' dir='ltr'>botanicis</span> <span class='ocrx_word' id='word_1_88' title='bbox 1252 760 1514 804; x_wconf 77' lang='lat' dir='ltr'>observatae,</span> <span class='ocrx_word' id='word_1_89' title='bbox 1546 758 1666 794; x_wconf 82' lang='lat' dir='ltr'>radix</span> <span class='ocrx_word' id='word_1_90' title='bbox 1688 757 1795 794; x_wconf 88' lang='lat' dir='ltr'>inter</span> <span class='ocrx_word' id='word_1_91' title='bbox 1813 761 1969 802; x_wconf 63' lang='lat' dir='ltr'>xaphro-</span> 
     </span>
     <span class='ocr_line' id='line_1_11' title="bbox 146 811 1971 859; baseline -0.001 -6"><span class='ocrx_word' id='word_1_92' title='bbox 146 818 309 854; x_wconf 88' lang='lat' dir='ltr'>disiaca</span> <span class='ocrx_word' id='word_1_93' title='bbox 324 818 499 854; x_wconf 82' lang='lat' dir='ltr'>Orientis</span> <span class='ocrx_word' id='word_1_94' title='bbox 523 817 678 854; x_wconf 83' lang='lat' dir='ltr'>fercula</span> <span class='ocrx_word' id='word_1_95' title='bbox 702 818 871 853; x_wconf 88' lang='lat' dir='ltr'>famosa.</span> <span class='ocrx_word' id='word_1_96' title='bbox 931 812 1001 850; x_wconf 78' lang='lat' dir='ltr'>Se&#39;o</span> <span class='ocrx_word' id='word_1_97' title='bbox 1020 811 1167 849; x_wconf 71' lang='lat' dir='ltr'>Sisara</span> <span class='ocrx_word' id='word_1_98' title='bbox 1185 813 1302 850; x_wconf 86' lang='lat' dir='ltr'>Linn.</span> <span class='ocrx_word' id='word_1_99' title='bbox 1329 814 1478 859; x_wconf 83' lang='lat' dir='ltr'>[vulgo</span> <span class='ocrx_word' id='word_1_100' title='bbox 1494 815 1843 859; x_wconf 84' lang='lat' dir='ltr'>Zuckerwurzel]</span> <span class='ocrx_word' id='word_1_101' title='bbox 1865 815 1971 851; x_wconf 85' lang='lat' dir='ltr'>nihil</span> 
     </span>
     <span class='ocr_line' id='line_1_12' title="bbox 146 870 1970 918; baseline -0.002 -7"><span class='ocrx_word' id='word_1_102' title='bbox 146 884 237 911; x_wconf 84' lang='lat' dir='ltr'>cum</span> <span class='ocrx_word' id='word_1_103' title='bbox 254 877 435 910; x_wconf 81' lang='lat' dir='ltr'>veterum</span> <span class='ocrx_word' id='word_1_104' title='bbox 455 875 595 910; x_wconf 84' lang='lat' dir='ltr'>Sisaro</span> <span class='ocrx_word' id='word_1_105' title='bbox 612 883 821 909; x_wconf 91' lang='lat' dir='ltr'>commune</span> <span class='ocrx_word' id='word_1_106' title='bbox 838 876 918 917; x_wconf 84' lang='lat' dir='ltr'>est3</span> <span class='ocrx_word' id='word_1_107' title='bbox 950 875 1093 915; x_wconf 89' lang='lat' dir='ltr'>planta</span> <span class='ocrx_word' id='word_1_108' title='bbox 1110 871 1152 906; x_wconf 91' lang='lat' dir='ltr'>in</span> <span class='ocrx_word' id='word_1_109' title='bbox 1171 871 1322 917; x_wconf 76' lang='lat' dir='ltr'>Cliina,</span> <span class='ocrx_word' id='word_1_110' title='bbox 1354 870 1549 918; x_wconf 84' lang='lat' dir='ltr'>Japonia,</span> <span class='ocrx_word' id='word_1_111' title='bbox 1581 871 1730 917; x_wconf 77' lang='lat' dir='ltr'>Corea,</span> <span class='ocrx_word' id='word_1_112' title='bbox 1760 872 1970 916; x_wconf 88' lang='lat' dir='ltr'>Mongolia</span> 
     </span>
     <span class='ocr_line' id='line_1_13' title="bbox 143 927 1970 976; baseline -0.001 -10"><span class='ocrx_word' id='word_1_113' title='bbox 143 937 181 967; x_wconf 88' lang='lat' dir='ltr'>et</span> <span class='ocrx_word' id='word_1_114' title='bbox 204 929 510 966; x_wconf 77' lang='lat' dir='ltr'>Conchinchina</span> <span class='ocrx_word' id='word_1_115' title='bbox 532 929 736 976; x_wconf 87' lang='lat' dir='ltr'>nascitur,</span> <span class='ocrx_word' id='word_1_116' title='bbox 769 929 810 964; x_wconf 92' lang='lat' dir='ltr'>in</span> <span class='ocrx_word' id='word_1_117' title='bbox 835 928 1043 964; x_wconf 87' lang='lat' dir='ltr'>Oleraceis</span> <span class='ocrx_word' id='word_1_118' title='bbox 1066 927 1194 962; x_wconf 87' lang='lat' dir='ltr'>hortis</span> <span class='ocrx_word' id='word_1_119' title='bbox 1218 927 1336 963; x_wconf 89' lang='lat' dir='ltr'>nobis</span> <span class='ocrx_word' id='word_1_120' title='bbox 1359 927 1494 963; x_wconf 89' lang='lat' dir='ltr'>rarius</span> <span class='ocrx_word' id='word_1_121' title='bbox 1516 930 1641 964; x_wconf 91' lang='lat' dir='ltr'>culta.</span> <span class='ocrx_word' id='word_1_122' title='bbox 1700 928 1816 964; x_wconf 87' lang='lat' dir='ltr'>Hanc</span> <span class='ocrx_word' id='word_1_123' title='bbox 1846 930 1915 964; x_wconf 89' lang='lat' dir='ltr'>vel</span> <span class='ocrx_word' id='word_1_124' title='bbox 1942 937 1970 964; x_wconf 85' lang='lat' dir='ltr'>a</span> 
     </span>
     <span class='ocr_line' id='line_1_14' title="bbox 142 983 2024 1029; baseline -0.001 -7"><span class='ocrx_word' id='word_1_125' title='bbox 142 990 281 1023; x_wconf 82' lang='lat' dir='ltr'>Marco</span> <span class='ocrx_word' id='word_1_126' title='bbox 297 987 397 1021; x_wconf 93' lang='lat' dir='ltr'>Polo</span> <span class='ocrx_word' id='word_1_127' title='bbox 412 996 451 1021; x_wconf 86' lang='lat' dir='ltr'>v.</span> <span class='ocrx_word' id='word_1_128' title='bbox 469 994 493 1021; x_wconf 86' lang='lat' dir='ltr'>a</span> <span class='ocrx_word' id='word_1_129' title='bbox 508 985 719 1021; x_wconf 87' lang='lat' dir='ltr'>monachis</span> <span class='ocrx_word' id='word_1_130' title='bbox 735 984 1029 1021; x_wconf 84' lang='lat' dir='ltr'>Franciscanis</span> <span class='ocrx_word' id='word_1_131' title='bbox 1041 1011 1051 1029; x_wconf 93' lang='lat'>,</span> <span class='ocrx_word' id='word_1_132' title='bbox 1083 986 1250 1020; x_wconf 90' lang='lat' dir='ltr'>saeculo</span> <span class='ocrx_word' id='word_1_133' title='bbox 1267 983 1421 1019; x_wconf 87' lang='lat' dir='ltr'>decimo</span> <span class='ocrx_word' id='word_1_134' title='bbox 1440 984 1554 1020; x_wconf 89' lang='lat' dir='ltr'>tertio</span> <span class='ocrx_word' id='word_1_135' title='bbox 1580 993 1607 1020; x_wconf 90' lang='lat' dir='ltr'>a</span> <span class='ocrx_word' id='word_1_136' title='bbox 1621 986 1740 1028; x_wconf 88' lang='lat' dir='ltr'>Papa</span> <span class='ocrx_word' id='word_1_137' title='bbox 1762 985 1805 1021; x_wconf 92' lang='lat' dir='ltr'>in</span> <span class='ocrx_word' id='word_1_138' title='bbox 1819 984 1967 1021; x_wconf 84' lang='lat' dir='ltr'>Asiam</span> <span class='ocrx_word' id='word_1_139' title='bbox 2020 992 2024 995; x_wconf 53' lang='lat'><em>⁷</em></span> 
     </span>
     <span class='ocr_line' id='line_1_15' title="bbox 139 1039 1968 1088; baseline -0.002 -9"><span class='ocrx_word' id='word_1_140' title='bbox 139 1042 294 1088; x_wconf 86' lang='lat' dir='ltr'>missis,</span> <span class='ocrx_word' id='word_1_141' title='bbox 314 1042 477 1078; x_wconf 87' lang='lat' dir='ltr'>eChina</span> <span class='ocrx_word' id='word_1_142' title='bbox 486 1041 639 1078; x_wconf 87' lang='lat' dir='ltr'>boreali</span> <span class='ocrx_word' id='word_1_143' title='bbox 656 1043 869 1078; x_wconf 79' lang='lat' dir='ltr'>advectam</span> <span class='ocrx_word' id='word_1_144' title='bbox 887 1041 1050 1084; x_wconf 80' lang='lat' dir='ltr'>plurimi</span> <span class='ocrx_word' id='word_1_145' title='bbox 1068 1044 1225 1085; x_wconf 81' lang='lat' dir='ltr'>putant,</span> <span class='ocrx_word' id='word_1_146' title='bbox 1242 1040 1510 1082; x_wconf 87' lang='lat' dir='ltr'>antiquiorem</span> <span class='ocrx_word' id='word_1_147' title='bbox 1528 1041 1600 1077; x_wconf 89' lang='lat' dir='ltr'>alii</span> <span class='ocrx_word' id='word_1_148' title='bbox 1616 1043 1783 1084; x_wconf 82' lang='lat' dir='ltr'>plantae</span> <span class='ocrx_word' id='word_1_149' title='bbox 1795 1039 1968 1088; x_wconf 80' lang='lat' dir='ltr'>(Gerla,</span> 
     </span>
     <span class='ocr_line' id='line_1_16' title="bbox 143 1092 1967 1143; baseline 0.001 -10"><span class='ocrx_word' id='word_1_150' title='bbox 143 1096 316 1133; x_wconf 78' lang='lat' dir='ltr'>Gerwla</span> <span class='ocrx_word' id='word_1_151' title='bbox 326 1092 366 1143; x_wconf 84' lang='lat'>?)</span> <span class='ocrx_word' id='word_1_152' title='bbox 394 1098 631 1135; x_wconf 79' lang='lat' dir='ltr'>memoriam</span> <span class='ocrx_word' id='word_1_153' title='bbox 656 1099 879 1141; x_wconf 80' lang='lat' dir='ltr'>perhibent.</span> <span class='ocrx_word' id='word_1_154' title='bbox 939 1097 1076 1134; x_wconf 85' lang='lat' dir='ltr'>Radix</span> <span class='ocrx_word' id='word_1_155' title='bbox 1100 1100 1299 1134; x_wconf 82' lang='lat' dir='ltr'>saccharo</span> <span class='ocrx_word' id='word_1_156' title='bbox 1321 1096 1485 1141; x_wconf 78' lang='lat' dir='ltr'>gravis,</span> <span class='ocrx_word' id='word_1_157' title='bbox 1517 1097 1602 1133; x_wconf 90' lang='lat' dir='ltr'>leni</span> <span class='ocrx_word' id='word_1_158' title='bbox 1626 1102 1804 1134; x_wconf 88' lang='lat' dir='ltr'>aromate</span> <span class='ocrx_word' id='word_1_159' title='bbox 1828 1100 1967 1142; x_wconf 89' lang='lat' dir='ltr'>palato</span> 
     </span>
     <span class='ocr_line' id='line_1_17' title="bbox 139 1150 1968 1203; baseline -0.001 -11"><span class='ocrx_word' id='word_1_160' title='bbox 139 1160 278 1203; x_wconf 85' lang='lat' dir='ltr'>grata,</span> <span class='ocrx_word' id='word_1_161' title='bbox 315 1156 544 1192; x_wconf 88' lang='lat' dir='ltr'>ventriculo</span> <span class='ocrx_word' id='word_1_162' title='bbox 575 1155 709 1192; x_wconf 88' lang='lat' dir='ltr'>amica</span> <span class='ocrx_word' id='word_1_163' title='bbox 737 1155 926 1191; x_wconf 84' lang='lat' dir='ltr'>creditur.</span> <span class='ocrx_word' id='word_1_164' title='bbox 987 1150 1101 1188; x_wconf 77' lang='lat' dir='ltr'>Sz‘um</span> <span class='ocrx_word' id='word_1_165' title='bbox 1134 1151 1260 1187; x_wconf 72' lang='lat' dir='ltr'>Nr&#39;nsi</span> <span class='ocrx_word' id='word_1_166' title='bbox 1287 1155 1467 1201; x_wconf 86' lang='lat' dir='ltr'>Thunb.,</span> <span class='ocrx_word' id='word_1_167' title='bbox 1506 1155 1625 1197; x_wconf 89' lang='lat' dir='ltr'>cujus</span> <span class='ocrx_word' id='word_1_168' title='bbox 1654 1154 1833 1191; x_wconf 88' lang='lat' dir='ltr'>radicem</span> <span class='ocrx_word' id='word_1_169' title='bbox 1864 1155 1968 1191; x_wconf 91' lang='lat' dir='ltr'>inter</span> 
     </span>
     <span class='ocr_line' id='line_1_18' title="bbox 138 1211 1966 1257; baseline 0 -9"><span class='ocrx_word' id='word_1_170' title='bbox 138 1212 500 1256; x_wconf 75' lang='lat' dir='ltr'>praestantissima</span> <span class='ocrx_word' id='word_1_171' title='bbox 529 1212 683 1248; x_wconf 89' lang='lat' dir='ltr'>radicis</span> <span class='ocrx_word' id='word_1_172' title='bbox 713 1212 923 1255; x_wconf 84' lang='lat' dir='ltr'>Jin-seng</span> <span class='ocrx_word' id='word_1_173' title='bbox 952 1212 1211 1247; x_wconf 87' lang='lat' dir='ltr'>succedanea</span> <span class='ocrx_word' id='word_1_174' title='bbox 1240 1211 1366 1245; x_wconf 89' lang='lat' dir='ltr'>Sinae</span> <span class='ocrx_word' id='word_1_175' title='bbox 1396 1213 1433 1244; x_wconf 89' lang='lat' dir='ltr'>et</span> <span class='ocrx_word' id='word_1_176' title='bbox 1461 1212 1641 1254; x_wconf 88' lang='lat' dir='ltr'>Japones</span> <span class='ocrx_word' id='word_1_177' title='bbox 1670 1216 1906 1257; x_wconf 82' lang='lat' dir='ltr'>numerant,</span> <span class='ocrx_word' id='word_1_178' title='bbox 1940 1221 1966 1248; x_wconf 78' lang='lat' dir='ltr'>a</span> 
     </span>
     <span class='ocr_line' id='line_1_19' title="bbox 139 1263 1966 1315; baseline -0.001 -11"><span class='ocrx_word' id='word_1_179' title='bbox 139 1269 279 1305; x_wconf 85' lang='lat' dir='ltr'>Sisaro</span> <span class='ocrx_word' id='word_1_180' title='bbox 297 1268 369 1304; x_wconf 84' lang='lat' dir='ltr'>vix</span> <span class='ocrx_word' id='word_1_181' title='bbox 384 1268 523 1312; x_wconf 87' lang='lat' dir='ltr'>specie</span> <span class='ocrx_word' id='word_1_182' title='bbox 540 1269 698 1305; x_wconf 83' lang='lat' dir='ltr'>differre</span> <span class='ocrx_word' id='word_1_183' title='bbox 712 1267 915 1304; x_wconf 82' lang='lat' dir='ltr'>botanicis</span> <span class='ocrx_word' id='word_1_184' title='bbox 930 1267 1106 1303; x_wconf 87' lang='lat' dir='ltr'>videtur.</span> <span class='ocrx_word' id='word_1_185' title='bbox 1137 1263 1203 1301; x_wconf 72' lang='grc' dir='ltr'>δὴ·</span> <span class='ocrx_word' id='word_1_186' title='bbox 1215 1263 1401 1315; x_wconf 71' lang='lat' dir='ltr'>latifolii</span> <span class='ocrx_word' id='word_1_187' title='bbox 1415 1265 1548 1314; x_wconf 82' lang='lat' dir='ltr'>Linn.,</span> <span class='ocrx_word' id='word_1_188' title='bbox 1571 1269 1738 1309; x_wconf 83' lang='lat' dir='ltr'>plantae</span> <span class='ocrx_word' id='word_1_189' title='bbox 1753 1268 1966 1315; x_wconf 78' lang='lat' dir='ltr'>nostratis,</span> 
     </span>
     <span class='ocr_line' id='line_1_20' title="bbox 138 1319 1965 1369; baseline -0.001 -9"><span class='ocrx_word' id='word_1_190' title='bbox 138 1325 180 1361; x_wconf 93' lang='lat' dir='ltr'>in</span> <span class='ocrx_word' id='word_1_191' title='bbox 198 1325 411 1368; x_wconf 84' lang='lat' dir='ltr'>paludosis</span> <span class='ocrx_word' id='word_1_192' title='bbox 426 1325 649 1362; x_wconf 90' lang='lat' dir='ltr'>crescentis</span> <span class='ocrx_word' id='word_1_193' title='bbox 663 1353 672 1369; x_wconf 94' lang='lat'>,</span> <span class='ocrx_word' id='word_1_194' title='bbox 704 1325 825 1361; x_wconf 84' lang='lat' dir='ltr'>radix</span> <span class='ocrx_word' id='word_1_195' title='bbox 839 1333 996 1360; x_wconf 89' lang='lat' dir='ltr'>veneno</span> <span class='ocrx_word' id='word_1_196' title='bbox 1012 1324 1218 1360; x_wconf 87' lang='lat' dir='ltr'>narcotico</span> <span class='ocrx_word' id='word_1_197' title='bbox 1232 1326 1427 1366; x_wconf 88' lang='lat' dir='ltr'>suspecta</span> <span class='ocrx_word' id='word_1_198' title='bbox 1443 1326 1518 1358; x_wconf 88' lang='lat' dir='ltr'>est.</span> <span class='ocrx_word' id='word_1_199' title='bbox 1579 1319 1818 1369; x_wconf 71' lang='lat' dir='ltr'>smyrnium</span> <span class='ocrx_word' id='word_1_200' title='bbox 1840 1322 1965 1359; x_wconf 80' lang='lat' dir='ltr'>Olus-</span> 
     </span>
     <span class='ocr_line' id='line_1_21' title="bbox 139 1371 1963 1431; baseline 0.001 -16"><span class='ocrx_word' id='word_1_201' title='bbox 139 1385 283 1416; x_wconf 83' lang='lat' dir='ltr'>alrum</span> <span class='ocrx_word' id='word_1_202' title='bbox 314 1380 434 1418; x_wconf 89' lang='lat' dir='ltr'>Linn.</span> <span class='ocrx_word' id='word_1_203' title='bbox 473 1375 802 1430; x_wconf 81' lang='grc' dir='ltr'><strong>(ἱπποοέλινσν,</strong></span> <span class='ocrx_word' id='word_1_204' title='bbox 847 1382 968 1417; x_wconf 86' lang='lat' dir='ltr'>hodie</span> <span class='ocrx_word' id='word_1_205' title='bbox 1004 1383 1122 1424; x_wconf 85' lang='lat' dir='ltr'>prout</span> <span class='ocrx_word' id='word_1_206' title='bbox 1157 1380 1312 1424; x_wconf 87' lang='lat' dir='ltr'>Apium</span> <span class='ocrx_word' id='word_1_207' title='bbox 1347 1371 1662 1431; x_wconf 76' lang='grc' dir='ltr'><em>ἀγριοσέλινον,</em></span> <span class='ocrx_word' id='word_1_208' title='bbox 1707 1377 1963 1424; x_wconf 78' lang='lat' dir='ltr'>Macerone)</span> 
     </span>
     <span class='ocr_line' id='line_1_22' title="bbox 137 1436 1967 1482; baseline 0 -8"><span class='ocrx_word' id='word_1_209' title='bbox 137 1448 217 1474; x_wconf 89' lang='lat' dir='ltr'>non</span> <span class='ocrx_word' id='word_1_210' title='bbox 233 1438 360 1475; x_wconf 87' lang='lat' dir='ltr'>infimi</span> <span class='ocrx_word' id='word_1_211' title='bbox 374 1439 479 1475; x_wconf 87' lang='lat' dir='ltr'>inter</span> <span class='ocrx_word' id='word_1_212' title='bbox 495 1441 608 1475; x_wconf 81' lang='lat' dir='ltr'>olera</span> <span class='ocrx_word' id='word_1_213' title='bbox 631 1440 739 1482; x_wconf 87' lang='lat' dir='ltr'>apud</span> <span class='ocrx_word' id='word_1_214' title='bbox 761 1441 921 1475; x_wconf 87' lang='lat' dir='ltr'>veteres</span> <span class='ocrx_word' id='word_1_215' title='bbox 944 1437 1133 1474; x_wconf 88' lang='lat' dir='ltr'>nominis.</span> <span class='ocrx_word' id='word_1_216' title='bbox 1192 1437 1391 1473; x_wconf 86' lang='lat' dir='ltr'>Turiones</span> <span class='ocrx_word' id='word_1_217' title='bbox 1416 1440 1455 1472; x_wconf 91' lang='lat' dir='ltr'>et</span> <span class='ocrx_word' id='word_1_218' title='bbox 1477 1436 1578 1474; x_wconf 83' lang='lat' dir='ltr'>solia</span> <span class='ocrx_word' id='word_1_219' title='bbox 1598 1438 1720 1473; x_wconf 88' lang='lat' dir='ltr'>odore</span> <span class='ocrx_word' id='word_1_220' title='bbox 1743 1438 1967 1474; x_wconf 88' lang='lat' dir='ltr'>aromatico</span> 
     </span>
     <span class='ocr_line' id='line_1_23' title="bbox 137 1489 1964 1542; baseline 0.001 -12"><span class='ocrx_word' id='word_1_221' title='bbox 137 1496 485 1542; x_wconf 79' lang='lat' dir='ltr'>commendantur,</span> <span class='ocrx_word' id='word_1_222' title='bbox 542 1496 689 1532; x_wconf 84' lang='lat' dir='ltr'>Radici</span> <span class='ocrx_word' id='word_1_223' title='bbox 717 1496 828 1532; x_wconf 88' lang='lat' dir='ltr'>vires</span> <span class='ocrx_word' id='word_1_224' title='bbox 859 1495 1080 1531; x_wconf 88' lang='lat' dir='ltr'>diureticas</span> <span class='ocrx_word' id='word_1_225' title='bbox 1110 1494 1304 1530; x_wconf 85' lang='lat' dir='ltr'>tribuunt.</span> <span class='ocrx_word' id='word_1_226' title='bbox 1371 1489 1562 1540; x_wconf 71' lang='lat' dir='ltr'>Smyrm‘i</span> <span class='ocrx_word' id='word_1_227' title='bbox 1582 1492 1819 1542; x_wconf 76' lang='lat' dir='ltr'>perfoliaei</span> <span class='ocrx_word' id='word_1_228' title='bbox 1842 1494 1964 1532; x_wconf 87' lang='lat' dir='ltr'>Linn.</span> 
     </span>
     <span class='ocr_line' id='line_1_24' title="bbox 136 1545 1966 1616; baseline 0.001 -29"><span class='ocrx_word' id='word_1_229' title='bbox 136 1545 390 1602; x_wconf 74' lang='grc' dir='ltr'><strong>(0·μύρνιον)</strong></span> <span class='ocrx_word' id='word_1_230' title='bbox 407 1553 528 1588; x_wconf 82' lang='lat' dir='ltr'>radix</span> <span class='ocrx_word' id='word_1_231' title='bbox 541 1552 788 1601; x_wconf 83' lang='lat' dir='ltr'>aromatica,</span> <span class='ocrx_word' id='word_1_232' title='bbox 818 1561 909 1588; x_wconf 90' lang='lat' dir='ltr'>cum</span> <span class='ocrx_word' id='word_1_233' title='bbox 924 1550 1099 1616; x_wconf 64' lang='grc' dir='ltr'><strong>11013111ιί</strong></span> <span class='ocrx_word' id='word_1_234' title='bbox 1115 1550 1319 1587; x_wconf 87' lang='lat' dir='ltr'>acredine.</span> <span class='ocrx_word' id='word_1_235' title='bbox 1378 1551 1515 1587; x_wconf 87' lang='lat' dir='ltr'>Herba</span> <span class='ocrx_word' id='word_1_236' title='bbox 1531 1550 1663 1586; x_wconf 88' lang='lat' dir='ltr'>Oleris</span> <span class='ocrx_word' id='word_1_237' title='bbox 1680 1551 1759 1586; x_wconf 89' lang='lat' dir='ltr'>atri</span> <span class='ocrx_word' id='word_1_238' title='bbox 1774 1550 1966 1597; x_wconf 80' lang='lat' dir='ltr'>fragran-</span> 
     </span>
     <span class='ocr_line' id='line_1_25' title="bbox 135 1605 1965 1674; baseline 0.002 -31"><span class='ocrx_word' id='word_1_239' title='bbox 135 1607 234 1644; x_wconf 85' lang='lat' dir='ltr'>tiam</span> <span class='ocrx_word' id='word_1_240' title='bbox 251 1611 492 1645; x_wconf 88' lang='lat' dir='ltr'>aemulatur.</span> <span class='ocrx_word' id='word_1_241' title='bbox 551 1605 593 1641; x_wconf 88' lang='lat' dir='ltr'><em>F</em></span> <span class='ocrx_word' id='word_1_242' title='bbox 593 1606 880 1674; x_wconf 70' lang='lat' dir='ltr'>chmoplmrae</span> <span class='ocrx_word' id='word_1_243' title='bbox 895 1608 1091 1653; x_wconf 70' lang='lat' dir='ltr'>spinosae</span> <span class='ocrx_word' id='word_1_244' title='bbox 1105 1606 1225 1643; x_wconf 88' lang='lat' dir='ltr'>Linn.</span> <span class='ocrx_word' id='word_1_245' title='bbox 1239 1634 1249 1656; x_wconf 84' lang='lat'>,</span> <span class='ocrx_word' id='word_1_246' title='bbox 1281 1606 1322 1643; x_wconf 87' lang='lat' dir='ltr'>in</span> <span class='ocrx_word' id='word_1_247' title='bbox 1339 1606 1544 1644; x_wconf 86' lang='lat' dir='ltr'>littoribus</span> <span class='ocrx_word' id='word_1_248' title='bbox 1559 1607 1869 1646; x_wconf 87' lang='lat' dir='ltr'>mediterraneis</span> <span class='ocrx_word' id='word_1_249' title='bbox 1891 1610 1965 1646; x_wconf 86' lang='lat' dir='ltr'>ob-</span> 
     </span>
     <span class='ocr_line' id='line_1_26' title="bbox 134 1648 1053 1717; baseline -0.002 -16"><span class='ocrx_word' id='word_1_250' title='bbox 134 1674 160 1701; x_wconf 85' lang='lat' dir='ltr'>v</span> <span class='ocrx_word' id='word_1_251' title='bbox 165 1664 249 1717; x_wconf 83' lang='lat' dir='ltr'>iae,</span> <span class='ocrx_word' id='word_1_252' title='bbox 281 1665 401 1701; x_wconf 84' lang='lat' dir='ltr'>radix</span> <span class='ocrx_word' id='word_1_253' title='bbox 417 1666 566 1701; x_wconf 88' lang='lat' dir='ltr'>virtute</span> <span class='ocrx_word' id='word_1_254' title='bbox 580 1648 831 1702; x_wconf 77' lang='lat' dir='ltr'>pastinacae</span> <span class='ocrx_word' id='word_1_255' title='bbox 847 1665 1053 1709; x_wconf 72' lang='lat' dir='ltr'>proximar</span> 
     </span>
    </p>

    <p class='ocr_par' dir='ltr' id='par_1_3' title="bbox 128 1717 1964 2563">
     <span class='ocr_line' id='line_1_27' title="bbox 273 1717 1963 1770; baseline 0.001 -12"><span class='ocrx_word' id='word_1_256' title='bbox 273 1724 384 1758; x_wconf 86' lang='lat' dir='ltr'>Inter</span> <span class='ocrx_word' id='word_1_257' title='bbox 413 1722 723 1770; x_wconf 84' lang='lat' dir='ltr'>Umbelliferas,</span> <span class='ocrx_word' id='word_1_258' title='bbox 763 1722 902 1758; x_wconf 86' lang='lat' dir='ltr'>radice</span> <span class='ocrx_word' id='word_1_259' title='bbox 935 1720 1046 1758; x_wconf 86' lang='lat' dir='ltr'>dulci</span> <span class='ocrx_word' id='word_1_260' title='bbox 1074 1721 1400 1769; x_wconf 85' lang='lat' dir='ltr'>commendatas,</span> <span class='ocrx_word' id='word_1_261' title='bbox 1433 1717 1614 1757; x_wconf 67' lang='lat' dir='ltr'>Daue-ns</span> <span class='ocrx_word' id='word_1_262' title='bbox 1646 1719 1813 1756; x_wconf 71' lang='lat' dir='ltr'>eurota</span> <span class='ocrx_word' id='word_1_263' title='bbox 1840 1721 1963 1760; x_wconf 81' lang='lat' dir='ltr'>Linn.</span> 
     </span>
     <span class='ocr_line' id='line_1_28' title="bbox 135 1774 1964 1825; baseline 0.001 -11"><span class='ocrx_word' id='word_1_264' title='bbox 135 1774 438 1825; x_wconf 72' lang='grc' dir='ltr'>(σταφυλῖνος,</span> <span class='ocrx_word' id='word_1_265' title='bbox 468 1779 588 1816; x_wconf 85' lang='lat' dir='ltr'>hodie</span> <span class='ocrx_word' id='word_1_266' title='bbox 611 1774 884 1823; x_wconf 77' lang='grc' dir='ltr'>σταφνλόνα)</span> <span class='ocrx_word' id='word_1_267' title='bbox 917 1778 1153 1824; x_wconf 86' lang='lat' dir='ltr'>dignatione</span> <span class='ocrx_word' id='word_1_268' title='bbox 1181 1777 1342 1814; x_wconf 89' lang='lat' dir='ltr'>eminet.</span> <span class='ocrx_word' id='word_1_269' title='bbox 1399 1777 1593 1821; x_wconf 84' lang='lat' dir='ltr'>Agrestis</span> <span class='ocrx_word' id='word_1_270' title='bbox 1614 1780 1782 1822; x_wconf 89' lang='lat' dir='ltr'>plantae</span> <span class='ocrx_word' id='word_1_271' title='bbox 1804 1778 1964 1816; x_wconf 82' lang='lat' dir='ltr'>fructus</span> 
     </span>
     <span class='ocr_line' id='line_1_29' title="bbox 135 1834 1964 1882; baseline 0.001 -11"><span class='ocrx_word' id='word_1_272' title='bbox 135 1835 384 1871; x_wconf 86' lang='lat' dir='ltr'>aromatico·</span> <span class='ocrx_word' id='word_1_273' title='bbox 396 1836 525 1871; x_wconf 88' lang='lat' dir='ltr'>amari</span> <span class='ocrx_word' id='word_1_274' title='bbox 548 1835 818 1872; x_wconf 86' lang='lat' dir='ltr'>flatulentiam</span> <span class='ocrx_word' id='word_1_275' title='bbox 835 1844 984 1872; x_wconf 87' lang='lat' dir='ltr'>sanare</span> <span class='ocrx_word' id='word_1_276' title='bbox 1000 1839 1036 1871; x_wconf 87' lang='lat' dir='ltr'>et</span> <span class='ocrx_word' id='word_1_277' title='bbox 1053 1834 1198 1871; x_wconf 89' lang='lat' dir='ltr'>urinae</span> <span class='ocrx_word' id='word_1_278' title='bbox 1213 1834 1366 1871; x_wconf 90' lang='lat' dir='ltr'>fluxum</span> <span class='ocrx_word' id='word_1_279' title='bbox 1383 1834 1573 1878; x_wconf 85' lang='lat' dir='ltr'>expedire</span> <span class='ocrx_word' id='word_1_280' title='bbox 1590 1838 1808 1882; x_wconf 89' lang='lat' dir='ltr'>putantur,</span> <span class='ocrx_word' id='word_1_281' title='bbox 1841 1835 1964 1872; x_wconf 81' lang='lat' dir='ltr'>radix</span> 
     </span>
     <span class='ocr_line' id='line_1_30' title="bbox 134 1891 1963 1939; baseline 0.001 -11"><span class='ocrx_word' id='word_1_282' title='bbox 134 1892 318 1939; x_wconf 81' lang='lat' dir='ltr'>lignosa,</span> <span class='ocrx_word' id='word_1_283' title='bbox 357 1901 504 1936; x_wconf 87' lang='lat' dir='ltr'>sapore</span> <span class='ocrx_word' id='word_1_284' title='bbox 534 1892 879 1929; x_wconf 86' lang='lat' dir='ltr'>aromatico-acri</span> <span class='ocrx_word' id='word_1_285' title='bbox 908 1892 1115 1939; x_wconf 87' lang='lat' dir='ltr'>praedita,</span> <span class='ocrx_word' id='word_1_286' title='bbox 1146 1891 1306 1927; x_wconf 90' lang='lat' dir='ltr'>inutilis</span> <span class='ocrx_word' id='word_1_287' title='bbox 1336 1895 1419 1938; x_wconf 80' lang='lat' dir='ltr'>est3</span> <span class='ocrx_word' id='word_1_288' title='bbox 1454 1894 1589 1928; x_wconf 86' lang='lat' dir='ltr'>cultae</span> <span class='ocrx_word' id='word_1_289' title='bbox 1613 1892 1840 1935; x_wconf 86' lang='lat' dir='ltr'>jucundius</span> <span class='ocrx_word' id='word_1_290' title='bbox 1867 1901 1963 1929; x_wconf 86' lang='lat' dir='ltr'>car·</span> 
     </span>
     <span class='ocr_line' id='line_1_31' title="bbox 133 1947 1960 1998; baseline 0.001 -14"><span class='ocrx_word' id='word_1_291' title='bbox 133 1957 258 1995; x_wconf 85' lang='lat' dir='ltr'>nosa,</span> <span class='ocrx_word' id='word_1_292' title='bbox 296 1951 649 1986; x_wconf 88' lang='lat' dir='ltr'>muco-saccharo</span> <span class='ocrx_word' id='word_1_293' title='bbox 680 1949 841 1998; x_wconf 78' lang='lat' dir='ltr'>gravis,</span> <span class='ocrx_word' id='word_1_294' title='bbox 866 1951 976 1995; x_wconf 51' lang='lat' dir='ltr'>¹oleo</span> <span class='ocrx_word' id='word_1_295' title='bbox 1008 1951 1197 1985; x_wconf 85' lang='lat' dir='ltr'>aethereo</span> <span class='ocrx_word' id='word_1_296' title='bbox 1225 1947 1446 1984; x_wconf 89' lang='lat' dir='ltr'>aromatico</span> <span class='ocrx_word' id='word_1_297' title='bbox 1476 1952 1516 1986; x_wconf 81' lang='lat' dir='ltr'>et</span> <span class='ocrx_word' id='word_1_298' title='bbox 1542 1951 1631 1985; x_wconf 89' lang='lat' dir='ltr'>oleo</span> <span class='ocrx_word' id='word_1_299' title='bbox 1663 1948 1806 1993; x_wconf 86' lang='lat' dir='ltr'>pingui</span> <span class='ocrx_word' id='word_1_300' title='bbox 1837 1948 1960 1997; x_wconf 86' lang='lat' dir='ltr'>foeta,</span> 
     </span>
     <span class='ocr_line' id='line_1_32' title="bbox 134 2005 1961 2054; baseline 0.001 -14"><span class='ocrx_word' id='word_1_301' title='bbox 134 2006 259 2041; x_wconf 88' lang='lat' dir='ltr'>etiam</span> <span class='ocrx_word' id='word_1_302' title='bbox 275 2007 548 2044; x_wconf 86' lang='lat' dir='ltr'>substantiam</span> <span class='ocrx_word' id='word_1_303' title='bbox 565 2006 792 2044; x_wconf 89' lang='lat' dir='ltr'>resinosam</span> <span class='ocrx_word' id='word_1_304' title='bbox 809 2009 1073 2054; x_wconf 89' lang='lat' dir='ltr'>colorantem,</span> <span class='ocrx_word' id='word_1_305' title='bbox 1105 2005 1266 2041; x_wconf 91' lang='lat' dir='ltr'>acidum</span> <span class='ocrx_word' id='word_1_306' title='bbox 1283 2005 1476 2042; x_wconf 87' lang='lat' dir='ltr'>malicum</span> <span class='ocrx_word' id='word_1_307' title='bbox 1500 2009 1540 2041; x_wconf 87' lang='lat' dir='ltr'>et</span> <span class='ocrx_word' id='word_1_308' title='bbox 1561 2008 1744 2049; x_wconf 83' lang='lat' dir='ltr'>amylum</span> <span class='ocrx_word' id='word_1_309' title='bbox 1767 2006 1961 2043; x_wconf 84' lang='lat' dir='ltr'>continet.</span> 
     </span>
     <span class='ocr_line' id='line_1_33' title="bbox 134 2061 1962 2112; baseline 0 -13"><span class='ocrx_word' id='word_1_310' title='bbox 134 2061 270 2099; x_wconf 82' lang='lat' dir='ltr'>Cruda</span> <span class='ocrx_word' id='word_1_311' title='bbox 286 2067 323 2098; x_wconf 89' lang='lat' dir='ltr'>et</span> <span class='ocrx_word' id='word_1_312' title='bbox 342 2068 458 2100; x_wconf 90' lang='lat' dir='ltr'>cocta</span> <span class='ocrx_word' id='word_1_313' title='bbox 473 2064 515 2099; x_wconf 91' lang='lat' dir='ltr'>in</span> <span class='ocrx_word' id='word_1_314' title='bbox 533 2063 703 2100; x_wconf 88' lang='lat' dir='ltr'>cibariis</span> <span class='ocrx_word' id='word_1_315' title='bbox 720 2068 802 2112; x_wconf 86' lang='lat' dir='ltr'>est,</span> <span class='ocrx_word' id='word_1_316' title='bbox 832 2063 1061 2100; x_wconf 87' lang='lat' dir='ltr'>ventriculo</span> <span class='ocrx_word' id='word_1_317' title='bbox 1077 2062 1203 2098; x_wconf 90' lang='lat' dir='ltr'>debili</span> <span class='ocrx_word' id='word_1_318' title='bbox 1219 2061 1345 2098; x_wconf 87' lang='lat' dir='ltr'>facile</span> <span class='ocrx_word' id='word_1_319' title='bbox 1367 2065 1553 2099; x_wconf 85' lang='lat' dir='ltr'>molesta.</span> <span class='ocrx_word' id='word_1_320' title='bbox 1611 2065 1769 2099; x_wconf 90' lang='lat' dir='ltr'>Succus</span> <span class='ocrx_word' id='word_1_321' title='bbox 1793 2072 1962 2106; x_wconf 85' lang='lat' dir='ltr'>expres-</span> 
     </span>
     <span class='ocr_line' id='line_1_34' title="bbox 133 2118 1961 2166; baseline 0.001 -12"><span class='ocrx_word' id='word_1_322' title='bbox 133 2128 228 2166; x_wconf 87' lang='lat' dir='ltr'>sus,</span> <span class='ocrx_word' id='word_1_323' title='bbox 258 2129 396 2156; x_wconf 88' lang='lat' dir='ltr'>merus</span> <span class='ocrx_word' id='word_1_324' title='bbox 412 2130 452 2157; x_wconf 86' lang='lat' dir='ltr'>v.</span> <span class='ocrx_word' id='word_1_325' title='bbox 470 2130 561 2156; x_wconf 90' lang='lat' dir='ltr'>cum</span> <span class='ocrx_word' id='word_1_326' title='bbox 578 2123 699 2157; x_wconf 90' lang='lat' dir='ltr'>melle</span> <span class='ocrx_word' id='word_1_327' title='bbox 714 2121 868 2158; x_wconf 87' lang='lat' dir='ltr'>mixtus</span> <span class='ocrx_word' id='word_1_328' title='bbox 885 2123 954 2157; x_wconf 90' lang='lat' dir='ltr'>aut</span> <span class='ocrx_word' id='word_1_329' title='bbox 979 2120 1074 2165; x_wconf 84' lang='lat' dir='ltr'>igne</span> <span class='ocrx_word' id='word_1_330' title='bbox 1094 2119 1137 2154; x_wconf 89' lang='lat' dir='ltr'>in</span> <span class='ocrx_word' id='word_1_331' title='bbox 1161 2120 1326 2162; x_wconf 86' lang='lat' dir='ltr'>pulpam</span> <span class='ocrx_word' id='word_1_332' title='bbox 1350 2118 1579 2166; x_wconf 86' lang='lat' dir='ltr'>spissatus,</span> <span class='ocrx_word' id='word_1_333' title='bbox 1610 2122 1660 2156; x_wconf 89' lang='lat' dir='ltr'>ob</span> <span class='ocrx_word' id='word_1_334' title='bbox 1681 2119 1793 2156; x_wconf 92' lang='lat' dir='ltr'>vires</span> <span class='ocrx_word' id='word_1_335' title='bbox 1817 2122 1961 2157; x_wconf 86' lang='lat' dir='ltr'>obvol-</span> 
     </span>
     <span class='ocr_line' id='line_1_35' title="bbox 131 2175 1959 2226; baseline 0.001 -14"><span class='ocrx_word' id='word_1_336' title='bbox 131 2179 276 2213; x_wconf 82' lang='lat' dir='ltr'>ventes</span> <span class='ocrx_word' id='word_1_337' title='bbox 291 2181 328 2213; x_wconf 89' lang='lat' dir='ltr'>et</span> <span class='ocrx_word' id='word_1_338' title='bbox 346 2179 576 2226; x_wconf 82' lang='lat' dir='ltr'>solventes,</span> <span class='ocrx_word' id='word_1_339' title='bbox 606 2181 644 2213; x_wconf 88' lang='lat' dir='ltr'>et</span> <span class='ocrx_word' id='word_1_340' title='bbox 660 2178 744 2214; x_wconf 92' lang='lat' dir='ltr'>leni</span> <span class='ocrx_word' id='word_1_341' title='bbox 761 2179 885 2214; x_wconf 91' lang='lat' dir='ltr'>simul</span> <span class='ocrx_word' id='word_1_342' title='bbox 907 2177 1072 2213; x_wconf 90' lang='lat' dir='ltr'>stimulo</span> <span class='ocrx_word' id='word_1_343' title='bbox 1096 2184 1250 2220; x_wconf 86' lang='lat' dir='ltr'>organa</span> <span class='ocrx_word' id='word_1_344' title='bbox 1274 2175 1434 2211; x_wconf 89' lang='lat' dir='ltr'>urinam</span> <span class='ocrx_word' id='word_1_345' title='bbox 1456 2175 1649 2212; x_wconf 85' lang='lat' dir='ltr'>vehentia</span> <span class='ocrx_word' id='word_1_346' title='bbox 1669 2177 1959 2225; x_wconf 89' lang='lat' dir='ltr'>sollicitantes,</span> 
     </span>
     <span class='ocr_line' id='line_1_36' title="bbox 132 2231 1959 2282; baseline 0.001 -14"><span class='ocrx_word' id='word_1_347' title='bbox 132 2231 177 2268; x_wconf 85' lang='lat' dir='ltr'>in</span> <span class='ocrx_word' id='word_1_348' title='bbox 191 2233 436 2274; x_wconf 77' lang='lat' dir='ltr'>medicorum</span> <span class='ocrx_word' id='word_1_349' title='bbox 453 2244 562 2278; x_wconf 85' lang='lat' dir='ltr'>penu</span> <span class='ocrx_word' id='word_1_350' title='bbox 578 2238 653 2271; x_wconf 84' lang='lat' dir='ltr'>est.</span> <span class='ocrx_word' id='word_1_351' title='bbox 710 2235 846 2271; x_wconf 87' lang='lat' dir='ltr'>Radix</span> <span class='ocrx_word' id='word_1_352' title='bbox 862 2235 988 2270; x_wconf 86' lang='lat' dir='ltr'>cruda</span> <span class='ocrx_word' id='word_1_353' title='bbox 1002 2233 1230 2270; x_wconf 87' lang='lat' dir='ltr'>ventriculo</span> <span class='ocrx_word' id='word_1_354' title='bbox 1243 2233 1383 2275; x_wconf 86' lang='lat' dir='ltr'>jejuno</span> <span class='ocrx_word' id='word_1_355' title='bbox 1399 2232 1562 2282; x_wconf 80' lang='lat' dir='ltr'>ingesta</span> <span class='ocrx_word' id='word_1_356' title='bbox 1576 2233 1802 2270; x_wconf 87' lang='lat' dir='ltr'>Ascarides</span> <span class='ocrx_word' id='word_1_357' title='bbox 1817 2236 1959 2278; x_wconf 83' lang='lat' dir='ltr'>expel-</span> 
     </span>
     <span class='ocr_line' id='line_1_37' title="bbox 130 2289 1958 2338; baseline 0.001 -13"><span class='ocrx_word' id='word_1_358' title='bbox 130 2290 216 2325; x_wconf 88' lang='lat' dir='ltr'>lere</span> <span class='ocrx_word' id='word_1_359' title='bbox 240 2290 428 2328; x_wconf 89' lang='lat' dir='ltr'>creditur.</span> <span class='ocrx_word' id='word_1_360' title='bbox 486 2291 763 2328; x_wconf 83' lang='lat' dir='ltr'>Abortientem</span> <span class='ocrx_word' id='word_1_361' title='bbox 786 2291 913 2327; x_wconf 88' lang='lat' dir='ltr'>centri</span> <span class='ocrx_word' id='word_1_362' title='bbox 934 2292 1138 2327; x_wconf 90' lang='lat' dir='ltr'>umbellae</span> <span class='ocrx_word' id='word_1_363' title='bbox 1152 2289 1386 2335; x_wconf 85' lang='lat' dir='ltr'>flosculum,</span> <span class='ocrx_word' id='word_1_364' title='bbox 1418 2290 1488 2332; x_wconf 82' lang='lat' dir='ltr'>qui</span> <span class='ocrx_word' id='word_1_365' title='bbox 1504 2289 1547 2325; x_wconf 92' lang='lat' dir='ltr'>in</span> <span class='ocrx_word' id='word_1_366' title='bbox 1564 2299 1712 2332; x_wconf 90' lang='lat' dir='ltr'>corpus</span> <span class='ocrx_word' id='word_1_367' title='bbox 1728 2300 1958 2338; x_wconf 82' lang='lat' dir='ltr'>comosum,</span> 
     </span>
     <span class='ocr_line' id='line_1_38' title="bbox 130 2346 1957 2395; baseline 0.002 -15"><span class='ocrx_word' id='word_1_368' title='bbox 130 2355 377 2392; x_wconf 72' lang='lat' dir='ltr'>purpureum</span> <span class='ocrx_word' id='word_1_369' title='bbox 401 2351 599 2395; x_wconf 84' lang='lat' dir='ltr'>mutatur,</span> <span class='ocrx_word' id='word_1_370' title='bbox 630 2349 797 2384; x_wconf 88' lang='lat' dir='ltr'>Daucus</span> <span class='ocrx_word' id='word_1_371' title='bbox 814 2349 963 2384; x_wconf 76' lang='lat' dir='ltr'>Carota</span> <span class='ocrx_word' id='word_1_372' title='bbox 978 2357 1069 2383; x_wconf 92' lang='lat' dir='ltr'>cum</span> <span class='ocrx_word' id='word_1_373' title='bbox 1085 2346 1231 2389; x_wconf 87' lang='lat' dir='ltr'>paucis</span> <span class='ocrx_word' id='word_1_374' title='bbox 1247 2346 1544 2390; x_wconf 88' lang='lat' dir='ltr'>congeneribus</span> <span class='ocrx_word' id='word_1_375' title='bbox 1560 2356 1807 2383; x_wconf 89' lang='lat' dir='ltr'>communem</span> <span class='ocrx_word' id='word_1_376' title='bbox 1821 2350 1957 2384; x_wconf 86' lang='lat' dir='ltr'>habet.</span> 
     </span>
     <span class='ocr_line' id='line_1_39' title="bbox 132 2399 1957 2453; baseline 0.002 -17"><span class='ocrx_word' id='word_1_377' title='bbox 132 2399 280 2437; x_wconf 74' lang='lat' dir='ltr'>Dauci</span> <span class='ocrx_word' id='word_1_378' title='bbox 289 2403 536 2453; x_wconf 43' lang='lat' dir='ltr'>gummi-&#39;ferr&#39;</span> <span class='ocrx_word' id='word_1_379' title='bbox 548 2406 677 2450; x_wconf 74' lang='lat' dir='ltr'>Lam,</span> <span class='ocrx_word' id='word_1_380' title='bbox 701 2404 743 2440; x_wconf 88' lang='lat' dir='ltr'>in</span> <span class='ocrx_word' id='word_1_381' title='bbox 761 2405 930 2450; x_wconf 86' lang='lat' dir='ltr'>rupibus</span> <span class='ocrx_word' id='word_1_382' title='bbox 946 2403 1163 2440; x_wconf 88' lang='lat' dir='ltr'>maritimis</span> <span class='ocrx_word' id='word_1_383' title='bbox 1179 2411 1275 2438; x_wconf 87' lang='lat' dir='ltr'>orae</span> <span class='ocrx_word' id='word_1_384' title='bbox 1288 2403 1610 2439; x_wconf 89' lang='lat' dir='ltr'>mediterraneae</span> <span class='ocrx_word' id='word_1_385' title='bbox 1625 2403 1756 2450; x_wconf 88' lang='lat' dir='ltr'>obvii,</span> <span class='ocrx_word' id='word_1_386' title='bbox 1779 2404 1957 2440; x_wconf 86' lang='lat' dir='ltr'>radicem</span> 
     </span>
     <span class='ocr_line' id='line_1_40' title="bbox 129 2456 1957 2509; baseline 0.002 -15"><span class='ocrx_word' id='word_1_387' title='bbox 129 2461 385 2497; x_wconf 79' lang='lat' dir='ltr'>vulneratam</span> <span class='ocrx_word' id='word_1_388' title='bbox 403 2460 554 2504; x_wconf 89' lang='lat' dir='ltr'>gummi</span> <span class='ocrx_word' id='word_1_389' title='bbox 570 2461 732 2497; x_wconf 85' lang='lat' dir='ltr'>resinae</span> <span class='ocrx_word' id='word_1_390' title='bbox 747 2461 948 2509; x_wconf 86' lang='lat' dir='ltr'>speciem,</span> <span class='ocrx_word' id='word_1_391' title='bbox 979 2468 1085 2504; x_wconf 83' lang='lat' dir='ltr'>quae</span> <span class='ocrx_word' id='word_1_392' title='bbox 1105 2456 1260 2494; x_wconf 51' lang='lat' dir='ltr'>Belem&amp;</span> <span class='ocrx_word' id='word_1_393' title='bbox 1273 2457 1401 2494; x_wconf 76' lang='lat' dir='ltr'>siculi</span> <span class='ocrx_word' id='word_1_394' title='bbox 1414 2459 1576 2496; x_wconf 87' lang='lat' dir='ltr'>nomine</span> <span class='ocrx_word' id='word_1_395' title='bbox 1590 2460 1634 2496; x_wconf 87' lang='lat' dir='ltr'>in</span> <span class='ocrx_word' id='word_1_396' title='bbox 1651 2460 1957 2505; x_wconf 83' lang='lat' dir='ltr'>aromatopoliis</span> 
     </span>
     <span class='ocr_line' id='line_1_41' title="bbox 128 2517 763 2563; baseline 0.003 -12"><span class='ocrx_word' id='word_1_397' title='bbox 128 2518 321 2563; x_wconf 89' lang='lat' dir='ltr'>habetur,</span> <span class='ocrx_word' id='word_1_398' title='bbox 353 2517 523 2553; x_wconf 86' lang='lat' dir='ltr'>fundere</span> <span class='ocrx_word' id='word_1_399' title='bbox 539 2518 763 2560; x_wconf 84' lang='lat' dir='ltr'>perhibent.</span> 
     </span>
    </p>

    <p class='ocr_par' dir='ltr' id='par_1_4' title="bbox 117 2571 1956 2961">
     <span class='ocr_line' id='line_1_42' title="bbox 275 2571 1956 2622; baseline 0.002 -15"><span class='ocrx_word' id='word_1_400' title='bbox 275 2571 382 2608; x_wconf 76' lang='lat' dir='ltr'>Cari</span> <span class='ocrx_word' id='word_1_401' title='bbox 401 2571 714 2608; x_wconf 77' lang='lat' dir='ltr'>Bulbocastam·</span> <span class='ocrx_word' id='word_1_402' title='bbox 734 2574 884 2622; x_wconf 85' lang='lat' dir='ltr'>Koch.,</span> <span class='ocrx_word' id='word_1_403' title='bbox 921 2574 1090 2617; x_wconf 84' lang='lat' dir='ltr'>plantae</span> <span class='ocrx_word' id='word_1_404' title='bbox 1120 2571 1163 2609; x_wconf 89' lang='lat' dir='ltr'>in</span> <span class='ocrx_word' id='word_1_405' title='bbox 1185 2571 1343 2617; x_wconf 86' lang='lat' dir='ltr'>campis</span> <span class='ocrx_word' id='word_1_406' title='bbox 1366 2577 1406 2609; x_wconf 85' lang='lat' dir='ltr'>et</span> <span class='ocrx_word' id='word_1_407' title='bbox 1427 2572 1564 2610; x_wconf 88' lang='lat' dir='ltr'>vineis</span> <span class='ocrx_word' id='word_1_408' title='bbox 1586 2574 1774 2617; x_wconf 87' lang='lat' dir='ltr'>Europae</span> <span class='ocrx_word' id='word_1_409' title='bbox 1797 2573 1956 2611; x_wconf 85' lang='lat' dir='ltr'>mediae</span> 
     </span>
     <span class='ocr_line' id='line_1_43' title="bbox 130 2627 1956 2676; baseline 0.001 -11"><span class='ocrx_word' id='word_1_410' title='bbox 130 2639 210 2666; x_wconf 83' lang='lat' dir='ltr'>non</span> <span class='ocrx_word' id='word_1_411' title='bbox 228 2630 378 2673; x_wconf 86' lang='lat' dir='ltr'>ubique</span> <span class='ocrx_word' id='word_1_412' title='bbox 394 2630 558 2676; x_wconf 84' lang='lat' dir='ltr'>obviae,</span> <span class='ocrx_word' id='word_1_413' title='bbox 583 2631 704 2666; x_wconf 86' lang='lat' dir='ltr'>radix</span> <span class='ocrx_word' id='word_1_414' title='bbox 719 2633 910 2666; x_wconf 88' lang='lat' dir='ltr'>tuberosa</span> <span class='ocrx_word' id='word_1_415' title='bbox 926 2633 1062 2676; x_wconf 83' lang='lat' dir='ltr'>amylo</span> <span class='ocrx_word' id='word_1_416' title='bbox 1077 2638 1175 2673; x_wconf 87' lang='lat' dir='ltr'>prae</span> <span class='ocrx_word' id='word_1_417' title='bbox 1190 2627 1361 2673; x_wconf 82' lang='lat' dir='ltr'>reliquis</span> <span class='ocrx_word' id='word_1_418' title='bbox 1378 2630 1495 2666; x_wconf 88' lang='lat' dir='ltr'>dives</span> <span class='ocrx_word' id='word_1_419' title='bbox 1511 2634 1586 2666; x_wconf 88' lang='lat' dir='ltr'>est.</span> <span class='ocrx_word' id='word_1_420' title='bbox 1622 2631 1758 2666; x_wconf 81' lang='lat' dir='ltr'>Tuber</span> <span class='ocrx_word' id='word_1_421' title='bbox 1771 2631 1956 2667; x_wconf 90' lang='lat' dir='ltr'>radicale</span> 
     </span>
     <span class='ocr_line' id='line_1_44' title="bbox 128 2684 1953 2735; baseline 0.001 -12"><span class='ocrx_word' id='word_1_422' title='bbox 128 2686 408 2732; x_wconf 86' lang='lat' dir='ltr'>sphaericum,</span> <span class='ocrx_word' id='word_1_423' title='bbox 454 2687 598 2724; x_wconf 75' lang='lat' dir='ltr'>Gerasi</span> <span class='ocrx_word' id='word_1_424' title='bbox 627 2689 753 2735; x_wconf 84' lang='lat' dir='ltr'>mole,</span> <span class='ocrx_word' id='word_1_425' title='bbox 798 2689 917 2723; x_wconf 86' lang='lat' dir='ltr'>extus</span> <span class='ocrx_word' id='word_1_426' title='bbox 947 2687 1128 2734; x_wconf 84' lang='lat' dir='ltr'>nigrum,</span> <span class='ocrx_word' id='word_1_427' title='bbox 1173 2686 1287 2722; x_wconf 88' lang='lat' dir='ltr'>intus</span> <span class='ocrx_word' id='word_1_428' title='bbox 1316 2689 1454 2723; x_wconf 88' lang='lat' dir='ltr'>album</span> <span class='ocrx_word' id='word_1_429' title='bbox 1485 2684 1634 2731; x_wconf 82' lang='lat' dir='ltr'>(vulgo</span> <span class='ocrx_word' id='word_1_430' title='bbox 1663 2687 1953 2735; x_wconf 86' lang='lat' dir='ltr'>Erdkastanie‚</span> 
     </span>
     <span class='ocr_line' id='line_1_45' title="bbox 127 2740 1953 2788; baseline 0 -10"><span class='ocrx_word' id='word_1_431' title='bbox 127 2743 342 2788; x_wconf 81' lang='lat' dir='ltr'>Erdnuss]</span> <span class='ocrx_word' id='word_1_432' title='bbox 365 2746 520 2779; x_wconf 88' lang='lat' dir='ltr'>coctum</span> <span class='ocrx_word' id='word_1_433' title='bbox 541 2754 581 2780; x_wconf 86' lang='lat' dir='ltr'>v.</span> <span class='ocrx_word' id='word_1_434' title='bbox 599 2747 674 2782; x_wconf 83' lang='lat' dir='ltr'>sub</span> <span class='ocrx_word' id='word_1_435' title='bbox 698 2743 905 2779; x_wconf 87' lang='lat' dir='ltr'>cineribus</span> <span class='ocrx_word' id='word_1_436' title='bbox 929 2746 1112 2779; x_wconf 89' lang='lat' dir='ltr'>assatum</span> <span class='ocrx_word' id='word_1_437' title='bbox 1135 2746 1259 2779; x_wconf 87' lang='lat' dir='ltr'>estur.</span> <span class='ocrx_word' id='word_1_438' title='bbox 1315 2744 1470 2779; x_wconf 88' lang='lat' dir='ltr'>Eadem</span> <span class='ocrx_word' id='word_1_439' title='bbox 1493 2742 1647 2779; x_wconf 90' lang='lat' dir='ltr'>radicis</span> <span class='ocrx_word' id='word_1_440' title='bbox 1670 2740 1803 2778; x_wconf 77' lang='lat' dir='ltr'>Bum‘i</span> <span class='ocrx_word' id='word_1_441' title='bbox 1821 2741 1953 2778; x_wconf 74' lang='lat' dir='ltr'>denu-</span> 
     </span>
     <span class='ocr_line' id='line_1_46' title="bbox 129 2782 1952 2847; baseline 0.001 -14"><span class='ocrx_word' id='word_1_442' title='bbox 129 2797 226 2834; x_wconf 78' lang='lat' dir='ltr'>dati</span> <span class='ocrx_word' id='word_1_443' title='bbox 250 2800 353 2847; x_wconf 59' lang='lat' dir='ltr'>Dc„</span> <span class='ocrx_word' id='word_1_444' title='bbox 385 2800 428 2835; x_wconf 92' lang='lat' dir='ltr'>in</span> <span class='ocrx_word' id='word_1_445' title='bbox 453 2782 614 2844; x_wconf 72' lang='lat' dir='ltr'>’Anglia</span> <span class='ocrx_word' id='word_1_446' title='bbox 644 2804 684 2836; x_wconf 89' lang='lat' dir='ltr'>et</span> <span class='ocrx_word' id='word_1_447' title='bbox 714 2800 878 2844; x_wconf 83' lang='lat' dir='ltr'>regione</span> <span class='ocrx_word' id='word_1_448' title='bbox 906 2799 1205 2835; x_wconf 83' lang='lat' dir='ltr'>mediterranea</span> <span class='ocrx_word' id='word_1_449' title='bbox 1231 2799 1472 2844; x_wconf 82' lang='lat' dir='ltr'>crescentis,</span> <span class='ocrx_word' id='word_1_450' title='bbox 1502 2801 1599 2835; x_wconf 89' lang='lat' dir='ltr'>laus</span> <span class='ocrx_word' id='word_1_451' title='bbox 1632 2802 1709 2836; x_wconf 88' lang='lat' dir='ltr'>est.</span> <span class='ocrx_word' id='word_1_452' title='bbox 1767 2797 1952 2835; x_wconf 80' lang='lat' dir='ltr'>Bum’um</span> 
     </span>
     <span class='ocr_line' id='line_1_47' title="bbox 117 2828 1953 2907; baseline 0.001 -17"><span class='ocrx_word' id='word_1_453' title='bbox 117 2828 393 2907; x_wconf 43' lang='lat' dir='ltr'>ferulaceam</span> <span class='ocrx_word' id='word_1_454' title='bbox 415 2857 542 2893; x_wconf 86' lang='lat' dir='ltr'>Sibth.</span> <span class='ocrx_word' id='word_1_455' title='bbox 574 2857 618 2893; x_wconf 91' lang='lat' dir='ltr'>in</span> <span class='ocrx_word' id='word_1_456' title='bbox 648 2857 762 2894; x_wconf 87' lang='lat' dir='ltr'>arvis</span> <span class='ocrx_word' id='word_1_457' title='bbox 792 2841 1023 2892; x_wconf 82' lang='lat' dir='ltr'>insularum</span> <span class='ocrx_word' id='word_1_458' title='bbox 1053 2855 1310 2899; x_wconf 76' lang='lat' dir='ltr'>arcliipelagi</span> <span class='ocrx_word' id='word_1_459' title='bbox 1335 2856 1473 2899; x_wconf 81' lang='lat' dir='ltr'>graeci</span> <span class='ocrx_word' id='word_1_460' title='bbox 1496 2855 1703 2901; x_wconf 83' lang='lat' dir='ltr'>nascitur3</span> <span class='ocrx_word' id='word_1_461' title='bbox 1731 2858 1856 2900; x_wconf 80' lang='lat' dir='ltr'>liujus</span> <span class='ocrx_word' id='word_1_462' title='bbox 1887 2859 1953 2892; x_wconf 87' lang='lat' dir='ltr'>tu·</span> 
     </span>
     <span class='ocr_line' id='line_1_48' title="bbox 127 2909 1950 2961; baseline 0.001 -13"><span class='ocrx_word' id='word_1_463' title='bbox 127 2916 224 2949; x_wconf 89' lang='lat' dir='ltr'>bera</span> <span class='ocrx_word' id='word_1_464' title='bbox 255 2914 488 2950; x_wconf 82' lang='lat' dir='ltr'>Avellanae</span> <span class='ocrx_word' id='word_1_465' title='bbox 516 2913 815 2959; x_wconf 83' lang='lat' dir='ltr'>magnitudine,</span> <span class='ocrx_word' id='word_1_466' title='bbox 853 2917 973 2949; x_wconf 84' lang='lat' dir='ltr'>extus</span> <span class='ocrx_word' id='word_1_467' title='bbox 1002 2912 1116 2961; x_wconf 86' lang='lat' dir='ltr'>rusa,</span> <span class='ocrx_word' id='word_1_468' title='bbox 1154 2912 1268 2949; x_wconf 90' lang='lat' dir='ltr'>intus</span> <span class='ocrx_word' id='word_1_469' title='bbox 1297 2914 1396 2949; x_wconf 87' lang='lat' dir='ltr'>alba</span> <span class='ocrx_word' id='word_1_470' title='bbox 1424 2911 1572 2957; x_wconf 79' lang='lat' dir='ltr'>[vulgo</span> <span class='ocrx_word' id='word_1_471' title='bbox 1607 2909 1784 2959; x_wconf 80' lang='lat' dir='ltr'>Topana</span> <span class='ocrx_word' id='word_1_472' title='bbox 1813 2912 1950 2959; x_wconf 82' lang='lat' dir='ltr'>dicta)</span> 
     </span>
    </p>
   </div>
   <div class='ocr_carea' id='block_1_3' title="bbox 125 2969 1951 3074">
    <p class='ocr_par' dir='ltr' id='par_1_5' title="bbox 125 2969 1951 3074">
     <span class='ocr_line' id='line_1_49' title="bbox 125 2969 888 3015; baseline 0 -9"><span class='ocrx_word' id='word_1_473' title='bbox 125 2969 268 3015; x_wconf 79' lang='lat' dir='ltr'>Turcis</span> <span class='ocrx_word' id='word_1_474' title='bbox 285 2970 531 3014; x_wconf 83' lang='lat' dir='ltr'>Graecisque</span> <span class='ocrx_word' id='word_1_475' title='bbox 546 2970 589 3006; x_wconf 91' lang='lat' dir='ltr'>in</span> <span class='ocrx_word' id='word_1_476' title='bbox 604 2970 766 3006; x_wconf 88' lang='lat' dir='ltr'>deliciis</span> <span class='ocrx_word' id='word_1_477' title='bbox 781 2973 888 3006; x_wconf 90' lang='lat' dir='ltr'>sunt.</span> 
     </span>
     <span class='ocr_line' id='line_1_50' title="bbox 267 3020 1951 3074; baseline 0.002 -14"><span class='ocrx_word' id='word_1_478' title='bbox 267 3028 376 3062; x_wconf 85' lang='lat' dir='ltr'>Inter</span> <span class='ocrx_word' id='word_1_479' title='bbox 397 3025 642 3063; x_wconf 65' lang='lat' dir='ltr'>tulieriferas</span> <span class='ocrx_word' id='word_1_480' title='bbox 663 3027 845 3063; x_wconf 89' lang='lat' dir='ltr'>maxima</span> <span class='ocrx_word' id='word_1_481' title='bbox 857 3020 1146 3062; x_wconf 75' lang='lat' dir='ltr'>Arracachae</span> <span class='ocrx_word' id='word_1_482' title='bbox 1168 3026 1273 3069; x_wconf 84' lang='lat' dir='ltr'>apud</span> <span class='ocrx_word' id='word_1_483' title='bbox 1292 3025 1563 3062; x_wconf 86' lang='lat' dir='ltr'>Americanos</span> <span class='ocrx_word' id='word_1_484' title='bbox 1585 3024 1699 3063; x_wconf 84' lang='lat' dir='ltr'>fama</span> <span class='ocrx_word' id='word_1_485' title='bbox 1713 3029 1796 3074; x_wconf 88' lang='lat' dir='ltr'>est,</span> <span class='ocrx_word' id='word_1_486' title='bbox 1827 3028 1951 3070; x_wconf 90' lang='lat' dir='ltr'>plan-</span> 
     </span>
    </p>
   </div>
   <div class='ocr_carea' id='block_1_4' title="bbox 110 3082 1950 3471">
    <p class='ocr_par' dir='ltr' id='par_1_6' title="bbox 110 3082 1950 3471">
     <span class='ocr_line' id='line_1_51' title="bbox 127 3082 1950 3130; baseline 0.001 -12"><span class='ocrx_word' id='word_1_487' title='bbox 127 3086 194 3119; x_wconf 90' lang='lat' dir='ltr'>tae</span> <span class='ocrx_word' id='word_1_488' title='bbox 223 3082 365 3118; x_wconf 86' lang='lat' dir='ltr'>solani</span> <span class='ocrx_word' id='word_1_489' title='bbox 393 3084 572 3120; x_wconf 89' lang='lat' dir='ltr'>tuberosi</span> <span class='ocrx_word' id='word_1_490' title='bbox 591 3084 819 3120; x_wconf 74' lang='lat' dir='ltr'>utilitatem</span> <span class='ocrx_word' id='word_1_491' title='bbox 847 3082 1110 3120; x_wconf 86' lang='lat' dir='ltr'>aemulantis.</span> <span class='ocrx_word' id='word_1_492' title='bbox 1180 3083 1492 3119; x_wconf 82' lang='lat' dir='ltr'>Umbelliferum</span> <span class='ocrx_word' id='word_1_493' title='bbox 1527 3092 1659 3126; x_wconf 89' lang='lat' dir='ltr'>genus</span> <span class='ocrx_word' id='word_1_494' title='bbox 1695 3087 1778 3130; x_wconf 85' lang='lat' dir='ltr'>est,</span> <span class='ocrx_word' id='word_1_495' title='bbox 1825 3082 1950 3119; x_wconf 82' lang='lat' dir='ltr'>conio</span> 
     </span>
     <span class='ocr_line' id='line_1_52' title="bbox 125 3135 1950 3187; baseline 0.001 -12"><span class='ocrx_word' id='word_1_496' title='bbox 125 3139 299 3175; x_wconf 85' lang='lat' dir='ltr'>nostrati</span> <span class='ocrx_word' id='word_1_497' title='bbox 320 3138 519 3176; x_wconf 84' lang='lat' dir='ltr'>affinitate</span> <span class='ocrx_word' id='word_1_498' title='bbox 541 3140 807 3184; x_wconf 86' lang='lat' dir='ltr'>propinquum</span> <span class='ocrx_word' id='word_1_499' title='bbox 820 3168 830 3187; x_wconf 94' lang='lat'>,</span> <span class='ocrx_word' id='word_1_500' title='bbox 860 3140 905 3176; x_wconf 91' lang='lat' dir='ltr'>in</span> <span class='ocrx_word' id='word_1_501' title='bbox 925 3140 1090 3184; x_wconf 84' lang='lat' dir='ltr'>regione</span> <span class='ocrx_word' id='word_1_502' title='bbox 1105 3143 1296 3177; x_wconf 87' lang='lat' dir='ltr'>montana</span> <span class='ocrx_word' id='word_1_503' title='bbox 1313 3141 1667 3183; x_wconf 86' lang='lat' dir='ltr'>temperatajuxta</span> <span class='ocrx_word' id='word_1_504' title='bbox 1682 3135 1811 3176; x_wconf 75' lang='lat' dir='ltr'>santa</span> <span class='ocrx_word' id='word_1_505' title='bbox 1825 3141 1883 3176; x_wconf 88' lang='lat' dir='ltr'>Fe</span> <span class='ocrx_word' id='word_1_506' title='bbox 1899 3141 1950 3176; x_wconf 89' lang='lat' dir='ltr'>de</span> 
     </span>
     <span class='ocr_line' id='line_1_53' title="bbox 125 3196 1948 3244; baseline 0 -12"><span class='ocrx_word' id='word_1_507' title='bbox 125 3197 282 3240; x_wconf 79' lang='lat' dir='ltr'>Bogota</span> <span class='ocrx_word' id='word_1_508' title='bbox 297 3200 440 3238; x_wconf 87' lang='lat' dir='ltr'>sponte</span> <span class='ocrx_word' id='word_1_509' title='bbox 463 3205 658 3244; x_wconf 81' lang='lat' dir='ltr'>nascens⁷</span> <span class='ocrx_word' id='word_1_510' title='bbox 690 3199 728 3233; x_wconf 91' lang='lat' dir='ltr'>et</span> <span class='ocrx_word' id='word_1_511' title='bbox 750 3197 794 3232; x_wconf 91' lang='lat' dir='ltr'>in</span> <span class='ocrx_word' id='word_1_512' title='bbox 816 3197 945 3233; x_wconf 89' lang='lat' dir='ltr'>hortis</span> <span class='ocrx_word' id='word_1_513' title='bbox 965 3199 1131 3233; x_wconf 92' lang='lat' dir='ltr'>cultum.</span> <span class='ocrx_word' id='word_1_514' title='bbox 1187 3197 1358 3234; x_wconf 89' lang='lat' dir='ltr'>Radicis</span> <span class='ocrx_word' id='word_1_515' title='bbox 1379 3199 1594 3233; x_wconf 89' lang='lat' dir='ltr'>tuberosae</span> <span class='ocrx_word' id='word_1_516' title='bbox 1615 3196 1718 3232; x_wconf 88' lang='lat' dir='ltr'>rami</span> <span class='ocrx_word' id='word_1_517' title='bbox 1740 3199 1880 3239; x_wconf 87' lang='lat' dir='ltr'>plures</span> <span class='ocrx_word' id='word_1_518' title='bbox 1902 3196 1948 3232; x_wconf 88' lang='grc'>111</span> 
     </span>
     <span class='ocr_line' id='line_1_54' title="bbox 127 3251 1947 3300; baseline 0.002 -13"><span class='ocrx_word' id='word_1_519' title='bbox 127 3261 254 3288; x_wconf 85' lang='lat' dir='ltr'>cornu</span> <span class='ocrx_word' id='word_1_520' title='bbox 282 3251 446 3288; x_wconf 87' lang='lat' dir='ltr'>vaccini</span> <span class='ocrx_word' id='word_1_521' title='bbox 474 3251 644 3289; x_wconf 83' lang='lat' dir='ltr'>formam</span> <span class='ocrx_word' id='word_1_522' title='bbox 668 3256 706 3289; x_wconf 89' lang='lat' dir='ltr'>et</span> <span class='ocrx_word' id='word_1_523' title='bbox 729 3253 1049 3297; x_wconf 87' lang='lat' dir='ltr'>magnitudinem</span> <span class='ocrx_word' id='word_1_524' title='bbox 1073 3254 1325 3299; x_wconf 84' lang='lat' dir='ltr'>increscunt,</span> <span class='ocrx_word' id='word_1_525' title='bbox 1356 3255 1490 3289; x_wconf 91' lang='lat' dir='ltr'>colore</span> <span class='ocrx_word' id='word_1_526' title='bbox 1512 3253 1637 3300; x_wconf 83' lang='lat' dir='ltr'>flavo,</span> <span class='ocrx_word' id='word_1_527' title='bbox 1669 3255 1763 3289; x_wconf 88' lang='lat' dir='ltr'>albo</span> <span class='ocrx_word' id='word_1_528' title='bbox 1787 3256 1827 3288; x_wconf 89' lang='lat' dir='ltr'>et</span> <span class='ocrx_word' id='word_1_529' title='bbox 1847 3261 1947 3296; x_wconf 89' lang='lat' dir='ltr'>pur-</span> 
     </span>
     <span class='ocr_line' id='line_1_55' title="bbox 125 3306 1946 3357; baseline 0.002 -13"><span class='ocrx_word' id='word_1_530' title='bbox 125 3317 250 3352; x_wconf 86' lang='lat' dir='ltr'>pureo</span> <span class='ocrx_word' id='word_1_531' title='bbox 279 3308 512 3354; x_wconf 81' lang='lat' dir='ltr'>variantes3</span> <span class='ocrx_word' id='word_1_532' title='bbox 542 3309 666 3345; x_wconf 89' lang='lat' dir='ltr'>divisi</span> <span class='ocrx_word' id='word_1_533' title='bbox 696 3308 893 3346; x_wconf 86' lang='lat' dir='ltr'>facillime</span> <span class='ocrx_word' id='word_1_534' title='bbox 922 3306 1246 3357; x_wconf 73' lang='lat' dir='ltr'>multiplicantur</span> <span class='ocrx_word' id='word_1_535' title='bbox 1275 3314 1315 3346; x_wconf 91' lang='lat' dir='ltr'>et</span> <span class='ocrx_word' id='word_1_536' title='bbox 1343 3309 1385 3345; x_wconf 91' lang='lat' dir='ltr'>in</span> <span class='ocrx_word' id='word_1_537' title='bbox 1409 3311 1570 3345; x_wconf 88' lang='lat' dir='ltr'>modum</span> <span class='ocrx_word' id='word_1_538' title='bbox 1593 3311 1778 3345; x_wconf 89' lang='lat' dir='ltr'>tuberum</span> <span class='ocrx_word' id='word_1_539' title='bbox 1800 3309 1946 3347; x_wconf 82' lang='lat' dir='ltr'>solani</span> 
     </span>
     <span class='ocr_line' id='line_1_56' title="bbox 110 3364 1945 3412; baseline 0.002 -12"><span class='ocrx_word' id='word_1_540' title='bbox 110 3365 229 3401; x_wconf 77' lang='lat' dir='ltr'>‘cocti</span> <span class='ocrx_word' id='word_1_541' title='bbox 245 3375 284 3401; x_wconf 87' lang='lat' dir='ltr'>v.</span> <span class='ocrx_word' id='word_1_542' title='bbox 302 3365 456 3412; x_wconf 89' lang='lat' dir='ltr'>assati,</span> <span class='ocrx_word' id='word_1_543' title='bbox 478 3365 611 3402; x_wconf 90' lang='lat' dir='ltr'>cibum</span> <span class='ocrx_word' id='word_1_544' title='bbox 627 3368 821 3409; x_wconf 88' lang='lat' dir='ltr'>praebent</span> <span class='ocrx_word' id='word_1_545' title='bbox 838 3368 974 3410; x_wconf 89' lang='lat' dir='ltr'>palato</span> <span class='ocrx_word' id='word_1_546' title='bbox 990 3371 1149 3411; x_wconf 87' lang='lat' dir='ltr'>gratum</span> <span class='ocrx_word' id='word_1_547' title='bbox 1166 3369 1204 3402; x_wconf 89' lang='lat' dir='ltr'>et</span> <span class='ocrx_word' id='word_1_548' title='bbox 1220 3366 1446 3403; x_wconf 89' lang='lat' dir='ltr'>facillimae</span> <span class='ocrx_word' id='word_1_549' title='bbox 1461 3364 1720 3410; x_wconf 79' lang='lat' dir='ltr'>digestionis,</span> <span class='ocrx_word' id='word_1_550' title='bbox 1751 3365 1945 3410; x_wconf 83' lang='lat' dir='ltr'>frequen-</span> 
     </span>
     <span class='ocr_line' id='line_1_57' title="bbox 126 3416 1942 3471; baseline 0.002 -14"><span class='ocrx_word' id='word_1_551' title='bbox 126 3421 180 3458; x_wconf 86' lang='lat' dir='ltr'>tis</span> <span class='ocrx_word' id='word_1_552' title='bbox 196 3422 239 3457; x_wconf 92' lang='lat' dir='ltr'>in</span> <span class='ocrx_word' id='word_1_553' title='bbox 256 3421 390 3465; x_wconf 89' lang='lat' dir='ltr'>patria</span> <span class='ocrx_word' id='word_1_554' title='bbox 404 3431 519 3459; x_wconf 89' lang='lat' dir='ltr'>usus.</span> <span class='ocrx_word' id='word_1_555' title='bbox 547 3424 630 3459; x_wconf 89' lang='lat' dir='ltr'>Nos</span> <span class='ocrx_word' id='word_1_556' title='bbox 645 3416 954 3458; x_wconf 75' lang='lat' dir='ltr'>Arracaelmm</span> <span class='ocrx_word' id='word_1_557' title='bbox 970 3420 1228 3460; x_wconf 77' lang='lat' dir='ltr'>esculentam</span> <span class='ocrx_word' id='word_1_558' title='bbox 1243 3423 1325 3462; x_wconf 82' lang='lat' dir='ltr'>DC.</span> <span class='ocrx_word' id='word_1_559' title='bbox 1343 3422 1560 3460; x_wconf 82' lang='lat' dir='ltr'>difficulter</span> <span class='ocrx_word' id='word_1_560' title='bbox 1570 3422 1616 3458; x_wconf 86' lang='lat' dir='ltr'>in</span> <span class='ocrx_word' id='word_1_561' title='bbox 1631 3421 1761 3460; x_wconf 80' lang='lat' dir='ltr'>bortis</span> <span class='ocrx_word' id='word_1_562' title='bbox 1774 3423 1942 3471; x_wconf 86' lang='lat' dir='ltr'>alimus,</span> 
     </span>
    </p>
   </div>
   <div class='ocr_carea' id='block_1_5' title="bbox 124 3479 1549 3523">
    <p class='ocr_par' dir='ltr' id='par_1_7' title="bbox 124 3479 1549 3523">
     <span class='ocr_line' id='line_1_58' title="bbox 124 3479 1549 3523; baseline 0.005 -9"><span class='ocrx_word' id='word_1_563' title='bbox 124 3481 327 3523; x_wconf 86' lang='lat' dir='ltr'>agrestem</span> <span class='ocrx_word' id='word_1_564' title='bbox 341 3480 544 3516; x_wconf 86' lang='lat' dir='ltr'>culturam</span> <span class='ocrx_word' id='word_1_565' title='bbox 559 3479 766 3517; x_wconf 84' lang='lat' dir='ltr'>detrectat.</span> <span class='ocrx_word' id='word_1_566' title='bbox 1546 3504 1549 3505; x_wconf 28' lang='grc' dir='ltr'><em>ν</em></span> 
     </span>
    </p>
   </div>
  </div>
 </body>
</html>
