2147 3756
152 300 494 350 uniloculares,
524 297 764 351 peltatae,
785 294 1086 336 transversim
1120 288 1436 341 dehiscentes,
1475 289 1656 330 demum
1687 290 1975 344 explanatae,

153 371 275 400 nunc
305 355 613 405 biloculares‚
649 352 949 401 biaristatae,
979 347 1393 402 longitudinaliter
1426 344 1739 396 dehiscentes,
1769 360 1809 386 v.
1841 347 1974 387 muti-

155 428 258 465 cae‚
289 414 414 468 poris
444 416 651 464 apertae.
716 411 894 448 Germen
919 402 1561 461 quadri-quinqueloculare,
1589 404 1806 453 gemmulis
1833 402 1974 456 pluri-

152 473 252 512 mis.
313 472 457 519 Stylzcs
476 466 729 517 filiformi53
754 470 917 516 ‘stigma
938 462 1245 512 discoideum,
1276 460 1600 514 marginatum.
1658 461 1844 508 Capsum
1866 472 1975 511 qua-

155 523 711 580 dri·quinquelocularis‚
758 521 1003 562 loculicid'e
1036 519 1305 569 dehiscens,
1349 516 1497 558 valvis
1534 514 1685 555 medio
1725 514 1977 570 septiferis.

156 584 323 622 Semina
348 586 390 623 in
419 579 799 635 trophospermiis
825 578 1057 627 carnosis,
1089 576 1331 616 columnae
1350 571 1546 615 centrali
1565 571 1748 612 adnatis
1766 571 1979 624 plurima,

153 642 474 693 integumento
502 638 736 685 relaxato,
769 635 981 676 nucleum
1008 634 1241 673 minimum
1267 630 1554 679 includente,
1586 642 1626 668 v.
1648 629 1695 668 in
1719 627 1838 667 alani
1866 628 1978 667 reti-

156 697 357 738 culatam
374 707 575 751 expanso
602 691 922 736 scobiformia.
979 692 1164 741 Emoryo
1188 690 1316 729 intra
1338 688 1552 729 albumen
1575 695 1823 728 carnosum
1846 683 1976 725 mini-

154 766 268 796 mus.
1449 764 1459 768 -

925 853 1214 886 GENERA.

267 940 401 976 4351.*
422 940 661 980 Monotropa
678 932 798 974 Nate.
1209 934 1333 969 4353.
1365 933 1609 975 Pterospora
1623 928 1748 967 Nate.

268 998 392 1033 4352.
423 995 656 1038 Hypopitys
676 991 779 1028 De’ll.
1213 991 1337 1027 4354.
1367 987 1668 1025 Schweinit'zia
1683 985 1769 1024 Ell.

254 1055 260 1059 ·
480 1041 786 1078 Orobanchoides
807 1040 996 1085 Tournef.
1423 1037 1684 1082 Monotropsis
1704 1035 1893 1073 Schwein.

300 1129 701 1177 observatio·
760 1137 1070 1181 Monotropeae,
1101 1132 1145 1168 in
1160 1133 1323 1174 Europa
1341 1133 1379 1167 et
1395 1130 1588 1167 America
1609 1129 1764 1167 boreali
1786 1127 1986 1173 imprimis

156 1197 199 1232 in
215 1194 392 1232 Pinuum
409 1199 447 1230 et
462 1194 566 1238 Fagi
583 1193 790 1229 radicibus
808 1195 1059 1236 crescentes,
1091 1191 1244 1226 sistunt
1259 1188 1540 1224 Ericinearum
1565 1187 1734 1223 formam
1755 1186 1842 1222 vita
1864 1194 1988 1228 para-

158 1252 280 1290 sitica
310 1255 349 1288 et
379 1251 522 1287 habitu
547 1250 873 1286 Orobanchoideo
903 1257 928 1284 a
956 1247 1135 1292 legitimo
1167 1245 1323 1281 ordinis
1356 1248 1450 1287 typo
1480 1244 1652 1280 deviam.
1710 1242 1931 1279 Distinctio
1961 1250 1988 1278 a

155 1308 419 1354 Pyrolaceis‚
452 1307 598 1350 quibus
622 1316 694 1349 per
716 1308 908 1349 Pyrolam
932 1306 1144 1347 aphyllam
1168 1307 1206 1338 et
1223 1304 1507 1344 Pterosporam
1529 1300 1683 1336 arctius
1708 1299 1852 1335 affines
1877 1305 1985 1345 sunt,

156 1375 211 1402 ex
232 1366 373 1401 habitu
397 1369 434 1401 et
458 1373 511 1400 ex
535 1367 796 1400 antherarum
819 1365 1026 1398 structura
1056 1360 1254 1403 imprimis
1282 1359 1469 1402 petenda.
1528 1358 1748 1393 character
1778 1355 1989 1391 difficilius

156 1423 446 1467 stabiliendus,
492 1424 540 1457 ob
574 1423 834 1456 antherarum
870 1419 1231 1455 conformationem
1269 1416 1312 1451 in
1349 1414 1528 1451 diversis
1564 1413 1785 1458 generibus
1817 1413 1987 1448 variam.

156 1480 364 1516 Plurimae
381 1480 542 1514 odorem
557 1477 703 1514 Violae
719 1486 757 1513 v.
775 1476 964 1521 mantili,
997 1475 1132 1518 qualis
1150 1474 1234 1509 fere
1251 1473 1293 1508 in
1318 1473 1559 1515 quibusdam
1577 1470 1826 1506 Orobanchis
1850 1472 1990 1505 obser-

158 1539 301 1585 vatur,
348 1537 519 1579 spirant.
592 1530 886 1580 nypopv'tysdes
917 1535 1120 1568 nostrates
1153 1532 1195 1566 in
1227 1532 1435 1573 pulverem
1465 1529 1657 1563 redactae
1694 1536 1719 1562 a
1756 1526 1991 1569 pastoribus

146 1585 305 1629 ‘ovibus
323 1592 593 1628 tussientibus
612 1590 821 1634 propinari
836 1592 981 1625 solent.
1039 1586 1303 1632 Pterospora
1319 1583 1601 1620 andromedea
1615 1585 1724 1619 Nutt.
1738 1610 1748 1630 ,
1779 1584 1822 1618 in
1841 1581 1992 1626 pinetis

158 1650 376 1689 Americae
396 1648 572 1685 borealis
597 1648 739 1694 obvia,
773 1648 823 1683 ad
840 1647 1046 1690 Niagarae
1067 1645 1245 1681 fluminis
1271 1646 1505 1679 cataractas
1530 1641 1743 1690 frequens,
1775 1641 1885 1685 apud
1915 1647 1991 1676 au·-

163 1709 373 1743 tochtones
389 1705 558 1743 remedii
574 1703 901 1742 anthelminthici
917 1707 956 1740 et
970 1701 1236 1747 diaphoretici
1251 1701 1374 1737 laude
1389 1699 1552 1744 gaudet.
1767 1708 1775 1710 ‘
1852 1693 1862 1698 ⁵

520 1911 817 1972 Cohors
846 1911 983 1968 IV.
1027 1862 1639 1981 ‘Dialypetalam

305 2045 726 2121 Perigom’um
770 2044 998 2122 duplex,
1043 2040 1285 2101 exterius
1327 2041 1561 2098 liberum
1603 2059 1655 2097 v.
1701 2057 1825 2096 cum
1867 2057 1997 2116 ger-

167 2133 309 2190 mine
339 2138 656 2206 connatam,
688 2130 994 2207 calycinum
1022 2148 1073 2186 v.
1105 2127 1377 2185 interdum
1408 2125 1735 2201 coloratum,
1764 2123 1996 2181 interius

166 2217 517 2291 corollinum,
577 2215 859 2274 elementis
908 2213 1097 2271 liberis
1141 2233 1192 2270 v.
1237 2212 1533 2268 rarissime
1560 2209 1851 2267 staminum
1895 2228 1997 2286 ope

167 2302 606 2376 cohaerentibus,
651 2299 1001 2378 receptaculo
1039 2318 1088 2356 v.
1122 2291 1394 2355 mediante
1431 2305 1553 2354 toro
1592 2294 1790 2352 adnato
1822 2293 1998 2372 calyci

166 2388 414 2463 insertiS,
442 2387 714 2446 interdum
743 2386 935 2443 abortu
965 2384 1196 2443 nullum.

539 2578 837 2638 Classis
874 2577 1038 2635 XL.
1110 2573 1626 2633 niscanthae.

309 2706 590 2788 Herbae,
637 2711 925 2793 frutices
974 2730 1025 2768 V.
1079 2709 1363 2782 arboreS,
1415 2707 1607 2785 solcis·
1661 2705 1887 2763 alternis
1945 2724 1994 2762 v·

172 2797 460 2878 oppositis,
506 2797 846 2876 simplicibus
886 2817 930 2853 v.
964 2794 1302 2872 compositis,
1348 2792 1573 2850 floribus
1609 2790 1867 2869 perfectis
1903 2809 2001 2848 seu

172 2887 364 2943 abortu
408 2884 728 2956 diclinibus,
782 2880 1015 2958 calyces
1058 2878 1389 2957 gamophylli
1432 2878 1558 2934 tubo
1599 2896 1721 2933 cum
1758 2875 2001 2954 germine

173 2977 432 3043 connato,
477 2969 656 3027 rarius
700 2967 903 3041 libero,
957 2965 1233 3023 corollae
1278 2963 1472 3042 petalis
1512 2960 1805 3035 distinctis,
1851 2959 2000 3017 disco

172 3055 455 3133 hypogyno
479 3075 528 3112 v.
555 3054 731 3111 rarius
757 3053 986 3130 epigyno
1017 3051 1237 3108 insertis
1247 3047 1282 3124 ,²
1297 3048 1497 3126 calycis
1527 3047 1744 3104 laciniis
1774 3065 1998 3102 numero

175 3139 489 3217 aequalibus
520 3145 573 3196 et
601 3139 851 3212 alternis,
882 3136 1151 3194 interdum
1182 3136 1375 3192 abortu
1406 3133 1571 3190 nullis
1580 3176 1598 3207 ,
1629 3129 2002 3190 staminibus

175 3243 321 3282 nunc
353 3244 475 3281 cum
504 3223 702 3301 petalis
731 3222 949 3281 insertis
988 3228 1042 3279 ct
1077 3222 1270 3279 iisdem
1309 3240 1530 3277 numero
1569 3216 1882 3294 aequalibus
1922 3222 2004 3273 at-

180 3329 283 3387 que
336 3309 589 3382 alterniS,
621 3327 793 3365 ¹-nunc
842 3307 1040 3385 petalis
1092 3307 1226 3385 ipsis
1276 3305 1493 3363 insertis
1546 3309 1600 3360 ct
1642 3300 1905 3379 oppositis
1952 3320 2000 3359 v.

180 3393 385 3472 duplis,
440 3391 728 3469 germine
786 3390 1401 3470 bi-quinqueloculari,
1468 3385 1804 3464 gemmulas
1858 3386 2006 3443 intra

179 3479 393 3538 loculos
431 3478 690 3537 solitariis
728 3483 822 3536 aut
849 3476 1117 3537 interdum
1147 3476 1392 3555 pluribus
1401 3516 1420 3550 ,
1465 3472 1716 3552 pendulis
1744 3491 1796 3530 v.
1826 3471 2004 3530 rarius
2036 3548 2040 3551 χ
