2147 3756
979 105 1094 153 225

1165 183 1208 190 φ-

120 277 342 324 Aegialitis
372 268 579 314 in'Novae
601 277 851 314 Hollandiae
879 278 1014 315 littore
1034 278 1192 315 boreali
1223 281 1262 314 et
1292 280 1343 316 ad
1367 279 1474 317 ostia
1496 281 1651 325 Gangis
1672 281 1776 319 inter
1799 284 1950 320 Rhizo-

120 339 268 379 nboras
299 334 416 371 vivit.
474 334 761 378 Plumbaginis
791 335 970 378 speciem
994 344 1119 371 unam
1140 337 1304 380 Europa
1325 336 1622 374 mediterranea
1644 339 1737 384 alit,
1770 342 1952 383 reliquae

121 392 162 426 in
180 391 415 435 regionibus
440 390 608 433 tropicis
632 391 960 434 subtrepicisque
982 392 1195 435 utriusque
1217 393 1327 430 orbis
1349 394 1547 430 habitant.
1605 395 1806 439 Vogeliae
1821 404 1951 441 genus

120 457 310 492 capense.
370 447 668 491 Ceratostigma
684 457 706 484 e
722 447 855 485 Cliina
868 449 1025 485 boreali
1041 451 1228 485 relatum.

263 525 630 579 Qualitates
654 534 694 569 et
715 538 885 574 usus·
943 533 1109 571 Ordinis
1130 533 1174 571 in
1190 533 1396 572 Staticeas
1413 539 1451 572 et
1464 535 1788 581 Plumbagineas
1805 537 1951 574 discri-

119 588 287 627 minatio
305 589 502 633 qualitate
520 591 791 627 confirmatur.

260 657 553 695 Statio-earum
570 661 731 697 radices
748 664 785 696 et
802 660 904 697 folia
919 660 1069 697 virtute
1085 662 1365 707 adstringente
1383 667 1421 700 et,
1437 663 1575 700 tonica
1591 665 1812 700 excellunt.
1870 665 1952 701 Fo-

119 716 178 753 lia
202 712 425 751 Armerz'ae
449 716 640 763 vulgaris
663 718 784 753 Linn.
810 717 953 760 (Folia
975 718 1153 754 Statices
1178 719 1316 762 offic.)
1340 723 1507 763 plantae
1528 720 1743 767 nostratis,
1777 726 1816 757 et
1832 722 1952 758 radix

119 771 305 808 Slatices
320 770 557 808 Lz'mom'um
572 774 692 810 Linn.
711 772 871 816 (Radix
885 776 1023 810 Behen
1041 774 1151 810 rubri
1170 775 1322 822 Offic.],
1339 777 1480 820 stirpis
1496 777 1836 825 mediterraneae,
1855 778 1951 815 olim

118 830 224 866 inter
247 830 437 866 remedia.
498 828 685 865 sentices
703 828 1000 864 caroloe‘m'anae
1015 832 1147 867 w'alt.
1171 832 1290 867 radix
1306 834 1661 871 vehementissime
1677 835 1950 880 adstringens,

118 887 273 923 Radice
290 884 477 921 Statices
494 884 714 935 latifoliae
731 886 873 922 Smitb.
893 886 935 922 in
954 887 1140 924 Caucaso
1157 891 1352 926 cerdones
1370 894 1547 927 utuntur.

258 954 587 1002 Plumbag2·neae
603 956 773 991 materie
789 957 954 999 propria
970 960 1150 994 colorata
1161 985 1170 1003 ,
1195 961 1409 995 admodum
1427 961 1613 997 caustica
1629 962 1951 1008 (plumbagina)

114 1016 289 1049 scatent.
348 1010 638 1058 Plnmbugim‘s
661 1021 898 1057 europaeae
914 1013 1035 1049 Linn.
1061 1014 1308 1058 [Dentariae
1331 1026 1364 1052 s.
1380 1018 1659 1054 Dentellariae
1676 1019 1809 1066 Osfic„
1826 1021 1952 1063 Bley-

115 1068 259 1112 wurz]
286 1069 405 1105 radix
427 1069 638 1105 materiem
662 1066 902 1115 sebaceam,
931 1072 1164 1112 plumbeam
1187 1073 1389 1121 continet,
1421 1074 1518 1110 olim
1543 1078 1745 1111 adversus
1769 1076 1951 1113 dentium

115 1127 296 1171 dolores,
327 1129 532 1169 herpetem
552 1130 589 1161 et
614 1126 817 1171 scabiem,
849 1126 893 1161 in
918 1127 1166 1169 depurandis
1188 1129 1397 1165 ulceribus
1422 1131 1760 1168 carcinomatosis
1783 1137 1821 1169 et
1845 1133 1954 1169 inter

115 1182 373 1218 substantias
396 1182 635 1219 vesicantes
661 1183 859 1218 adbibita.
918 1183 1028 1219 Usus
1052 1186 1161 1227 apud
1183 1186 1364 1221 medicos
1387 1188 1505 1222 hodie
1530 1196 1671 1236 rarus,
1703 1189 1953 1232 frequentior

114 1240 223 1282 apud
246 1240 452 1275 mendicos
476 1248 649 1282 nequam
675 1242 751 1285 est,
785 1239 874 1284 qui,
907 1238 1103 1283 imposita
1126 1241 1210 1276 cuti
1226 1243 1366 1278 radice
1382 1244 1588 1287 caustica,
1621 1247 1836 1282 mendacia
1855 1249 1950 1283 vul-

114 1304 212 1331 nera
235 1300 480 1342 provocant,
512 1299 551 1331 et
575 1295 749 1331 foedatis
764 1295 957 1332 membris
972 1297 1206 1339 passionem
1223 1299 1487 1344 simulantes,
1520 1301 1729 1337 difficilius
1748 1303 1950 1339 miseran-

115 1352 214 1387 tium
230 1352 538 1388 beneficentiam
554 1352 793 1389 sollicitant.
832 1349 1061 1400 Plumbago
1080 1352 1305 1400 zeylam’ca
1320 1357 1441 1393 Linn.
1459 1355 1646 1402 [Clima]
1665 1363 1703 1394 et
1719 1357 1949 1407 Plumbago

115 1417 240 1443 rosea
249 1409 383 1454 Linn.,
409 1412 578 1452 plantae
594 1410 809 1444 admodum
826 1417 957 1457 acres,
982 1410 1024 1446 in
1040 1412 1158 1447 India
1173 1412 1280 1448 inter
1294 1414 1654 1457 alexipharmarca
1670 1421 1947 1453 numerantur.

115 1463 405 1513 Plumbagim's
423 1463 668 1501 scandentis
683 1466 805 1503 Linn.
823 1465 981 1511 [Herbe
997 1469 1050 1505 du
1063 1467 1236 1514 Diable)
1255 1470 1515 1508 americanae
1531 1473 1674 1509 eadem
1687 1475 1782 1510 laus
1800 1478 1876 1511 est.

254 1573 832 1621 *Salvadoraceaeo
907 1576 1195 1620 Salvadorae
1240 1579 1597 1636 Plunibagineis
1646 1581 1946 1637 aliquomodo

115 1631 280 1673 affines
315 1634 597 1684 creduntur,
635 1633 831 1674 frutices
863 1634 1038 1688 glabri,
1080 1637 1520 1692 glauco-pruinosi,
1556 1651 1639 1692 per
1667 1639 1822 1680 Asiam
1854 1653 1946 1681 me-

115 1689 260 1740 diam,
291 1690 347 1730 ab
374 1690 529 1731 Indiae
561 1691 820 1745 superioris
850 1692 1085 1732 montibus
1111 1693 1168 1733 ad
1191 1706 1318 1734 mare
1345 1696 1760 1748 mediterraneum,
1795 1704 1841 1737 et
1864 1710 1947 1751 per

113 1745 319 1787 Africam
343 1746 581 1787 borealem
608 1747 760 1788 aNilo
786 1747 847 1788 ad
872 1747 1224 1802 Senegambiam
1253 1750 1428 1792 diffusi.
1491 1753 1649 1793 Caulis
1676 1752 1744 1793 his
1769 1755 1945 1795 articu-

113 1802 257 1853 latus,
303 1803 516 1843 articulis
548 1804 852 1856 subtumidis,
897 1803 1013 1846 folia
1045 1807 1283 1860 opposita,
1328 1809 1578 1862 petiolata,
1623 1810 1948 1862 integerrima,

113 1861 347 1910 coriacea,
381 1860 594 1902 obsolete
625 1873 820 1913 veuosa3
855 1860 994 1903 flores
1026 1864 1213 1914 minuti,
1244 1863 1349 1906 laxe
1381 1867 1657 1918 paniculati‚
1693 1868 1854 1921 calyce
1878 1874 1943 1908 te-

110 1914 352 1973 traphyllo
390 1930 557 1971 parvo,
605 1922 653 1958 et
691 1918 875 1959 corolla
922 1919 1272 1974 quadripartita
1315 1923 1669 1964 membranacea
1712 1926 1944 1966 instructi.

113 1973 320 2016 Stamina
345 1980 550 2028 quatuor
575 1975 784 2016 corollae
816 1975 952 2016 lobos
983 1980 1333 2030 connectentia,
1365 1979 1576 2021 antheris
1606 1981 1848 2032 introrsis,
1878 1983 1943 2022 bi-

112 2030 422 2082 locularibus‚
455 2031 869 2085 longitudinaliter
894 2031 1238 2075 dehiscentibus
1265 2035 1453 2077 donata.
1497 2037 1698 2078 Germen
1729 2039 1944 2090 liberum,

113 2088 425 2139 uniloculare‚
462 2089 739 2142 gemmulam
774 2090 982 2141 unicam,
1021 2103 1044 2131 e
1075 2090 1176 2132 basi
1211 2098 1437 2145 erectam,
1485 2100 1761 2148 anatropam
1794 2096 1942 2136 inclu-

110 2143 245 2195 dens,
277 2145 494 2199 stigmate
510 2145 684 2197 sessili‚
716 2146 915 2187 indiviso
942 2152 1218 2188 coronatum
1243 2149 1289 2188 in
1312 2149 1502 2191 baccam
1526 2151 1759 2193 adolescit
1781 2165 1942 2193 mono-

111 2213 366 2254 spermam,
413 2203 586 2243 semine
617 2207 776 2244 erecto
806 2202 994 2245 foetam.
1066 2205 1352 2260 Embryonis
1383 2208 1726 2250 exalbuminosi
1757 2210 1942 2264 cotyle-

110 2257 255 2298 dones
294 2271 538 2311 carnosae,
595 2260 1045 2315 plano-convexae,
1090 2261 1298 2316 peltatae
1337 2265 1601 2306 radiculam
1640 2265 1837 2308 infe-ram
1874 2269 1940 2307 in-

107 2314 314 2357 cludunt.

296 2415 318 2428 N

756 2424 969 2460 GENus
1021 2432 1290 2462 curcum.

669 2507 795 2544 2177.
826 2509 1058 2546 Salvadora
1072 2505 1197 2544 Lina.

221 2599 488 2637 Salvadorae
496 2604 694 2650 persicae
707 2607 828 2644 Linn.
845 2605 1044 2651 [Khurjal
1056 2636 1066 2655 ,
1082 2609 1218 2656 Arak,
1234 2609 1355 2655 Irak)
1371 2612 1492 2647 sedes
1506 2614 1591 2648 late
1607 2617 1757 2657 patent.
1809 2615 1937 2650 Radi-

106 2653 167 2695 cis
184 2663 322 2695 cortex
338 2660 467 2708 acris,
498 2662 794 2711 vesicatorius‚
820 2666 1029 2700 decoctum
1046 2665 1213 2701 corticis
1230 2667 1363 2702 trunci
1380 2668 1580 2714 tonicum,
1605 2673 1760 2706 baccae
1775 2674 1936 2717 rubrae,

106 2717 261 2752 edules.
322 2714 589 2752 Salvadorae
616 2717 785 2754 indicae
807 2722 928 2763 Royl.
961 2719 1068 2764 (Jal
1085 2723 1195 2766 Ind.,
1225 2720 1496 2758 Iralc-hmdi
1523 2732 1563 2762 et
1584 2725 1767 2761 Misn'ak
1796 2727 1935 2771 Pers.)

106 2772 207 2808 folia
224 2770 476 2817 (Ra-suna)
494 2776 657 2812 Sennae
678 2778 936 2814 lanceolatae
960 2776 1070 2814 soliis
1092 2777 1270 2827 similia,
1301 2782 1542 2830 purgantia3
1573 2783 1732 2819 fructus
1754 2784 1877 2828 (Pe-el
1900 2796 1933 2820 s.

102 2829 271 2874 Pinjoo)
289 2832 538 2867 esculentus.

392 2980 692 3042 classis
727 2983 1014 3044 XXXI.
1093 2959 1637 3063 Aggregatae.

243 3112 491 3190 Herbae,
520 3117 748 3176 frutices
777 3139 829 3177 v.
854 3119 1108 3198 arbores,
1138 3120 1287 3180 foliis
1318 3123 1546 3182 alternis
1568 3144 1617 3182 v.
1643 3125 1929 3204 oppositiS,

103 3197 475 3276 exstipulatiS,
519 3201 745 3261 floribus
781 3204 1040 3282 perfectis
1075 3225 1124 3263 v.
1164 3207 1361 3265 abortu
1396 3208 1761 3287 imperfectis,
1805 3212 1930 3290 ple-

103 3301 330 3360 rumque
380 3281 1010 3367 aggregato-capitatis,
1069 3291 1275 3369 calycis
1326 3293 1457 3351 tubo
1511 3314 1634 3352 cum
1683 3297 1928 3373 germine

102 3373 336 3425 connato
381 3389 430 3427 v.
473 3371 753 3431 rarissime
795 3373 998 3451 libero,
1057 3373 1270 3434 corolla
1312 3398 1511 3457 supera
1554 3399 1602 3436 V.
1646 3381 1926 3441 rarissime

99 3453 446 3531 receptaculo
489 3454 724 3534 inserta,
782 3461 1155 3539 gamopetala,
1207 3461 1375 3520 limbo
1419 3463 1660 3540 regulari
1697 3487 1744 3524 v.
1783 3468 1926 3526 irre-

1504 3557 1567 3611 15
