2147 3756
107 297 329 336 violentius
345 305 635 341 emmenagoga
650 299 879 333 numerant.
924 294 1102 333 Chemici
1117 294 1161 332 in
1179 291 1366 329 Cae‘nccw
1381 291 1527 329 radice
1542 295 1721 332 resinam
1736 298 1930 334 aromati-

108 365 198 392 cam
221 354 446 400 duplicem,
477 354 750 390 substantiam
773 353 1039 388 extractivam
1057 360 1211 399 acrem,
1244 350 1405 387 acidum
1420 351 1809 400 mimo-tannicum,
1842 356 1929 390 aci-

110 413 204 448 dum
233 411 427 455 gallicum
457 413 495 446 et
518 409 680 446 acidum
702 410 902 451 quoddam
924 408 1321 453 peculiarisindolis
1345 406 1531 449 (acidum
1555 405 1835 453 cakae’ncae‘cmn)
1866 411 1931 446 in-

108 468 276 503 venisse
306 466 388 503 sibi
415 466 616 503 videntur.
673 466 887 503 Emetinae
914 466 1190 510 praesentiam
1219 465 1293 503 alii
1322 465 1367 502 in
1395 465 1460 501 1113
1483 464 1691 503 radicibus
1714 465 1931 513 affirmant,

109 524 185 561 alii
199 526 364 568 negant.

248 605 530 643 Palz’conreae
564 607 787 657 plurimae,
833 609 882 644 ob
919 607 1002 644 vim
1033 607 1271 643 diureticam
1304 609 1340 642 et
1371 599 1630 643 sudorificam
1657 605 1933 654 Americanis,

108 664 316 701 Brasiliae
346 665 545 708 imprimis
576 665 726 701 incolis
753 663 926 708 (quibus
951 666 1076 708 vulgo
1099 660 1431 710 Deam-achalm),
1464 663 1508 699 in
1530 663 1713 706 hydrope
1735 666 1774 699 et
1795 665 1934 698 morbo

112 721 351 765 syphilitico
368 721 527 757 auxilio
544 724 651 758 sunt.
710 723 1007 757 Nonnullarum
1025 720 1181 756 fructus
1197 730 1354 756 veneno
1371 718 1503 765 noxii,
1536 729 1588 755 ex
1602 721 1747 755 harum
1769 729 1936 754 numero

111 775 368 812 Palicourea
384 776 520 812 noa-ia
536 776 837 821 Mart.[11erva
853 778 900 812 do
917 777 1050 825 rato),
1075 774 1120 811 P.
1139 774 1363 824 longq’fhlz'a
1381 778 1437 812 St.
1454 777 1535 813 Hil.
1553 780 1592 812 01
1610 773 1658 809 P.
1670 771 1940 821 Marcgrava·

111 836 169 871 St.
193 834 274 870 Hil.
300 838 413 881 sunt,
446 842 617 877 quarum
639 833 840 870 fructibus
863 843 999 870 mures
1028 842 1197 881 necare,
1228 833 1342 870 foliis
1371 836 1633 871 vehementer
1661 832 1821 869 urinam
1849 841 1936 869 mo-

111 890 301 928 ventibus
317 890 361 926 in
377 889 694 926 mulomedicina
709 890 770 925 uti
787 892 933 932 solent.
1528 889 1530 891 ’

255 951 544 1006 ΟέΡΙιαῖαητῘιί
571 957 846 994 occidentalis
867 960 989 996 Linn.
1012 958 1185 1004 [Button
1205 962 1332 1007 busli,
1362 960 1478 996 Pond
1501 959 1770 1005 Dog-wood)
1800 961 1939 995 cortex

111 1019 162 1056 ab
178 1016 602 1062 Anglo-americanis
619 1020 667 1054 ob
685 1017 878 1053 virtutem
894 1017 1212 1061 diaphoreticam
1229 1021 1269 1053 et
1282 1017 1429 1052 leniter
1450 1021 1702 1062 purgantem,
1713 1017 1938 1053 adhibetur.

251 1088 489 1124 Indicarum
517 1087 624 1124 inter
643 1089 811 1132 plantas
834 1087 1014 1123 medicas
1037 1087 1189 1130 exigua
1211 1090 1306 1123 laus
1330 1091 1405 1124 est.
1467 1085 1645 1122 Cantha·
1664 1092 1703 1123 et
1724 1085 1939 1122 Pavettae

109 1143 272 1188 species
301 1145 502 1188 quaedam
529 1145 681 1181 virtute
709 1144 991 1187 adstringente
1024 1144 1160 1180 tonica
1189 1145 1400 1188 praeditae
1428 1148 1542 1192 sunt,
1582 1145 1695 1180 soliis
1725 1148 1764 1180 et
1792 1144 1940 1180 cortice

111 1201 256 1245 purius
287 1209 426 1238 amaro
455 1202 631 1245 proximi
661 1201 896 1238 subordinis
926 1201 1163 1244 primariam
1193 1202 1431 1244 qualitatem
1460 1202 1503 1237 in
1532 1202 1616 1238 ista
1637 1202 1940 1237 Rubiacearum

111 1261 231 1302 gente
257 1258 495 1294 referentes.
553 1256 721 1293 Ixorae
741 1255 1158 1305 Rauennam-Rom„
1189 1258 1351 1294 fruticis
1373 1258 1561 1301 specioso
1584 1258 1724 1294 florum
1749 1260 1940 1300 corymbo

112 1315 267 1361 decori,
301 1315 421 1350 radix
436 1315 479 1351 in
496 1314 600 1351 febri
615 1315 904 1352 intermittente
921 1318 958 1350 01
975 1315 1233 1359 haemoptysi
1247 1314 1445 1351 salutaris
1463 1315 1659 1361 creditur,
1692 1315 1885 1350 corticem
1901 1318 1941 1349 01

111 1370 217 1407 folia
237 1371 475 1415 plethoricis
496 1372 806 1419 administrare,
837 1371 962 1408 sertis
985 1371 1186 1408 idolorum
1206 1372 1414 1410 sacrificia
1435 1381 1581 1407 ornare
1604 1374 1843 1407 consuetum
1866 1374 1941 1407 est.

111 1429 223 1465 Inter
247 1425 595 1462 Guetcardaceas
625 1431 853 1472 complures
884 1431 1014 1464 bacca
1041 1429 1167 1466 eduli.
1234 1425 1273 1462 V
1271 1427 1482 1475 angueroe'a
1503 1426 1636 1462 edulis
1658 1428 1781 1464 Valli.
1805 1426 1940 1471 [Voa-

111 1483 277 1528 vanga]
294 1494 316 1520 0
332 1485 650 1529 Madagascaria
663 1494 773 1521 nunc
794 1494 867 1529 per
887 1485 1038 1521 Asiam
1061 1486 1257 1529 tropicam
1280 1486 1430 1521 diffusa
1452 1486 1558 1521 inter
1579 1487 1656 1520 has
1678 1484 1939 1520 nominanda.

113 1541 261 1578 Cortex
280 1541 548 1583 plurimarum
571 1542 746 1577 10010113.
804 1537 1070 1576 Αηῐίννῖιοεα
1086 1540 1353 1577 υενῑίοῖῖῐαια
1370 1542 1452 1579 Dc.
1471 1539 1591 1584 (Bois
1609 1543 1657 1577 de
1670 1539 1873 1584 Losteau]
1898 1540 1941 1576 in

118 1598 378 1634 Mascarenis
394 1598 544 1634 insulis
560 1597 753 1634 remediis
769 1597 961 1641 stypticis
976 1603 1232 1636 accensetur.

257 1668 439 1704 Maxime
453 1669 559 1704 inter
573 1668 808 1705 Rubiaceas
823 1672 1092 1714 gerontogeas
1112 1665 1287 1715 Coffeae
1303 1666 1542 1713 [Kuehwa]
1560 1667 1755 1713 dignitas.
1806 1670 1944 1704 Genus

112 1728 278 1762 vastum
302 1721 383 1772 e’st,
414 1727 545 1761 multa
566 1725 796 1768 specierum
818 1726 1019 1761 varietate
1039 1735 1113 1769 per
1135 1725 1321 1761 universi
1336 1725 1447 1761 orbis
1462 1726 1628 1769 plagam
1642 1719 1947 1768 intertropicam

115 1782 326 1829 diffusum,
360 1783 432 1818 sed
461 1781 704 1817 arctioribus
731 1781 934 1817 limitibus
958 1781 1122 1819 acutius
1145 1781 1577 1828 circumscribendum,
1608 1791 1649 1817 v.
1670 1781 1835 1817 remotis
1859 1783 1947 1818 sal-

116 1841 196 1875 tem
219 1837 468 1875 americanis
491 1839 543 1874 ad
565 1839 732 1880 plantas
753 1838 798 1874 in
819 1837 950 1874 veteri
973 1841 1068 1875 orbe
1089 1838 1308 1885 indigenas
1331 1846 1358 1874 a
1378 1836 1583 1874 botanicis
1605 1837 1945 1882 restringendum.

115 1895 366 1931 Peninsulae
381 1894 589 1940 arabicae,
607 1903 711 1937 quae
727 1894 772 1930 in
786 1899 943 1932 montes
959 1895 1158 1943 assurgit,
1173 1904 1271 1939 pars
1288 1897 1428 1931 austro
1445 1895 1617 1942 objecta,
1642 1894 1752 1938 regio
1769 1897 1845 1931 sub
1864 1894 1948 1930 fer-

115 1952 211 1989 vido
229 1952 362 1989 sidere
379 1951 575 1987 imbribus
591 1950 768 1987 fecunda
784 1954 823 1987 et
839 1960 965 1987 aurae
980 1952 1170 1995 temperie
1186 1951 1309 1999 felix,
1333 1954 1518 1989 arborem
1536 1956 1703 1997 generat
1719 1951 1945 1987 seminibus

115 2009 227 2045 intra
254 2011 425 2045 baccam
455 2007 756 2044 cerasiformem
785 2008 1054 2044 nascentibus
1080 2008 1316 2053 pretiosam.
1388 2010 1492 2044 Nam
1521 2008 1566 2044 in
1595 2017 1739 2044 corneo
1775 2007 1946 2043 istorum

117 2064 325 2101 albumine
342 2064 462 2101 acida
482 2061 669 2107 (aeidum
686 2060 822 2110 coffeo
835 2084 854 2091 -
869 2063 1086 2099 amnicum
1102 2068 1148 2099 et
1162 2063 1329 2100 am'dum
1345 2062 1588 2111 coff'ez'cum)
1607 2074 1699 2101 cum
1715 2065 1949 2103 substantia

118 2121 349 2158 extractiva
371 2122 680 2158 subalcaloidea
703 2118 944 2167 (Coffez'na)
972 2124 1061 2158 oleo
1087 2125 1128 2159 et
1149 2122 1290 2159 resina
1311 2122 1388 2157 tali
1410 2124 1724 2165 temperamento
1747 2130 1774 2158 a
1800 2125 1950 2157 natura

114 2178 247 2216 mixta
262 2182 377 2226 sunt,
408 2181 453 2212 ut
469 2179 596 2213 cruda
610 2178 717 2214 inter
732 2178 912 2214 remedia
927 2178 1101 2215 febrium
1115 2178 1468 2215 inter-mittentium
1482 2182 1521 2214 et
1537 2178 1764 2214 arthritidis
1786 2178 1950 2221 possint

116 2234 280 2282 haberi,
311 2235 397 2271 leni
426 2235 521 2280 igne
545 2238 672 2283 tosta,
703 2234 874 2271 formato
898 2245 951 2270 ex
973 2235 1105 2271 acidis
1129 2238 1217 2271 oleo
1243 2235 1609 2283 empyreumatico,
1640 2235 1850 2278 peculiare
1875 2245 1949 2271 ex-

118 2293 261 2328 halent
275 2300 434 2340 aroma,
467 2291 612 2328 deinde
627 2300 736 2334 aqua
752 2291 911 2328 fervida
925 2291 1066 2328 infusa
1079 2295 1217 2336 potum
1236 2295 1460 2335 praebeant
1482 2296 1564 2327 tam
1589 2300 1757 2328 amoeno
1782 2292 1949 2328 stimulo

118 2348 164 2384 in
178 2357 329 2384 nervos
345 2351 552 2395 agentem,
582 2351 669 2384 uta
684 2347 874 2391 plurimis
889 2348 1079 2392 gentibus
1102 2348 1210 2384 inter
1230 2348 1344 2384 vitae
1366 2348 1607 2384 necessaria
1628 2348 1749 2384 hodie
1771 2351 1948 2391 petatur,

117 2407 282 2442 Recens
305 2405 465 2441 Coffeae
486 2405 594 2440 inter
616 2405 787 2441 sorbilia
809 2414 953 2452 usum,
986 2414 1105 2448 quem
1122 2405 1379 2441 Gemalledin
1401 2405 1539 2441 Arabs
1564 2404 1873 2449 quadringentis
1895 2408 1947 2441 ab

118 2461 215 2497 111110
230 2461 372 2509 annis,
404 2469 429 2496 a
443 2461 585 2497 Persis
602 2462 768 2497 edoctus
781 2489 791 2509 ,
815 2461 963 2505 mystis
977 2461 1021 2496 in
1037 2461 1158 2497 Aden
1173 2461 1393 2506 pervigilia
1408 2461 1625 2506 agentibus
1643 2463 1950 2498 commendasse

120 2518 264 2564 fertur,
297 2521 335 2553 et
363 2527 507 2555 severo
534 2521 625 2554 utut
654 2518 884 2554 divinorum
915 2520 1176 2554 anathemate
1198 2518 1437 2565 cohibitum,
1470 2526 1496 2553 a
1519 2521 1712 2563 tyranno,
1744 2517 1951 2561 praeclari

120 2573 500 2612 stimuliillecebris
521 2574 652 2623 victo,
683 2577 791 2610 ultro
813 2575 1059 2618 permissum
1082 2578 1120 2610 et
1139 2575 1304 2619 legibus
1329 2577 1524 2622 tutatum,
1558 2575 1667 2618 apud
1690 2582 1830 2611 omnes
1847 2576 1952 2610 Tur-

121 2639 194 2667 cas
213 2632 300 2674 jam
321 2630 452 2666 medio
474 2633 642 2666 saeculo
665 2631 823 2667 decimo
845 2634 962 2667 sexto
986 2633 1200 2676 vulgarem
1221 2630 1354 2666 fuisse
1374 2634 1547 2666 constat.
1606 2630 1765 2666 Coffeae
1790 2630 1952 2667 semina

120 2687 297 2732 primum
319 2695 345 2722 a
365 2686 661 2723 mercatoribus
690 2687 797 2722 inter
826 2686 995 2723 orientis
1021 2687 1226 2723 miracula
1252 2691 1501 2732 monstrata,
1531 2687 1761 2730 Europaeis
1792 2687 1948 2723 decimo

122 2744 295 2788 septimo
325 2745 495 2780 saeculo
525 2753 597 2786 per
627 2742 878 2786 frequentius
909 2752 1002 2778 cum
1023 2743 1169 2779 Turcis
1199 2743 1486 2778 commercium
1511 2744 1784 2779 commendari
1805 2752 1952 2786 coepe-

122 2804 230 2837 runt.
288 2801 418 2836 Usum
440 2802 584 2835 Gallos
609 2801 833 2835 'furcarum
855 2802 1020 2843 legatus
1045 2799 1199 2847 docuit,
1231 2800 1284 2834 ad
1305 2799 1466 2843 Anglos
1487 2801 1709 2845 mercator,
1739 2803 1833 2843 post
1859 2801 1951 2836 lon—

123 2866 218 2902 gam
247 2858 358 2901 apud
387 2856 782 2900 Constantinopolim
812 2864 966 2897 moram
994 2855 1224 2904 Londinum‘
1254 2864 1346 2891 cum
1374 2855 1545 2891 muliere
1574 2857 1772 2899 graecula
1806 2857 1949 2903 redux,

121 2913 368 2960 introduxit3
396 2913 664 2950 Vindobonae
693 2915 786 2956 post
817 2914 1007 2948 abactum
1035 2912 1182 2947 iterum
1212 2914 1263 2947 ab
1294 2912 1409 2948 urbis
1436 2915 1602 2948 nostrae
1631 2912 1953 2956 propugnaculis

122 2971 349 3007 'furcarum
378 2969 599 3007 exercitum
619 2968 786 3014 publice
805 2969 976 3014 proponi
999 2968 1187 3013 coepisse
1210 2971 1349 3012 potum
1371 2968 1603 3018 arabicum,
1634 2968 1680 3005 in
1702 2971 1854 3014 vulgus
1876 2978 1952 3005 no-

128 3030 215 3063 tum
245 3029 321 3063 est.

266 3097 402 3139 Atque
423 3106 477 3133 ex
497 3096 563 3133 his
581 3095 712 3133 veluti
733 3095 858 3145 focis,
889 3094 1086 3140 quidquid
1113 3097 1333 3140 prudenter
1359 3098 1570 3133 monerent
1595 3095 1764 3144 medici,
1797 3096 1952 3133 sensim

126 3161 199 3198 per
219 3152 419 3195 reliquam
433 3154 638 3196 Europam
659 3153 832 3190 diffusus
855 3157 919 3189 est
941 3152 1115 3196 captiosi
1136 3157 1256 3197 potus
1279 3163 1402 3200 usus,
1433 3153 1607 3197 primum
1629 3153 1736 3190 inter
1758 3144 1954 3190 delicato'-

125 3218 217 3246 rum
239 3208 447 3256 lautitias,
479 3209 623 3245 deinde
646 3210 871 3252 opitulante
892 3209 1042 3245 mercis
1062 3209 1224 3247 vilitate
1245 3209 1401 3247 sensim
1424 3211 1475 3245 ad
1497 3212 1658 3254 plebem
1686 3210 1793 3245 inter
1821 3210 1954 3253 quoti-

126 3266 278 3302 dianae
305 3265 418 3301 vitae
444 3266 683 3302 necessaria
711 3266 933 3302 derivatus.
1004 3267 1106 3303 Nam
1137 3269 1401 3303 arbusculam
1431 3270 1592 3303 centum
1622 3269 1673 3302 ab
1703 3265 1799 3301 hinc
1830 3267 1953 3304 annis

126 3321 335 3358 Hoornius
349 3321 569 3358 Bataviam
592 3325 632 3358 et
652 3321 696 3357 in
711 3324 872 3358 hortum
884 3322 1305 3359 Amstelodamensem
1319 3323 1620 3369 introduxerat,
1650 3324 1759 3358 unde
1774 3322 1820 3359 in
1832 3323 1955 3358 Pari-

127 3379 307 3415 siensem
321 3380 585 3422 propagatam
602 3377 870 3414 Declieuxius
886 3378 930 3416 in
944 3379 1177 3416 Americam
1194 3380 1442 3426 transvexit,
1467 3380 1585 3421 cujus
1601 3378 1780 3415 fecunda
1794 3381 1955 3416 soboles

127 3434 339 3472 latissime·
362 3443 471 3471 nunc
500 3444 574 3477 per
600 3443 751 3471 novum
780 3437 914 3472 orbem
937 3440 1182 3483 propagata,
1216 3435 1392 3472 fructum
1415 3435 1546 3471 reddit
1566 3435 1722 3480 ingenti
1744 3435 1841 3473 usui
1863 3434 1978 3472 suf-·

129 3491 342 3528 ficientem.
401 3490 575 3528 coffeam
599 3493 676 3529 sub
701 3491 835 3528 sidere
857 3491 1014 3529 fervido
1039 3487 1142 3537 (16⁰
1165 3495 1282 3537 temp.
1306 3494 1407 3529 med.
1426 3493 1478 3529 ad
1491 3489 1734 3537 minimum]
1749 3491 1853 3529 locis
1876 3491 1953 3528 im-
