2147 3756
1041 109 1153 159 4¹ss

926 184 1263 196 ———-----———-—-

189 299 265 338 que
280 297 423 326 mucus
441 287 629 325 abundat.
667 282 793 331 istae,
811 281 878 319 ubi
898 285 1079 318 recentes
1096 281 1257 323 praesto
1275 279 1388 325 sunt,
1414 277 1603 315 remediis
1618 287 1733 315 muco
1749 277 2002 319 salutaribus

190 350 516 388 adnumerantur.
553 346 597 379 In
615 339 856 387 pericarpiis
873 340 1158 374 nonnullarum
1177 334 1433 372 substantiae
1450 335 1829 382 narcotico-acres,
1848 345 2002 372 summe

188 409 415 446 venenatae
440 400 630 438 resident.
688 395 916 434 Medicinas
934 402 985 429 ex
1001 391 1382 442 Menispermaceis,
1414 391 1620 429 veteribus
1640 390 1868 441 ignoratas,
1898 399 2003 436 pau-

188 463 251 502 cis
267 469 478 499 recensere
490 458 624 501 juvat.

332 529 514 567 Maxima
555 521 724 558 Coc-calz·
746 518 934 567 palmati
959 519 1041 556 Dc.
1083 517 1374 562 (Menispermi
1405 517 1572 561 palmati
1603 515 1748 561 Lam.)
1788 516 1897 553 fama
1927 519 2003 553 est.

189 591 341 627 Planta
362 583 554 630 perennis
578 585 658 626 est,
692 579 731 613 in
747 577 914 613 Africae
937 575 1117 618 tropicae
1140 584 1212 610 ora
1229 575 1437 620 orientali,
1468 575 1510 609 in
1528 574 1660 616 sylvis
1678 583 1887 617 regnorum
1903 574 2002 609 Oibo

191 650 231 684 et.
246 641 528 682 Mozambique
552 640 691 679 sponte
714 643 911 681 nascens,
943 632 984 667 in
1003 631 1150 667 insulis
1167 630 1423 666 Mascarenis
1441 634 1475 666 et
1493 630 1634 665 Indiae
1653 634 1759 665 terra
1776 629 2004 665 continente

191 705 321 745 culta,
353 696 524 740 Nigritis
544 690 726 726 Kalnmb
744 690 864 725 dicta.
921 688 1056 724 Radix
1072 687 1113 722 in
1132 696 1264 723 ramos
1280 686 1528 730 napiformes
1547 686 1700 731 divisa,
1733 686 1891 721 siccata
1907 689 1944 721 et
1961 685 2004 720 in

191 757 394 794 orbiculos
418 752 597 787 dissecta
621 747 738 784 nobis
762 745 993 788 advehitur,
1026 742 1185 779 radicis
1206 741 1404 777 Calumbo
1423 753 1457 778 s.
1478 739 1668 776 Columbo
1686 741 1866 788 nomine,
1898 741 2005 777 inter

189 812 368 851 remedia
390 815 529 847 amara
545 803 776 841 roborantia
792 802 832 837 in
849 801 1022 838 officinis
1038 801 1253 837 servanda.
1285 798 1467 835 orbiculi
1484 798 1722 840 inaequales
1739 801 1852 844 sunt,
1885 797 2006 840 ellip-

191 870 281 915 tici,
320 875 443 907 saepe
475 861 618 898 frustis
649 858 888 903 cylindricis
917 858 1138 894 secundum
1169 856 1460 900 longitudinem
1491 854 1600 890 fissis
1631 854 1767 900 mixti,
1800 853 1868 896 qui
1897 853 2006 888 intra

189 925 377 962 corticem
394 915 578 956 crassum
597 921 635 952 et
651 918 813 961 durum,
838 912 1198 960 cinereo-fuscum,
1215 912 1466 947 exsiccatam
1482 919 1645 946 carnem
1662 911 1889 956 ostendunt,
1907 910 2005 944 odo-

191 983 249 1019 ris
272 979 486 1023 quidquam
510 972 741 1017 aromatici,
774 970 933 1013 saporis
957 970 1169 1005 admodum
1192 968 1322 1004 amari
1346 971 1384 1003 et
1400 967 1576 1013 mucosi,
1608 970 1644 1002 et
1663 970 1820 1010 praeter
1833 967 2004 1002 multum

192 1036 339 1080 amyli,
371 1030 644 1069 substantiam
675 1027 900 1063 resinosam
930 1025 1079 1061 flavam
1110 1033 1310 1070 amaram,
1342 1027 1381 1059 et
1410 1023 1522 1059 aliud
1553 1022 1798 1066 principium
1822 1029 2004 1058 amarum

193 1087 545 1137 (Columbinum),
579 1083 788 1128 qualitatis
805 1082 1036 1118 narcoticae
1051 1090 1130 1116 non
1147 1081 1305 1115 omnino
1329 1089 1498 1125 expers,
1530 1079 1747 1114 continent.
1797 1078 2004 1122 Plurimae

192 1153 288 1188 sunt.
303 1149 534 1191 plantarum
552 1141 730 1186 radices,
762 1148 866 1182 quae
883 1138 1028 1181 partim
1044 1146 1095 1172 ex
1108 1137 1227 1172 India
1242 1137 1455 1181 advectae,
1488 1135 1633 1178 partim
1651 1138 1699 1170 ab
1718 1134 2005 1177 impostoribus

190 1203 406 1248 europaeis
428 1198 565 1237 succis
589 1196 741 1233 amaris
763 1195 1008 1240 medicatae,
1039 1192 1218 1228 incautis
1241 1200 1281 1228 v.
1307 1190 1451 1228 insciis
1474 1200 1545 1234 pro
1572 1189 1707 1226 radice
1729 1190 1918 1225 africana
1934 1191 2005 1225 ob-

191 1261 296 1298 trudi
317 1261 460 1296 solent.
522 1249 956 1297 Cocculipeltatinc.
980 1250 1023 1285 in
1039 1248 1289 1295 Malabaria,
1322 1250 1360 1283 et
1383 1242 1842 1292 Cocculae'flavescencis
1858 1246 1939 1282 Dc.
1963 1245 2007 1280 in

190 1315 392 1356 Moluccis
414 1310 636 1349 crescentis
660 1309 777 1345 radix
793 1307 897 1342 inter
912 1305 1271 1350 praestantissima
1286 1303 1438 1339 radicis
1454 1304 1642 1339 Colombo
1657 1303 1915 1338 succedanea
1929 1311 2007 1337 nu-

190 1375 380 1412 meratur.
426 1366 626 1404 Radicem
643 1363 780 1410 Lopez
796 1373 830 1400 s.
849 1360 1133 1407 Lopezae‘anam
1144 1389 1154 1408 ,
1181 1361 1335 1397 incerta
1349 1365 1477 1396 matre
1492 1359 1691 1408 genitam,
1716 1367 1819 1402 quae
1835 1368 1887 1394 ex
1901 1357 2006 1394 Asia

192 1428 429 1473 advehitur,
455 1423 621 1462 Cocculi
637 1421 813 1457 radicem
828 1419 1015 1455 nonnulli
1029 1421 1186 1461 putant.

330 1499 439 1533 Inter
454 1493 826 1536 Menispermaceas
841 1488 1127 1533 brasilienses,
1160 1494 1328 1529 quarum
1345 1484 1463 1522 radix
1479 1494 1620 1522 amara
1634 1483 1846 1521 medicinis
1862 1483 2008 1519 tonicis

192 1555 500 1594 adnumeratur,
536 1545 738 1583 Caeculus
762 1542 1059 1592 plaqypleyllus
1091 1545 1146 1579 St.
1177 1543 1281 1587 Hil.,
1316 1540 1519 1576 Caeculus
1551 1541 1816 1582 cz‘nerascens
1841 1542 1896 1576 St.
1921 1540 2006 1576 ΗΠ.

193 1611 340 1656 (vulgo
357 1606 514 1651 Butua]
537 1610 577 1642 et
595 1600 874 1648 Coe‘ssampelos
900 1597 1126 1649 ovalv’folia
1149 1602 1204 1634 St.
1222 1599 1303 1637 Hil.
1328 1598 1500 1642 [Orellia
1516 1599 1564 1633 de
1580 1597 1713 1647 Onca]
1737 1596 2008 1632 nominandae

193 1672 301 1706 sunt.
362 1660 612 1708 Ce‘ssampelz·
639 1658 828 1694 Parez‘ra
858 1658 1000 1704 Linn.,
1032 1655 1193 1692 fruticis
1224 1655 1436 1705 antillani,
1466 1655 1585 1690 radix
1617 1651 1770 1698 (radix
1799 1650 2008 1686 Parca-ae

194 1724 374 1766 oravae)
393 1722 575 1766 lignosa,
599 1718 788 1763 inodora,
813 1708 974 1758 saporis
991 1713 1164 1757 primum
1181 1711 1442 1758 dulciusculi,
1468 1711 1610 1746 deinde
1628 1719 1719 1746 cum
1735 1709 1876 1752 aliqua
1892 1717 2007 1744 acre-

195 1781 289 1817 dine
319 1777 467 1823 amari,
506 1776 610 1811 inter
640 1773 848 1809 tutissima
877 1772 1124 1806 calculorum
1154 1768 1330 1804 remedia
1360 1767 1456 1803 olim
1486 1766 1680 1814 celebris,
1712 1765 1862 1802 exoleti
1889 1764 2014 1800 hodie-

193 1847 295 1874 usus
326 1839 400 1872 est.
457 1831 650 1873 Radicem
673 1829 866 1865 Pareirae
886 1829 1040 1863 bravae
1063 1824 1237 1862 similem
1261 1823 1520 1860 americanae
1539 1823 1740 1867 plurimae
1762 1821 2006 1866 largiuntur.

198 1887 477 1937 Cz‘ssampelos
498 1885 694 1932 Caapeba
709 1885 830 1921 Linn.
854 1883 897 1919 in
913 1882 1086 1919 Antillis
1103 1890 1291 1916 crescens
1308 1890 1359 1916 ex
1374 1880 1544 1916 istarum
1560 1888 1724 1915 numero
1741 1882 1816 1915 est.
1873 1877 2010 1913 Radix

194 1949 356 1987 fruticis
380 1943 667 1990 a‘cognomine
683 1940 844 1985 Piperis
866 1939 1005 1975 radice
1029 1947 1148 1981 aegre
1164 1937 1464 1981 distinguenda.
1520 1938 1569 1972 In
1584 1935 1733 1971 insulis
1751 1933 2008 1970 Mascarenis

197 2001 447 2050 Cissampelae·
458 1997 714 2036 mauriciani
727 1999 924 2034 Tliouars.
946 1994 1067 2031 radix
1084 1993 1277 2029 Pareirae
1291 1995 1378 2028 loco
1395 1995 1470 2028 est.
1525 1993 1573 2027 In
1591 1992 1772 2034 Ceylona
1788 2001 1809 2026 e
1828 1987 2014 2025 Coscinii

184 2063 390 2115 fenestra
398 2059 433 2094 ti
445 2059 600 2095 Colebr.
618 2054 873 2101 [VVoniwoL
890 2049 1088 2094 Venivel)
1105 2049 1242 2086 radice
1257 2048 1499 2086 medicinam
1514 2047 1804 2085 stomachicam
1820 2049 1980 2090 parant.

338 2113 510 2151 Cocculz‘
523 2111 656 2148 Bam
672 2112 724 2147 A.
741 2110 881 2156 Rich.,
904 2109 948 2144 in
962 2106 1232 2151 Senegambia
1249 2104 1487 2152 crescentis,
1511 2103 1630 2140 radix
1647 2102 1849 2147 febrifuga
1865 2106 1903 2138 et
1919 2102 2010 2138 diu-

195 2176 323 2213 retica
346 2182 371 2210 a
393 2170 562 2216 Nigritis
586 2168 775 2205 creditur.
836 2161 1086 2209 Cissampela·
1103 2160 1355 2209 glaberrz'mi
1374 2163 1430 2196 St.
1450 2161 1532 2197 Hil.
1556 2163 1595 2196 et
1613 2157 1862 2204 Cissampelz·
1882 2157 2009 2194 ebra-

195 2230 333 2268 cleati
345 2232 401 2266 St.
419 2228 502 2264 Hil.
519 2225 697 2262 radicem
712 2224 911 2259 adversus
927 2222 1158 2264 serpentum
1173 2227 1332 2258 morsus
1349 2216 1575 2253 Brasiliani
1590 2216 1793 2252 adhibent.

339 2281 540 2320 Caeculus
564 2280 727 2326 crispus
748 2279 856 2325 DC.,
887 2277 931 2313 in
954 2275 1153 2312 Moluccis
1181 2283 1390 2320 crescens,
1422 2282 1543 2310 succo
1572 2271 1774 2317 glutinoso
1804 2273 1843 2307 et
1873 2279 2010 2307 amaro

196 2347 345 2390 scatet3
374 2345 482 2378 hunc
510 2339 553 2374 in
586 2337 768 2374 febribus
797 2332 1175 2378 intermittentibus,
1206 2330 1249 2365 in
1280 2330 1405 2366 ictero
1435 2333 1475 2366 et
1503 2330 1702 2365 adversus
1724 2327 2010 2363 intestinorum

195 2409 354 2438 vermes
376 2396 594 2442 proficuum
609 2394 799 2429 Indorum
813 2390 959 2427 medici
975 2390 1192 2432 populares
1209 2389 1422 2423 asserunt„
1456 2387 1489 2422 E
1510 2382 1680 2418 Cocculz·
1694 2381 1914 2433 cordffolii
1926 2383 2010 2419 Dc.

197 2456 433 2501 [Gulancha
448 2462 481 2489 s.
500 2448 641 2492 Giioh]
660 2448 867 2491 stipitibus
890 2449 928 2482 et
944 2445 1053 2482 foliis
1076 2444 1118 2479 in
1135 2443 1335 2486 Bengalia
1358 2443 1564 2478 decoctum
1584 2437 1830 2485 (Petebam)
1850 2442 2008 2486 parant,

195 2512 359 2558 plurimi
390 2512 437 2546 ob
468 2509 657 2544 virtutem
686 2504 863 2540 tonicam
891 2511 1005 2539 usus.
1064 2502 1258 2536 Extracto
1288 2495 1655 2541 caudicis.(Palo)
1686 2497 1793 2532 inter
1815 2496 2012 2532 diuretica

195 2572 376 2606 utuntur.
434 2563 569 2601 Radix
584 2561 712 2598 radici
729 2561 916 2597 Colombo
933 2556 1104 2604 similis,
1134 2558 1268 2598 amylo
1284 2558 1322 2591 et
1339 2555 1534 2598 principio
1553 2563 1690 2590 amaro
1708 2553 1830 2589 foeta.
1880 2553 2011 2596 Amy-

195 2628 280 2663 lum
300 2622 391 2660 Indi
415 2630 466 2657 ex
487 2623 564 2655 hac
585 2621 819 2661 separatum
843 2618 890 2651 ob
913 2615 1103 2651 virtutem
1126 2614 1417 2648 demulcentem
1433 2611 1569 2654 aegris
1583 2609 1813 2654 propinant.

334 2677 608 2715 Plurimarum
625 2678 763 2709 cortex
779 2673 992 2709 admodum
1008 2678 1190 2715 amarus,
1221 2670 1507 2704 nonnullarum
1521 2666 1625 2703 flavo
1636 2656 1889 2701 -ti'nctorius.

337 2728 800 2769 AnamirtaCoceucus
822 2728 968 2772 Wight
997 2731 1036 2762 et
1064 2727 1188 2772 Arn.‚
1223 2724 1357 2760 frutex
1385 2723 1602 2770 volubilis,
1633 2723 1677 2758 in
1705 2721 1811 2758 Asia
1840 2719 2008 2766 tropica,

196 2791 396 2837 imprimis
426 2787 600 2825 insulari
629 2786 825 2823 nascitur.
889 2785 1066 2819 Fructus
1086 2781 1194 2817 inter
1212 2780 1410 2816 veneficia
1431 2778 1598 2824 famosi,
1635 2775 1804 2811 Cocculz·
1823 2774 1956 2811 indici
1974 2785 2008 2813 s.

190 2845 424 2896 piscatorii
445 2855 483 2881 v.
507 2842 712 2879 levantici
729 2841 892 2887 nomine
906 2840 950 2875 in
964 2836 1239 2875 mercimoniis
1255 2840 1362 2872 sunt.
1419 2837 1554 2871 Rarus
1568 2835 1737 2871 istorum
1754 2833 1797 2869 in
1812 2831 2010 2869 necandis

197 2903 399 2950 pediculis
434 2902 542 2944 apud
571 2900 747 2936 medicos
775 2907 879 2934 usus
909 2899 991 2942 est,
1028 2892 1282 2946 frequentius
1314 2901 1340 2928 a
1369 2890 1642 2934 piscatoribus
1672 2890 1723 2925 ad
1752 2888 2011 2926 inebriandos

197 2962 333 3006 pisces
363 2957 624 3003 adhibentur,
672 2963 771 2997 quos
801 2962 854 2988 ex
881 2951 1044 2995 injectis
1073 2957 1205 2992 aquae
1240 2947 1427 2984 cocculis
1457 2948 1699 2982 temulentos
1731 2954 1855 2981 manu
1885 2944 2011 2980 facile

198 3017 313 3063 capi,
344 3023 418 3050 nec
448 3017 582 3049 tamen
612 3018 770 3053 semper
800 3008 891 3054 sine
919 3015 1029 3042 noxa
1058 3003 1211 3040 comedi
1240 3006 1411 3040 constat.
1467 3002 1661 3038 Infamem
1678 3001 1943 3037 Cocculorum
1966 2999 2010 3035 in

197 3071 440 3112 medicanda
470 3066 671 3104 cerevisia
700 3060 818 3101 usum
847 3063 956 3105 apud
978 3063 1137 3105 Anglos
1157 3058 1356 3102 imprimis
1377 3057 1569 3105 gliscere,
1601 3057 1830 3103 perhibent3
1860 3059 2010 3099 quanto

197 3129 372 3174 civium,
403 3125 472 3170 qui
493 3127 568 3159 hoc
594 3125 736 3158 temeto
758 3122 944 3164 utuntur,
977 3116 1176 3162 periculo,
1208 3114 1334 3150 facile
1356 3118 1419 3151 est
1435 3114 1589 3161 dicere,
1620 3113 1772 3149 namin
1788 3111 2011 3150 seminibus

195 3187 365 3223 istorum
380 3179 624 3226 principium
640 3176 910 3213 extractivum
929 3170 1283 3218 (Pierotoxz'na),
1315 3170 1357 3206 in
1373 3169 1614 3214 pericarpiis
1630 3173 1764 3205 autem
1779 3167 2013 3206 substantia

198 3239 430 3278 alcaloidea
446 3231 811 3280 (Menispermz‘na)
831 3230 999 3276 residet,
1024 3228 1168 3271 quibus
1184 3226 1374 3262 virtutem
1389 3226 1636 3263 narcoticam
1654 3225 1817 3272 debent,
1841 3225 2010 3267 strych-

199 3298 322 3333 ninae
344 3295 387 3330 in
410 3291 682 3337 organismum
706 3288 924 3326 animalem
945 3283 1190 3330 perniciosis
1212 3282 1369 3319 viribus
1386 3282 1458 3319 vix
1471 3282 1678 3326 imparem.
1735 3281 1770 3317 E
1787 3279 2010 3317 seminibus

200 3355 333 3389 oleum
349 3353 564 3387 sebaceum
579 3347 808 3383 obtinetur.»

344 3403 515 3440 Cocculz·
531 3399 720 3437 Cebatlm
734 3400 816 3437 Dc.
827 3427 837 3447 ,
871 3400 1034 3443 plantae
1055 3396 1268 3433 admodum
1284 3397 1500 3440 obscurae,
1533 3395 1685 3430 baccae
1702 3400 1817 3428 acres
1834 3392 1885 3427 ab
1899 3389 2010 3425 Ara-

202 3445 322 3502 bibus
349 3462 629 3509 comeduntur,
673 3461 713 3496 et
747 3454 1029 3502 praeparando
1057 3450 1170 3497 potui
1199 3449 1419 3489 inebrianti
1457 3443 2008 3494 (Khuvar-ool-majnoon)
