2147 3756
1108 91 1226 140 ’552

263 257 539 298 albuminosi
559 260 826 309 cotyledone-s
843 270 1045 309 crassae,
1076 258 1523 312 carnoso-oleosum,
1556 271 1656 300 cum
1681 263 1877 302 radicula
1900 261 2074 305 brevis-

261 316 379 356 sima
395 315 683 357 articulatae.
712 338 769 346 -—-
825 315 963 356 Folia
978 314 1179 366 alterna,
1210 316 1410 370 integra,
1443 317 1739 371 exstipulata.

1420 479 1530 515 Kissi
1545 481 1658 516 Endl.

1515 524 1701 558 Camellia
1719 524 1825 559 Nees.

374 490 496 524 6⁴25.
528 487 725 524 Camellia
745 483 864 522 Le'nn.
1359 479 1392 514 b.

1302 574 1426 610 5426.
1458 575 1570 610 Thea
1587 572 1709 610 Lim

432 550 468 570 α.
495 536 690 577 Sasaugua
705 534 814 570 Nees.

564 664 782 707 Genera
812 664 978 707 dubia
1009 666 1523 709 'l'ernstriimiaceis
1554 667 1773 709 affinia.

381 756 503 793 5427
534 754 673 797 Godoy
677 762 702 790 a
719 751 828 788 Ruiz
845 757 882 790 et
899 752 1005 793 Pav.
1305 758 1429 793 5429.
1460 757 1687 800 Pyrenaria
1703 755 1839 793 Blum.

585 809 757 843 Godovia
773 808 879 844 Pers.
1621 822 1646 847 >k

691 868 716 894 ’¹‘
778 925 788 935 ‚
1305 883 1430 920 5430.
1461 884 1729 927 Leucoxylon
1747 881 1882 919 Blum.

378 938 500 974 5428.
530 937 774 975 Adinandra
790 935 916 976 Jaek.
1620 948 1645 974 >k

693 1000 716 1028 *
1305 1011 1384 1045 543
1394 1011 1428 1047 1.
1459 1012 1698 1054 Euryanthe
1716 1007 2006 1048 Schlecletend.

403 1100 729 1147 Affinitas.
787 1109 909 1154 Ordo,
940 1105 1022 1145 nisi
1038 1106 1227 1152 singulas
1242 1108 1371 1145 tribus
1388 1110 1431 1145 in
1446 1109 1628 1147 familias
1644 1110 1859 1147 distinctas
1875 1109 2077 1158 evexeris,

262 1163 335 1200 vix
362 1164 623 1211 dividendus,
655 1164 837 1207 proxime
854 1166 905 1200 ad
923 1165 1185 1211 Clusiaceas,
1216 1165 1489 1202 mediantibus
1505 1166 1704 1209 imprimis
1722 1167 1974 1214 Camellieis„
2008 1176 2076 1203 ac-

262 1222 389 1268 cedit,
435 1221 581 1257 minori
611 1222 975 1265 integumentorum
1006 1221 1206 1257 floralium
1235 1231 1420 1268 numero,
1468 1223 1626 1265 calycis
1663 1226 1811 1259 natura
1846 1223 2079 1260 distinctius

264 1278 723 1324 foliacea,emb130n1s
741 1278 1057 1313 confolmatione
1078 1281 1116 1313 et
1140 1278 1251 1313 foliis
1274 1278 1517 1320 saepissime
1541 1279 1710 1314 alternis
1737 1279 1939 1316 diversus.
1999 1282 2077 1316 Ge—

262 1344 362 1370 ne1a
379 1334 657 1377 oppositifolia
672 1337 709 1369 et
725 1334 942 1380 stipulata,
974 1334 1085 1371 flo1is
1102 1338 1140 1369 et
1156 1334 1323 1371 seminis
1340 1335 1498 1371 fabrica
1519 1336 1681 1380 egregie
1704 1345 1795 1373 cum
1819 1335 2080 1373 alternifoliis

263 1395 307 1429 et
318 1390 582 1434 exstipulatis
599 1399 705 1426 conv
708 1390 906 1439 emenda,
937 1393 1046 1426 haud
1064 1393 1295 1434 separanda
1310 1394 1419 1428 sunt.

406 1454 830 1511 Geographia.
889 1462 1265 1498 Ternstromiaceae
1287 1461 1544 1506 potissimum
1572 1461 1615 1498 in
1639 1462 1831 1499 Amerina
1859 1463 2016 1506 tropica
2044 1467 2083 1501 et

264 1516 370 1556 Asia
393 1518 583 1554 orientali
605 1519 809 1565 habitant,
840 1518 1116 1561 paucissimae
1140 1519 1184 1554 in
1198 1519 1392 1555 America
1413 1519 1590 1568 boreali,
1619 1519 1745 1555 unica
1767 1520 1811 1555 in
1833 1520 1985 1557 insulis
2002 1520 2082 1558 Ca-

262 1575 416 1622 nariis,
452 1578 692 1611 nascuntur.
758 1577 916 1611 Genera
945 1575 1018 1611 vix
1047 1585 1127 1610 non
1157 1576 1294 1612 omnia
1321 1575 1549 1624 endemica,
1587 1584 1681 1612 nam
1711 1577 1939 1619 Sauraujae
1969 1586 2081 1614 ame-

263 1631 431 1668 ricanae
460 1631 741 1668 verisimiliter
768 1635 819 1668 ab
850 1631 1038 1668 asiaticis
1068 1634 1322 1676 separandae
1359 1635 1466 1669 sunt.
1542 1629 1875 1677 Cochlospermi,
1921 1634 2083 1677 generis

263 1689 468 1732 propriam
496 1688 539 1724 in
570 1689 711 1724 ordine
740 1689 889 1725 tribum
918 1688 1000 1725 sibi
1021 1689 1294 1738 vindicantis,
1326 1689 1486 1733 species
1512 1690 1564 1725 ad
1586 1689 1820 1737 Orinocum,
1851 1689 2019 1735 Nigrum
2045 1693 2084 1726 et

265 1748 465 1792 Gangem,
496 1754 571 1781 nec
599 1755 680 1781 non
710 1745 754 1781 in
777 1748 917 1782 Novae
936 1747 1182 1781 Hollandiae
1211 1755 1283 1782 ora
1303 1745 1456 1783 boreali
1481 1748 1722 1782 observatae
1743 1745 1918 1783 fuerunt.
1974 1749 2084 1783 Inter

271 1798 611 1837 Terrestrb'mz‘eas
632 1802 790 1838 Visnea
818 1802 863 1838 in
893 1802 1053 1839 insulas
1077 1803 1297 1850 canarias,
1327 1805 1493 1845 Euryae
1522 1803 1567 1838 in
1595 1802 1813 1845 Japoniam
1843 1807 2081 1847 evagantur.

267 1855 537 1904 Sauranjeae
553 1868 660 1895 mere
677 1860 856 1902 tropicae
873 1862 988 1906 sunt,
1019 1869 1092 1902 per
1106 1859 1253 1896 Asiam
1270 1863 1308 1895 et
1323 1859 1556 1895 Americam
1572 1859 1796 1901 dispersae.
1841 1856 2083 1904 Laplacecte

266 1924 405 1952 omnes
422 1916 465 1951 in
479 1916 672 1952 America
695 1916 851 1959 tropica
870 1915 1071 1952 habitant.
1132 1913 1399 1951 Gordom‘eae
1413 1916 1458 1950 in
1471 1915 1664 1952 America
1679 1915 1835 1951 boreali
1851 1915 2083 1963 indigenae,

265 1972 493 2015 partimque
509 1972 552 2007 in
567 1973 674 2008 Asia
688 1972 844 2016 tropica
858 1975 897 2009 et
912 1972 1149 2017 subu-opica
1163 1973 1321 2011 vivunt.
1384 1970 1636 2007 Camellz‘ezae
1650 1972 1795 2010 Asiam
1806 1998 1817 2020 ,
1847 1972 2085 2021 orientalem

267 2028 486 2076 imprimis,
517 2029 711 2065 incolunt.

409 2092 773 2145 &ualitates
796 2099 835 2136 et
854 2105 1024 2140 usus.
1083 2099 1525 2137 Ternstromiacearum
1554 2102 1692 2144 partes
1720 2101 1947 2136 herbaceae
1968 2108 2085 2137 muco

268 2156 498 2203 abundant,
523 2160 661 2192 cortex
676 2157 943 2200 plurimarum
961 2157 1221 2200 adstringens
1232 2184 1242 2204 ,
1268 2159 1556 2193 nonnullarum
1571 2156 1780 2192 resinosus
1795 2165 1835 2193 v,
1853 2155 2084 2203 tinctorius,

267 2212 383 2248 flores
414 2211 622 2256 plerisque
643 2215 953 2262 suaveolentffes
983 2213 1142 2249 semina
1166 2216 1319 2250 oleosa
1376 2215 1512 2249 'rheae
1532 2211 1665 2250 virtus
1686 2212 1904 2250 stimulans
1927 2212 2087 2257 aliquo-

266 2270 383 2306 modo
399 2268 442 2303 in
457 2271 531 2304 hoc
547 2270 687 2305 ordine
703 2272 904 2306 anomala.

413 2322 725 2372 ΟοεΙιῖοεΡενῃα
743 2324 919 2372 insigms
943 2326 1098 2363 st.Hi1.
1123 2324 1283 2370 (Butua
1305 2327 1352 2362 de
1375 2324 1544 2373 curvo),
1574 2325 1639 2363 int
1631 2324 1825 2363 tBrasilia
1848 2325 2087 2374 crescentis,

269 2382 445 2418 radicem
463 2386 685 2420 abscessus
701 2383 744 2418 in
760 2383 991 2420 visceribus
1008 2392 1157 2420 sanare
1173 2383 1396 2427 perhibent.
1459 2379 1823 2428 Cochlospermnm
1842 2381 2088 2418 ti'nctorzum

270 2439 395 2476 Guill.
420 2443 455 2473 et
479 2441 592 2475 Perr.
615 2441 658 2475 in
680 2440 952 2483 Senegambia
981 2440 1141 2476 crescit.
1199 2440 1336 2476 Radix
1363 2439 1720 2486 flavo-tinctoria,
1751 2438 1873 2475 etiam
1902 2439 1946 2475 in
1977 2448 2087 2475 ame-

267 2498 466 2531 norrlloea
482 2496 609 2532 utilis.
671 2493 984 2541 Coclclospermz·
1007 2494 1208 2542 Gossypa·
1223 2496 1329 2543 DC.,
1360 2495 1518 2532 arboris
1538 2495 1722 2542 indicae,
1754 2498 1921 2531 truncus
1936 2494 2087 2540 gummi

268 2554 579 2597 'tragacantnae
595 2552 729 2589 simile
745 2551 891 2597 [vulgo
909 2550 1129 2598 Kuteera)
1145 2556 1291 2596 plorat.
1333 2543 1499 2589 Sem'ina
1514 2552 1731 2588 immatura
1746 2554 1921 2589 colorem
1933 2554 2088 2589 luteum

266 2608 510 2653 largiuntur.
565 2611 685 2645 Lana
698 2610 924 2653 gossypina
940 2609 1047 2646 varii
1060 2619 1176 2647 usus.

411 2661 707 2712 Kae'elmeyerae
723 2670 761 2701 et
779 2663 1025 2711 Sauraujae
1039 2667 1237 2710 quaedam
1252 2674 1369 2702 muco
1384 2667 1590 2702 salutares
1606 2666 1714 2701 sunt.
1775 2662 2088 2699 Gordom‘arum

269 2724 410 2757 cortex
432 2722 646 2759 coriarius.
708 2720 939 2757 Camelliae
955 2722 1096 2758 florum
1112 2722 1349 2765 frondisque
1365 2721 1507 2757 decore
1523 2721 1723 2758 adonistis
1741 2719 2089 2756 commendatissi-

269 2786 362 2814 mae
385 2781 492 2814 sunt.
551 2779 737 2826 Semina,
769 2781 817 2815 ob
841 2779 1049 2823 egregiam
1072 2779 1153 2815 olei
1176 2788 1252 2822 quo
1278 2781 1438 2815 scatent
1461 2777 1629 2822 pinguis
1651 2777 1888 2823 puritatem,
1919 2775 2089 2812 maximi

269 2833 315 2870 in
338 2834 572 2871 oeconomia
593 2838 835 2878 populorum
854 2836 986 2872 Asiae
1015 2835 1229 2872 orientalis
1256 2833 1460 2872 momenti.
1517 2833 1721 2870 Foliorum
1749 2834 1842 2869 leve
1872 2840 2012 2869 aroma
2041 2833 2091 2869 de

270 2889 469 2927 affinitate
488 2892 650 2935 generis
666 2901 757 2927 cum
771 2893 884 2928 Thea
897 2895 1042 2929 monet.
1984 2920 1988 2924 ,

418 2944 537 2981 Thea
558 2949 667 2990 apud
690 2948 812 2984 Sinas
834 2948 1040 2993 nascitur,
1069 2949 1198 2983 multa
1225 2945 1438 2982 varietate.
1494 2946 1607 2982 Usus
1638 2944 1774 2982 temeti
1803 2947 1894 2989 post
1916 2945 2090 2983 coffeam

273 3013 344 3048 per
359 3006 493 3040 orbem
510 3007 709 3040 terrarum
723 3003 936 3047 propagati
951 3003 995 3038 in
1012 3003 1098 3039 dies
1114 3003 1265 3048 gliscit.
1308 3002 1516 3038 Foliorum
1530 3002 1664 3038 virtus
1679 3002 1839 3047 egregie
1854 3001 2088 3049 stimulans,

272 3060 315 3096 in
347 3060 580 3096 substantia
610 3060 909 3107 adstringente,
940 3060 1110 3096 materie
1138 3058 1367 3095 extractiva
1395 3058 1463 3095 sui
1493 3058 1655 3103 generis
1683 3055 1915 3104 (Thema),
1945 3062 1984 3094 et
2012 3058 2090 3094 im-

272 3116 414 3160 primis
431 3116 474 3152 in
492 3116 571 3152 olei
587 3115 765 3152 aetherei
780 3115 1056 3152 subnarcotici
1078 3115 1261 3158 portione
1282 3114 1444 3151 residet.
1502 3114 1633 3151 Varia
1654 3114 1823 3162 mercis,
1854 3124 1909 3151 an
1931 3124 1983 3150 ex
2006 3122 2092 3150 una

273 3175 341 3208 vel
373 3183 394 3208 e
421 3172 551 3209 variis
582 3172 739 3209 fruticis
771 3172 990 3216 speciebus
1018 3173 1170 3220 lectae,
1214 3181 1294 3207 non
1323 3170 1428 3207 satis
1458 3170 1606 3218 liquet,
1651 3171 1845 3216 dignatio.
1911 3170 2091 3206 Fruticis

274 3233 390 3265 extra
413 3229 602 3267 coelestis
625 3228 786 3274 imperii
810 3229 911 3266 fines
935 3227 1036 3266 culti
1058 3227 1162 3265 folia
1183 3236 1328 3274 parum
1357 3229 1510 3264 valent.
1569 3229 1719 3272 Ingens
1747 3227 2090 3265 succedaneorum

272 3294 479 3322 numerus.

416 3390 1013 3442 *Aristoteliaeeaffi
1069 3393 1241 3433 Frueex
1272 3389 1512 3444 chilensis,
1543 3392 1682 3434 ramis
1708 3390 1908 3434 diffusis.
1963 3390 2091 3429 Folia

279 3447 603 3506 subopposssa,
635 3451 886 3507 petiolata,
915 3451 1144 3508 oblonga,
1172 3455 1333 3504 acuta,
1363 3449 1882 3506 glanduloso-serrata‚
1913 3446 2090 3503 glabra,
