2147 3756
60 259 186 307 circa
213 256 681 305 arim-abbreviatum
709 256 1015 315 verticillata,
1048 272 1091 304 v.
1117 256 1253 319 juxta
1287 256 1409 302 axim
1442 256 1542 319 plus
1577 257 1723 302 minus
1756 255 1890 303 elon-

60 340 214 394 gatum
246 328 451 392 undique
483 329 684 385 inserta,
728 329 922 392 peltata.
1000 329 1271 375 Gemmzclae
1309 326 1368 374 ad
1407 327 1555 373 basim
1595 328 1891 391 carpophylti

59 419 101 449 v.
125 401 264 463 juxta
296 398 508 462 ejusdem
540 400 745 462 stipitem
780 399 1045 457 solitariae,
1083 399 1298 462 geminae
1329 414 1372 445 v.
1407 396 1704 454 indefinitae,
1747 398 1889 443 sessi-

56 473 153 529 Ιυε,
205 481 421 529 erectae,
479 470 813 533 ortbotropae,
871 471 1007 533 apice
1055 479 1248 533 apertae
1297 477 1346 516 et
1390 469 1579 531 saepius
1626 469 1670 514 in
1720 468 1890 514 collum

58 543 393 606 styliformem,
426 541 762 588 secundatione
795 550 992 605 peracta
1027 541 1324 588 obliteratum
1357 539 1638 604 productae.
1685 541 1892 586 Fructus

59 614 383 678 syncarpium,
434 613 754 676 carpophyllis
796 613 1313 659 carnoso-incrassatis
1352 629 1394 658 v.
1436 608 1889 674 lignoso-induratis

58 694 190 731 arcte
231 684 612 740 conniventibus,
663 699 990 745 nonnunquam
1033 684 1173 729 etiam
1207 684 1417 745 margine
1452 680 1890 736 concrescentibus,

62 755 242 802 tandem
298 755 356 802 ad
409 763 594 800 suturas
640 769 800 802 rursus
845 753 1046 816 apertiS,
1107 753 1393 816 drupaceum
1439 770 1484 801 v.
1536 752 1890 799 strobiiaceum.

58 828 254 874 Semina
300 841 326 872 e
375 824 668 888 carpophylli
705 824 807 870 basi
845 833 1034 881 erecta,
1082 825 1319 882 solitaria,
1369 825 1556 887 gemina
1593 839 1636 871 v.
1676 823 1890 886 plurima,

58 898 380 959 integumento
413 895 802 952 membranaceo,
839 895 1024 958 lignoso
1055 912 1101 942 vt,
1138 911 1302 952 osseo,
1337 896 1558 958 ungulato
1592 911 1638 942 v.
1675 895 1892 956 utrinque

58 970 104 1014 in
135 968 253 1015 alam
286 967 692 1014 membranaceam
723 965 978 1030 producto,
1055 967 1266 1028 Embr’yo
1299 967 1344 1012 in
1385 967 1461 1012 axi
1500 966 1747 1013 albuminis
1788 980 1895 1012 car-

59 1039 185 1096 nosi,
232 1040 366 1102 parci
407 1040 694 1101 antitropus,
743 1036 954 1100 ejusdem
1002 1038 1106 1085 fere
1154 1035 1472 1100 longitudine,
1527 1035 1892 1099 cotyledom'bus

59 1109 259 1169 duabus,
314 1110 466 1156 rarius
518 1109 755 1173 pluribus,
820 1108 969 1155 tribus
1022 1108 1081 1155 ad
1134 1125 1325 1166 novem,
1388 1109 1629 1170 oblongis,
1695 1107 1891 1164 obtusis,

58 1183 283 1230 radicula
324 1179 611 1245 cylindrica,
659 1182 797 1244 apice
838 1197 941 1227 cum
974 1180 1208 1227 albumine
1242 1188 1613 1238 concrescente,
1659 1172 1890 1227 vert'icem

58 1253 250 1300 seminis
283 1261 557 1317 spectante,
590 1261 816 1318 respectu
849 1251 1146 1316 carpophylli
1177 1268 1367 1316 supera.

834 1385 867 1421 G
885 1392 911 1420 E
931 1391 962 1420 Ν
978 1392 1004 1420 Ε
1024 1393 1053 1419 n
1072 1392 1120 1421 A.

145 1470 267 1506 1789.
301 1469 525 1514 Juniperus
544 1465 668 1506 Lina.
1087 1469 1210 1507 1792.
1243 1468 1428 1506 Callitris
1454 1466 1576 1505 Vent.

145 1529 266 1564 1790.
299 1529 433 1569 'Phuja
455 1525 661 1577 Tournef.
1087 1535 1210 1570 1793.
1240 1534 1455 1570 Parolinia
1475 1530 1595 1568 Endl.

131 1622 142 1627 ‘
207 1589 243 1609 a.
274 1575 440 1618 Euthuja
459 1576 555 1611 Don.
1326 1581 1562 1625 I’achylepis
1582 1581 1756 1624 anngn.

209 1626 243 1659 b·
273 1626 382 1659 ffi‘ffa
400 1626 496 1683 90'2·
1086 1641 1208 1677 1794.
1239 1641 1465 1676 Taxodium
1487 1637 1532 1674 L.
1554 1637 1596 1674 C.
1620 1636 1738 1674 Hic-h.

212 1686 243 1708 c·
269 1676 482 1719 Cynam->⁵³1
499 1675 596 1710 ΒΜ·
1133 1728 1137 1729 ⁷
1327 1688 1556 1723 Sctmbertta
1572 1687 1692 1721 Mire.

142 1722 266 1776 1795122
300 1727 581 1769 crypmmffl'ia
600 1723 710 1763 '2⁰⁷²‘
1327 1737 1642 1781 Condylocarpus
1662 1735 1805 1771 Salt'sbt

142 1779 267 1834 ¹793·
299 1784 518 1826 T¹¹¹¹j⁰D⁵iS
539 1780 668 1818 ΖΜΟ·
1084 1792 1206 1848 179ῗ.
1240 1796 1548 1840 chamaepeuce
1567 1792 1693 1831 Zucc.

145 1842 163 1876 1
173 1841 222 1875 79
232 1843 248 1875 l
257 1868 266 1878 .
300 1841 532 1884 cupressus
554 1838 759 1890 Toarnef.

198 1933 526 1979 AffinitaS.
588 1939 892 1984 Cupressineae
923 1941 973 1976 ab
999 1937 1191 1976 affinibus
1216 1939 1448 1976 Abietineis
1471 1942 1520 1975 ob
1547 1941 1808 1976 antherarum
1830 1941 1893 1975 lo-

59 1999 174 2034 culos
192 1999 438 2033 ‘eonnectivo
460 2000 612 2041 peltato
635 2001 782 2034 subtus
808 1999 980 2033 aduatos
1002 2001 1041 2033 et
1057 1999 1286 2038 gemmulas
1305 2001 1462 2033 erectas
1485 1996 1723 2042 distinctae,
1757 1995 1894 2032 fructu

58 2056 261 2098 drupaceo
284 2066 305 2090 e
329 2055 513 2098 squamis
539 2056 726 2091 carnosis
752 2054 945 2100 conflato,
977 2064 1016 2090 v.
1042 2054 1199 2090 strobili
1223 2054 1372 2100 exiguo
1395 2063 1628 2098 sqamarum
1645 2063 1812 2090 numero
1829 2053 1895 2090 fa-

58 2112 210 2148 cillime
228 2112 542 2161 dignoscuntur,
574 2113 697 2149 etiam
715 2112 821 2157 facie
838 2121 863 2148 a
880 2112 1068 2148 Piilubus
1085 2112 1291 2148 diversae.

201 2191 628 2248 Ge'ographia.
676 2197 865 2235 climatis
882 2198 1093 2242 temperati
1111 2201 1268 2234 coelum
1285 2198 1380 2234 mite
1397 2198 1735 2244 praediligenteS,
1759 2199 1893 2234 Euro-

56 2263 152 2299 pam
175 2255 346 2291 mediam
372 2259 409 2291 et
431 2256 788 2303 mediterraneam,
820 2256 970 2292 Asiam
994 2256 1194 2299 imprimis
1211 2256 1468 2303 orientalem,
1500 2256 1733 2291 American]
1751 2258 1894 2291 borea-

57 2314 158 2358 lem,
191 2313 322 2355 Caput
352 2315 484 2349 bonae
514 2313 604 2356 spei
635 2316 672 2348 et
696 2315 848 2349 Novam
876 2314 1140 2349 Hollandiam
1163 2313 1408 2349 inhabitant.
1467 2311 1689 2358 Jnnt‘pere',
1728 2310 1894 2357 Thnjae

60 2373 98 2405 et
132 2367 333 2414 Cupressz'
358 2370 402 2405 in
432 2370 667 2414 temperatis
698 2371 1010 2414 liemisphaerae
1042 2371 1218 2406 borealis
1247 2370 1465 2415 amphigei.
1548 2368 1737 2404 Tasodz'r'
1764 2381 1893 2414 genus

57 2427 543 2464 boreali-americanum.
576 2424 801 2461 Parorinm
818 2428 947 2471 Caput
966 2431 1096 2463 bonae
1113 2428 1221 2472 spei,
1257 2425 1556 2473 Caeyspcmnere'a
1571 2429 1673 2464 Don.
1691 2426 1894 2471 (Cupres-

58 2494 132 2520 sus
158 2485 355 2527 japonica
386 2483 573 2528 Thunb.)
605 2485 782 2521 Voltziis
815 2484 1028 2521 fossilibus
1060 2486 1273 2520 admodum
1304 2485 1476 2531 similis,
1515 2483 1739 2531 Thnjopsis
1764 2487 1891 2521 Zucc.

61 2539 219 2583 (Tliuja
242 2542 454 2577 dolabrata
470 2540 654 2585 Thurin.)
673 2546 713 2578 et
731 2539 1046 2588 Chamaepeuce
1062 2544 1188 2577 Zucc.
1206 2543 1424 2586 Japoniam
1441 2542 1635 2578 incolunt.
1695 2540 1893 2577 vallaris

59 2595 355 2643 [suadria-aleris
373 2598 414 2633 in
431 2599 599 2634 Atlante
616 2599 819 2644 nascitur,
838 2600 1023 2642 reliquae
1039 2599 1201 2643 generis
1218 2600 1422 2635 naturalis
1439 2600 1600 2642 species
1618 2599 1782 2635 inNova
1794 2601 1894 2638 Hol-

59 2654 200 2690 landia
217 2655 392 2690 australi
409 2655 678 2697 reperiuntur.
739 2658 897 2700 'l‘hujae
912 2657 1074 2699 species
1091 2656 1213 2691 etiam
1231 2656 1273 2691 in
1289 2657 1480 2692 Andibus
1498 2656 1673 2692 chilenis
1689 2657 1846 2693 vivunt.

201 2733 566 2785 Qualitates
598 2744 635 2776 et
664 2747 842 2780 usus.v
895 2741 1198 2784 cupressineae
1226 2740 1472 2777 substantiis
1502 2740 1701 2776 resinosis
1733 2745 1771 2776 et.
1802 2744 1891 2777 oleo

59 2798 247 2832 aethereo
272 2797 424 2844 foetae,
457 2799 577 2834 etiam
597 2798 865 2841 qualitatibus
882 2806 1080 2833 summam
1098 2807 1190 2833 cum
1208 2797 1442 2833 Abietineis
1458 2797 1802 2833 necessitudinem
1821 2801 1892 2834 de·-

0 2857 7 2861 ”
58 2857 297 2889 monstrant.
335 2855 434 2891 Olea
451 2858 656 2901 aetherea,
683 2864 787 2898 quae
805 2855 1173 2898 Cupressinearum
1191 2855 1374 2897 partibus
1390 2855 1604 2890 herbaceis
1622 2859 1658 2891 et
1677 2855 1888 2902 fructibus,

58 2910 102 2946 in
129 2911 318 2946 ductibus
342 2911 709 2948 utriculiformibus
733 2916 942 2957 contenta,
976 2912 1210 2947 obtinentur
1239 2908 1406 2954 (Oleum
1428 2912 1617 2955 Juniperi
1649 2913 1889 2960 communis,

58 2967 252 3013 Sabinae,
274 2968 551 3015 virginianae‚
576 2971 718 3005 Oleum
735 2971 892 3012 'rhujae
907 2969 1191 3016 occidentalis,
1216 2970 1359 3004 Oleum
1376 2969 1570 3012 cupressi
1587 2969 1687 3014 cet.)
1700 2997 1708 3010 ,
1735 2980 1786 3005 ex
1803 2970 1891 3006 Olei

59 3024 356 3061 terebinthinae
372 3026 531 3062 familia
548 3030 656 3063 sunt.
693 3026 871 3073 Resina,
903 3035 1024 3069 quam
1042 3029 1181 3069 plures
1198 3027 1369 3074 sudant,
1403 3036 1448 3062 eo
1465 3036 1490 3062 a
1506 3027 1798 3063 Terebinthina
1812 3026 1890 3063 ‹lif-

60 3081 158 3126 fert,
190 3079 295 3123 quod
318 3083 398 3118 olei
422 3084 602 3120 aetherei
623 3083 832 3118 minimam
855 3083 1057 3119 contineat
1080 3083 1346 3131 particulam,
1378 3074 1487 3119 acidi
1510 3084 1711 3120 succinici
1727 3084 1888 3120 omnino

59 3147 220 3181 expers.
276 3140 489 3182 Ejusmodi
517 3140 796 3187 substantiae,
829 3140 976 3184 quibus
1005 3141 1049 3176 in
1081 3141 1284 3184 plerisque
1313 3141 1504 3177 materies
1534 3141 1795 3183 adstringens
1818 3150 1889 3177 ac-

60 3196 201 3230 cedere
223 3197 346 3242 solet,
386 3197 573 3240 pluribus
597 3197 787 3233 virtutem
810 3197 992 3233 tribuunt
1014 3198 1314 3243 stimulantem,
1351 3207 1475 3245 quae,
1513 3198 1638 3234 vitam
1670 3198 1888 3240 plasticam

58 3251 180 3288 simut
205 3252 456 3300 sollicitans,
488 3254 594 3290 inter
614 3254 778 3291 auxilia
801 3254 961 3291 medica
982 3257 1065 3303 est,
1097 3255 1191 3290 dum
1214 3254 1324 3290 aliae
1348 3258 1396 3291 ob
1421 3254 1608 3298 egregias
1623 3255 1727 3299 ligni
1743 3255 1888 3291 duriet

58 3307 282 3352 fragrantis
306 3310 526 3353 qualitates
547 3311 591 3347 in
613 3311 800 3355 opificum
824 3321 904 3347 usu
927 3315 1036 3358 sunt.
1094 3309 1298 3357 Juniperz·
1318 3311 1544 3346 communis
1564 3312 1685 3348 Linn.
1711 3304 1888 3361 (ἄρκευ-

61 3362 164 3411 θος,
198 3367 464 3415 wacholder,
495 3362 818 3414 Krana-w-ittJ',
851 3368 1016 3405 fruticis
1039 3368 1082 3405 in
1097 3370 1263 3413 Europa
1286 3360 1421 3405 media
1449 3372 1488 3404 et
1511 3369 1666 3405 boreali
1688 3369 1884 3415 indigeni,

60 3422 195 3458 rarius
218 3423 261 3458 in
284 3423 443 3459 arboris
467 3424 644 3467 speciem
667 3426 946 3461 excrescentis
968 3424 1126 3470 lignum
1149 3424 1348 3469 imprimis
1371 3436 1392 3461 e
1415 3424 1554 3461 radice
1578 3419 1831 3470 desumptum
1848 3430 1886 3462 et

58 3480 218 3521 galbuli
234 3476 384 3524 (vulgo
399 3481 561 3518 Baccae
577 3481 789 3528 Juniperi)
806 3481 847 3519 in
865 3481 1037 3519 officinis
1054 3486 1251 3527 prostant,
1310 3484 1344 3519 Ε
1360 3481 1508 3527 spiritu
1522 3482 1611 3520 vini
1626 3492 1751 3527 super
1766 3483 1885 3527 Juni2
