2147 3756
950 195 1001 202 „.
1066 119 1185 170 276
1233 195 1297 201 Μ

224 290 389 336 stipulis
407 290 709 338 foliiformlbus,
734 290 981 328 verticillum
998 291 1185 327 foliorum
1199 288 1503 339 mentientibus,
1527 298 1552 328 a
1573 293 1692 336 gente
1706 299 1783 329 sua
1799 295 2037 338 segregatae

224 349 431 393 habitant,
461 356 606 392 magno
635 348 864 392 specierum
892 357 1058 383 numero
1086 346 1272 390 regiones
1305 350 1548 390 temperatas
1572 352 1612 384 et
1634 348 1804 393 frigidas
1826 349 2040 392 utriusque

224 406 332 441 orbis
348 405 594 452 incolentes,
625 403 955 446 frequentissime
970 403 1013 439 in
1028 403 1193 447 regione
1208 403 1504 439 mediterranea
1519 403 1684 451 obviae,
1715 414 1833 441 rarae
1848 405 1891 440 in
1907 406 2040 449 regio-

221 461 346 497 nibus
364 461 526 505 tropicis
541 461 809 503 reperiuntur.
847 461 1000 495 Harum
1017 458 1214 501 quaedam
1231 462 1305 496 sub
1323 455 1397 495 70⁰
1411 462 1457 496 L.
1475 461 1521 496 B.
1534 461 1656 503 juxta
1669 464 1871 497 borealem
1887 460 2043 498 ordinis

225 518 438 554 terminum
455 518 652 554 excubias
669 519 807 559 agunt.
866 511 1246 563 Anthospermeae,
1265 516 1564 559 opercularieis
1581 517 1866 552 australasicis
1884 517 2043 560 aliquo-

225 575 340 610 modo
358 574 514 618 affines,
538 573 715 608 maxima
739 580 791 606 ex
807 574 921 613 parte
934 573 1065 616 Caput
1080 575 1210 608 bonae
1226 573 1315 615 spei
1331 572 1527 619 incolunt,
1550 582 1679 617 genus
1695 582 1820 608 unum
1838 570 2042 620 (Phyllis)

224 631 269 666 in
298 630 448 666 insulis
482 629 670 665 canariis
704 627 908 674 nascitur,
945 627 1196 675 Coprosmcz,
1229 629 1444 666 transitum
1474 630 1525 663 ad
1549 629 1728 666 Coffeeas
1756 638 1930 676 parans,
1961 631 2044 665 No-

222 695 318 724 vam
347 686 609 721 llollandiam
639 688 678 719 et
706 686 861 720 Novam
890 685 1157 721 Zeelandiam
1185 685 1339 721 incolit.
1413 682 1760 731 Spermacoceae,
1792 686 1937 731 paucis
1968 693 2042 721 ex·-

225 743 375 789 ceptis,
402 752 504 784 (puae
520 750 591 784 per
606 740 810 784 regionem
824 742 1180 788 mediterraneam,
1205 742 1368 778 insulas
1386 742 1585 778 canarias
1603 744 1639 776 et
1654 741 1885 777 Americam
1900 744 2045 778 borea-

225 803 304 835 lem
326 802 546 844 vagantur,
579 806 717 833 omnes
740 797 917 840 tropicae
939 802 1053 846 sunt,
1084 798 1128 833 in
1149 797 1342 834 America
1364 801 1490 834 multo
1513 806 1632 840 quam
1659 797 1702 833 in
1717 798 1822 834 Asia
1845 801 1883 834 et
1898 797 2044 834 Africa

225 854 476 897 frequentius
507 856 702 896 repertae.
761 851 1085 900 Psychen-reae,
1118 854 1300 890 maxima
1331 854 1565 891 subordinis
1594 854 1680 901 vis,
1711 856 1858 897 plagas
1888 853 2046 891 calidas

224 911 415 946 incolunt.
474 912 521 946 In
541 912 653 945 Novo
677 912 770 946 orbe
786 910 990 954 copiosius
1007 915 1257 958 crescentes,
1288 911 1522 947 Americam
1538 920 1563 946 a
1577 910 1745 946 Florida
1759 912 1810 946 ad
1828 910 2042 946 Chilenum

223 970 428 1003 australes
443 966 594 1002 limites
610 970 871 1014 percurrunt,
894 977 970 1003 nec
986 969 1094 1012 apud
1109 969 1228 1003 Indos
1245 976 1363 1003 rarae
1378 972 1492 1014 sunt,
1510 967 1722 1010 pauciores
1738 968 1844 1010 apud
1862 966 2044 1010 Nigritas

225 1027 264 1060 et
279 1023 323 1058 in
338 1023 508 1059 Africae
524 1023 720 1059 australis
736 1023 886 1060 insulis
904 1025 1072 1071 degunt,
1096 1032 1254 1067 paucae
1267 1024 1595 1070 Australasiam,
1620 1023 1896 1066 paucissimae
1916 1024 2047 1065 Caput

223 1083 354 1116 bonae
372 1080 481 1126 spei,
513 1088 615 1125 una,
650 1076 801 1125 Coffea
816 1081 966 1116 virtute
981 1080 1155 1127 nobilis,
1183 1080 1381 1116 Arabiam
1399 1080 1557 1128 felicem
1573 1080 1787 1115 inhabitat.
1835 1077 2046 1114 Guettar-

226 1134 328 1170 deae
358 1140 492 1172 autem
517 1136 561 1171 in
589 1134 717 1172 Asiae
744 1139 868 1180 plaga
897 1137 1034 1172 calida
1064 1136 1316 1180 frequentius
1344 1146 1463 1179 quam
1487 1136 1527 1171 in
1543 1135 1744 1178 America
1773 1135 2046 1181 reperiuntur,

223 1193 500 1236 paucissimae
544 1193 588 1228 in
624 1193 817 1229 America
862 1193 924 1229 c1s
961 1202 1152 1229 cancrum
1190 1196 1430 1229 observatae
1468 1192 1649 1238 fuerunt,
1696 1192 1894 1234 quaedam
1931 1194 2047 1227 trans

223 1250 506 1292 capricornum
530 1249 781 1294 amphigeae.
838 1251 892 1285 Et
913 1252 1015 1286 haec
1038 1250 1198 1293 quidem
1221 1251 1269 1285 de
1287 1249 1508 1285 Coffeaceis
1534 1249 1643 1284 dicta
1665 1251 1772 1284 sunt.
1829 1249 1932 1284 Nam
1949 1247 2047 1284 Cin-

226 1308 454 1341 chonaceas
471 1307 574 1347 quod
592 1306 756 1352 attinet,
786 1305 884 1342 illas
896 1333 905 1351 ,
939 1306 1123 1350 exceptis
1140 1305 1402 1349 paucissimis
1416 1332 1426 1352 ,
1442 1301 1444 1304 ’
1458 1305 1731 1348 subu-opicam
1745 1304 1962 1341 Americae
1975 1306 2048 1341 bo-

225 1363 351 1400 realis
368 1364 533 1405 plagam
549 1365 587 1397 et
603 1362 732 1405 Caput
746 1365 876 1398 bonae
892 1362 982 1405 spei
996 1362 1288 1409 incolentibus,
1316 1365 1431 1398 extra
1447 1362 1621 1398 circulos
1637 1361 1810 1404 tropicos
1826 1361 1899 1396 vix
1913 1359 2047 1406 nasci,

226 1422 264 1454 et
281 1419 533 1460 frequentius
550 1421 687 1461 paullo
705 1429 776 1461 per
791 1428 940 1454 novum
958 1421 1092 1454 orbem
1107 1421 1240 1454 colere
1255 1420 1499 1454 monendum
1522 1421 1604 1465 est,
1641 1418 1699 1452 ita
1721 1421 1765 1453 ut
1779 1411 2048 1465 {singularum

225 1475 400 1511 tribuum
417 1475 616 1517 quaedam
630 1483 780 1518 genera
794 1475 942 1521 Asiae,
974 1475 1058 1510 alia
1071 1474 1259 1522 Africae,
1291 1474 1377 1510 alia
1392 1475 1608 1510 Americae
1622 1474 1703 1510 sint
1719 1473 1902 1521 propria,
1925 1475 2047 1516 plura

224 1533 347 1567 etiam
369 1541 390 1566 e
408 1530 623 1574 speciebus
640 1541 710 1573 per
727 1535 938 1574 utrumque
953 1533 1086 1567 orbem
1103 1530 1301 1574 dispersis
1319 1531 1400 1566 sint
1419 1531 1658 1577 composita,
1689 1530 1808 1566 immo
1822 1531 2046 1566 nonnullae

224 1588 385 1632 species
401 1597 472 1631 per
487 1587 671 1631 regiones
689 1588 846 1625 calidas
863 1587 986 1623 totius
1002 1588 1111 1625 orbis
1128 1588 1364 1632 divulgatae
1380 1587 1645 1631 reperiantur.

369 1665 732 1718 &ualitates
758 1676 796 1709 et
816 1678 984 1712 usus.
1043 1673 1265 1708 Praeclara
1285 1671 1584 1710 Rubiacearum
1613 1670 1657 1707 in
1687 1670 1887 1709 sanandis
1915 1669 2047 1708 homi-

229 1738 326 1766 num
353 1729 504 1766 morbis
534 1730 686 1777 virtus,
724 1730 765 1765 in
798 1729 951 1772 plantis
982 1729 1247 1775 americanis,
1285 1729 1355 1765 ubi
1384 1728 1523 1772 purior
1552 1728 1720 1776 emicat,
1753 1738 1775 1764 e
1804 1727 2047 1764 substantiis

231 1785 497 1832 alkaloideis,
530 1785 742 1829 principiis
767 1785 1114 1830 adstringentibus
1142 1789 1182 1821 et
1212 1786 1383 1833 amaris,
1416 1788 1454 1821 et
1484 1794 1537 1821 ex
1565 1785 1697 1821 acidis
1726 1784 1819 1822 fixis
1849 1784 2050 1828 imprimis

227 1845 405 1886 pendere
428 1842 697 1885 cognoscitur.
754 1842 1001 1878 Notissimus
1025 1845 1086 1877 est
1110 1841 1273 1877 corticis
1299 1842 1550 1884 quarundam
1579 1841 1685 1877 inter
1713 1841 1890 1877 remedia
1922 1840 2050 1877 febri-

230 1900 348 1946 fuga,
382 1898 534 1934 radicis
549 1899 724 1934 aliarum
746 1899 850 1934 inter
874 1898 1046 1934 emetica
1068 1907 1184 1935 usus.
1242 1897 1518 1941 complurium
1539 1897 1670 1934 virtus
1693 1897 1848 1944 tonica,
1881 1897 2050 1940 diapho-

230 1956 355 1992 retica
386 1958 425 1991 et
454 1954 652 1990 diuretica
682 1957 929 2001 celebratur,
968 1956 1168 1998 quaedam
1196 1955 1451 1992 substantias
1482 1954 1802 2001 adstringentes,
1839 1954 2050 1989 resinosas

228 2014 442 2057 praebent,
487 2011 687 2056 plurimae
724 2014 880 2048 colores
915 2011 1159 2055 largiuntur.
1230 2013 1526 2047 Nonnullarum
1561 2013 1714 2047 baccae
1753 2012 1867 2055 grate
1905 2009 2048 2045 acidae

229 2070 371 2105 edules
395 2059 515 2113 sunt‘,
544 2067 720 2103 aliarum
743 2068 903 2104 semina
926 2070 974 2104 ob
996 2067 1079 2104 vim
1101 2067 1372 2115 peculiarem,
1406 2076 1486 2111 qua
1509 2070 1692 2110 systema
1713 2075 1930 2102 nervosum
1961 2065 2052 2101 affi-

230 2125 364 2170 ciunt,
411 2123 581 2163 maximi
612 2123 814 2160 facienda.
887 2124 968 2161 Sed
997 2124 1142 2160 iterum
1171 2134 1243 2167 per
1272 2124 1461 2168 singulas
1493 2123 1620 2159 tribus
1650 2124 1946 2166 procedendum
1976 2125 2051 2158 est.

230 2179 512 2216 Stellatarum
529 2181 658 2223 major
671 2181 777 2216 inter
791 2183 956 2224 plantas
973 2180 1184 2217 tinctorias
1201 2189 1322 2223 quam
1337 2180 1443 2215 inter
1457 2179 1636 2216 medicas
1653 2182 1747 2216 laus
1763 2182 1837 2216 est.
1896 2176 2052 2226 Rubra,
2110 2190 2123 2200 0

231 2246 336 2281 quae
358 2230 488 2272 ordini
510 2245 657 2272 nomen
679 2237 807 2284 dedit,
835 2239 912 2273 has
935 2236 1040 2272 inter
1063 2237 1222 2272 eminet.
1280 2234 1422 2270 Rubra
1441 2235 1667 2270 tinctorum
1683 2235 1802 2271 Linn.
1822 2227 2051 2286 (Ἐρυθρά-

231 2291 387 2339 ὃανον,
416 2293 578 2340 Krapp,
610 2292 817 2338 Garance)
841 2292 884 2328 in
899 2295 1064 2336 Europa
1086 2292 1260 2328 australi
1277 2295 1316 2328 et
1331 2292 1492 2328 Oriente
1508 2292 1714 2340 nascitur,
1743 2291 1957 2334 vastisque
1973 2290 2050 2326 im-

229 2350 374 2394 primis
391 2358 462 2392 per
479 2349 657 2385 Galliam
673 2349 786 2394 agris
801 2351 911 2385 culta
928 2348 1083 2386 bracati
1099 2349 1242 2385 militis
1257 2352 1411 2385 vestem
1428 2351 1548 2385 rubro
1569 2351 1701 2384 colore
1716 2347 1871 2384 imbuit.
1916 2346 2053 2383 Radix

236 2403 407 2451 (Rada-
422 2404 586 2440 Rubz'ae
605 2405 851 2450 tinctorum)
878 2408 1098 2443 subamara
1121 2409 1159 2441 et
1181 2405 1461 2452 adstringens,
1493 2405 1599 2441 inter
1621 2404 1798 2441 remedia
1820 2403 2054 2440 roborantia

233 2462 435 2509 admissa,
466 2462 583 2498 hodie
600 2470 626 2498 a
640 2462 846 2506 plerisque
862 2463 1064 2509 seposita,
1095 2461 1341 2498 substantiis
1358 2462 1632 2498 colorantibus
1647 2461 1800 2506 variis,
1831 2467 2050 2507 purpurea,

233 2522 380 2565 rubea,
413 2518 624 2565 aurantia,
655 2517 763 2554 flava
779 2523 817 2555 et
833 2521 988 2555 brunea
1004 2518 1112 2554 foeta
1134 2521 1215 2565 est,
1247 2518 1394 2561 quibus
1417 2518 1588 2563 gummi,
1620 2520 1846 2553 extractum
1867 2517 2050 2562 mordax,

232 2584 325 2612 cera
342 2578 518 2612 sebacea
534 2578 572 2610 et
587 2578 699 2611 sales
715 2576 924 2611 accedunt.
962 2575 1241 2611 Substantiam
1257 2575 1633 2618 rubro—tingentem
1650 2574 1809 2610 Rubiae
1825 2582 1914 2609 cum
1932 2575 2053 2608 albu-

230 2632 362 2679 mina‚
394 2632 562 2668 materie
584 2640 756 2668 caseosa
778 2635 816 2667 et
840 2634 951 2666 calce
973 2634 1229 2675 phosphorea
1250 2631 1513 2674 pertinaciter
1540 2632 1793 2674 coalescere,
1823 2632 1862 2665 et
1890 2628 2051 2665 anima-

229 2689 353 2734 lium,
394 2697 497 2730 quae
528 2690 606 2723 hac
636 2687 774 2725 radice
802 2692 1043 2734 vescuntur,
1084 2695 1199 2735 ossa,
1239 2688 1447 2734 sudorem,
1488 2687 1688 2734 salivam,
1723 2685 1886 2722 urinam
1915 2687 1954 2721 et
1983 2686 2051 2720 lac

231 2744 335 2788 tingi
365 2747 622 2780 observatum
652 2748 727 2780 est.
798 2744 955 2780 Rubias
986 2743 1196 2780 tinctorias
1230 2743 1352 2779 etiam
1381 2746 1549 2779 exterae
1579 2745 1718 2786 gentes
1748 2736 1918 2788 ha'bent3
1961 2740 2054 2776 Indi

232 2799 416 2836 Rubiam
441 2797 654 2844 Munjisca
675 2802 806 2837 Roxb.
831 2799 1037 2843 (Akanna
1061 2798 1278 2846 Japon.?],
1312 2799 1470 2835 Cllileni
1493 2797 1676 2834 Rubz‘am
1699 2795 1887 2832 Relboun
1911 2796 2051 2833 Cham-

233 2861 273 2894 et
288 2859 396 2893 Schl.
415 2860 566 2892 colunt.
616 2858 913 2900 Asperularum
929 2859 967 2891 et
984 2855 1091 2891 Galii
1107 2855 1335 2898 specierum
1349 2855 1510 2892 radices
1526 2853 1738 2891 tinctoriae
1753 2852 1922 2896 rarioris
1937 2861 2052 2889 usus.

233 2908 447 2958 Asperula
473 2910 657 2947 odorata
671 2913 791 2948 Linn.
815 2915 1028 2950 umbrosas
1053 2914 1265 2954 sylvarum
1289 2914 1398 2947 amat
1420 2919 1630 2957 recessus,
1660 2912 1807 2956 herba,
1839 2909 1954 2946 sicca
1975 2908 2056 2945 im-

232 2969 375 3014 primis
395 2966 566 3013 (Herba
583 2966 891 3014 Matrissylvae
905 2978 944 3004 v.
962 2965 1203 3011 Hepaticcte
1219 2963 1464 3014 stellatae),
1497 2969 1639 3012 odora,
1670 2975 1761 3002 cum
1783 2964 2055 3002 amaritudine

235 3026 517 3072 adstringens,
547 3033 721 3068 magnae
744 3025 853 3066 apud
874 3026 1033 3067 plebem
1055 3023 1097 3058 in
1120 3022 1245 3058 ictero
1269 3025 1306 3058 et
1329 3024 1511 3066 hydrope
1535 3023 1716 3058 curanda
1731 3022 1896 3069 laudis,
1926 3020 2056 3058 medi-

235 3083 366 3118 cando
389 3081 485 3117 vino
509 3089 633 3124 saepe
649 3080 843 3117 adhibita.
903 3076 1113 3123 Asperum
1128 3075 1392 3124 cynanehz’ca
1406 3080 1452 3114 L.
1470 3077 1628 3121 [Rubia
1642 3078 1902 3121 cynanchica
1916 3074 2055 3122 Offic.)

236 3139 281 3174 in
303 3138 452 3181 apricis
476 3136 603 3182 degit,
635 3136 772 3173 lenius
795 3135 1073 3182 adstringens,
1105 3138 1343 3182 subamara,
1373 3135 1596 3171 olim-inter
1624 3134 1803 3171 remedia
1828 3136 2055 3171 numerata.

239 3191 360 3230 Galia·
380 3194 539 3238 species
565 3194 703 3236 plures
727 3195 841 3239 sunt,
874 3193 1074 3234 quondam
1096 3191 1202 3227 inter
1216 3192 1437 3233 pharmaca
1452 3189 1922 3236 amaro-sdstringentia
1933 3188 2055 3226 habi-

237 3254 304 3287 tae
328 3254 367 3286 et
389 3251 432 3286 111
462 3249 638 3286 diversis
665 3249 816 3285 morbis
848 3249 1170 3295 commendatae,
1199 3247 1317 3282 hodie
1347 3257 1399 3283 ex
1426 3247 1600 3285 officinis
1627 3249 1786 3290 pulsae.
1841 3248 1950 3282 Inter
1976 3246 2055 3281 has

239 3305 409 3342 Gellium
429 3302 614 3352 Apartne
627 3306 746 3342 Linn.
763 3304 922 3349 [Herba
936 3302 1189 3349 Aparines),
1224 3300 1394 3338 Galium
1414 3302 1621 3339 Crucium
1637 3304 1755 3346 Scop.
1777 3301 1937 3346 (Herba
1951 3300 2054 3349 Cru-

237 3363 369 3399 ciatae
383 3372 422 3399 v.
440 3364 650 3406 Asperula
672 3361 844 3408 aurea),
878 3358 1048 3395 Galium
1071 3356 1396 3408 rotundv's'olz’rcnz
1411 3360 1534 3397 Linn.
1557 3358 1717 3403 [Herba
1739 3357 1849 3395 Galii
1871 3355 2053 3393 rotundi-

238 3418 351 3462 folii]
362 3446 372 3465 ,
407 3416 576 3453 Galium
591 3427 734 3453 verum
750 3417 869 3454 Linn.
888 3414 1175 3460 [summitates
1193 3416 1300 3452 Galii
1311 3443 1322 3464 ,
1352 3417 1486 3465 Unser
1499 3415 1635 3455 lieben
1648 3416 1812 3453 Frauen
1825 3409 2053 3457 Bettstroh)

238 3478 277 3511 et
295 3472 464 3512 Galium
480 3472 664 3523 Mollugo
680 3474 800 3513 Linn.
816 3471 976 3520 (Herba
991 3471 1100 3511 Galii
1111 3470 1220 3518 albi)
1237 3475 1512 3511 numerantur.
