2147 3756
955 99 1068 149 291

100 272 329 311 inficiendis
351 273 595 317 sagittarum
618 271 880 309 mucronibus
896 270 1111 318 adhibent,
1135 270 1320 308 famosus
1336 274 1410 307 est.
1469 273 1682 312 Venenum
1697 286 1719 312 e
1732 277 1927 322 Stryclmi

103 331 241 366 radice
263 334 471 376 paratum,
503 338 529 366 a
552 329 757 372 plerisque
780 339 873 365 cum
896 327 1129 366 substantia
1151 327 1380 375 mortifera,
1411 337 1532 371 quam
1548 340 1600 366 ex
1613 332 1802 371 Antiaris
1820 336 1929 372 toxi-
1952 376 1954 380 f

102 386 241 422 cariae
264 396 388 423 succo
414 387 521 429 apud
545 388 728 421 Javanos
745 385 907 422 misceri
924 393 1051 427 supra
1066 378 1267 430 diximus,
1299 382 1515 421 confusum
1531 391 1612 434 est;
1643 389 1927 428 diversissima

100 447 234 479 tamen
265 443 480 485 utriusque
508 443 624 478 virus
655 446 821 488 natura„
854 446 892 478 et
924 442 1112 477 diversus
1135 441 1229 477 inde
1254 440 1297 476 in
1323 442 1598 485 organismum
1620 445 1839 483 animalem
1863 448 1926 484 ef-

98 499 253 547 fectus,
285 508 360 535 nec
376 508 452 542 par
468 499 571 535 ratio
589 502 670 545 est,
697 507 777 542 qua
800 498 882 535 ista
905 498 1125 534 eliciuntur
1148 497 1302 545 toxica,
1333 496 1378 533 in
1401 507 1446 533 eo
1472 501 1606 535 tamen
1630 499 1736 536 inter
1759 512 1804 537 se
1828 513 1925 540 con-

96 556 425 603 veniunt,cquod
448 555 650 599 sanguine
674 559 837 598 recepta
858 554 985 591 vitam
1009 554 1132 590 facile
1155 556 1354 590 evertant.
1411 554 1591 591 Fruticis
1614 553 1782 601 Zjettek
1798 567 1848 594 ea
1863 564 1927 596 est

96 617 259 658 natura,
282 613 386 655 quod
404 622 456 648 ex
470 612 742 648 incisionibus
759 607 799 648 iii
818 611 965 647 cortice
980 611 1102 647 factis
1118 613 1258 646 nullus
1276 619 1427 646 succus
1444 610 1603 660 effluat,
1627 617 1770 650 trunco
1788 618 1925 652 trans-

94 676 215 706 verse
240 669 417 705 dissecto
441 681 462 706 e
486 679 628 713 poroso
650 669 762 713 ligno
792 671 934 704 humor
962 667 1178 712 limpidus,
1220 674 1401 708 aquosus
1431 670 1470 702 et
1499 668 1703 712 insipidus
1733 673 1922 714 guttatim

96 725 298 773 destillet,
330 725 399 769 qui
417 729 538 769 plane
555 729 612 762 est
638 725 852 771 innoxius,
885 724 1039 759 radicis
1063 734 1084 759 e
1108 723 1307 758 contrario
1332 725 1470 758 cortex
1491 725 1688 768 liquorem
1713 728 1922 766 contiueat

94 782 342 818 mortiferum
373 783 740 826 subrubicundum,
773 790 994 827 aquosum,
1025 779 1325 822 aliquantulum
1350 780 1572 822 stypticum
1596 787 1635 818 et
1656 792 1921 822 nauseosum.

93 838 306 875 Venenum
328 839 466 882 itaque
489 848 569 874 non
586 849 638 874 ex
654 837 924 873 incisionibus
940 836 1093 882 trunci,
1125 840 1170 872 ut
1186 834 1342 870 arboris
1360 833 1507 871 Polam
1531 834 1670 885 Upas,
1702 842 1775 877 sed
1792 852 1813 877 e
1831 852 1921 878 001·-

93 895 173 930 tice
197 895 350 930 radicis
374 896 634 938 excoquendo
657 898 843 939 paratur,
873 894 971 928 licet
987 892 1221 929 substantia
1238 892 1432 927 deleteria
1449 895 1676 933 seminibus
1692 897 1833 946 etiam,
1866 903 1919 946 et,

95 951 284 994 quamvis
307 950 453 986 minori
478 951 615 997 copia,
648 951 794 986 cortice
817 949 950 986 trunci
972 958 1021 985 ac
1045 958 1244 985 ramorum
1270 949 1538 987 contineatur.
1596 954 1724 1002 Esse,
1755 954 1797 990 id
1814 957 1919 998 quod

87 1007 174 1050 jam
206 1017 228 1042 e
251 1007 409 1043 ratione
431 1007 607 1050 parandi
628 1007 902 1054 intelligatur,
933 1010 1108 1042 naturae
1131 1009 1258 1042 multo
1281 1005 1414 1048 magis
1437 1006 1563 1055 fixae,
1595 1018 1717 1053 quam
1740 1012 1918 1048 toxicum

89 1059 311 1110 Anamis,
343 1067 381 1100 et
404 1063 475 1099 diu
497 1063 620 1099 etiam
644 1068 852 1099 servatum
875 1072 1017 1107 parum
1041 1066 1112 1098 aut
1136 1062 1240 1098 nihil
1256 1060 1464 1098 efficaciae
1480 1073 1582 1100 suae
1597 1067 1802 1115 amittere,
1833 1068 1918 1104 vim

91 1123 228 1156 autem
245 1119 464 1164 praecipue
481 1119 603 1157 sitam
619 1130 711 1157 esse
727 1120 770 1156 in
787 1120 1019 1156 substantia
1035 1119 1219 1155 alcalina
1236 1117 1549 1169 (Strychnina]‚
1586 1123 1791 1171 mumius,
1819 1133 1919 1160 ocu-

88 1176 320 1212 latissimus
345 1180 507 1224 auctor,
540 1179 667 1213 docet.
725 1177 777 1212 Ut
803 1176 983 1212 toxicum
1005 1173 1173 1221 Tjeccek
1194 1174 1412 1219 principiis
1435 1178 1555 1213 valde
1579 1179 1786 1216 diversum
1808 1185 1865 1217 est
1892 1190 1919 1217 a

88 1241 245 1269 veneno
262 1233 420 1269 arboris
436 1230 581 1268 Polmn
605 1231 736 1278 Upas,
756 1233 815 1268 ita
831 1237 868 1268 et
885 1232 1056 1279 ratione,
1074 1232 1213 1276 quain
1230 1240 1377 1273 corpus
1394 1230 1491 1278 agit,
1509 1235 1560 1269 ab
1577 1243 1623 1269 eo
1641 1235 1782 1272 differt.
1813 1239 1917 1274 Nam

84 1292 314 1325 extractum
330 1289 483 1326 radicis
500 1290 692 1333 strychni
707 1290 870 1337 triente,
894 1289 932 1325 si
946 1286 1278 1338 merum'jvulneri
1291 1286 1539 1335 immittitur,
1562 1299 1756 1328 vasorum
1775 1296 1919 1329 absor-

86 1346 267 1383 bentium
297 1347 498 1382 actionem
526 1349 682 1382 tantum
712 1349 828 1382 abest
861 1349 903 1381 ut
926 1345 1094 1393 excitet,
1126 1349 1171 1381 ut
1192 1343 1330 1388 potius
1351 1352 1442 1379 eam
1465 1345 1689 1388 deprimere
1711 1349 1915 1397 videat-ur,

85 1405 209 1444 atque
237 1403 402 1438 nonnisi
431 1402 650 1446 principiis
679 1403 811 1439 variis
840 1401 1138 1449 excitantibus,
1169 1401 1318 1445 Pipere
1346 1409 1386 1436 v.
1418 1400 1760 1441 Scitaminearum
1789 1416 1916 1444 succo

85 1459 305 1494 admistum
327 1469 399 1503 per
419 1468 551 1496 venas
574 1459 817 1505 recipiatur,
849 1460 943 1495 dum
958 1452 1388 1495 Anttaris'toxicariae
1403 1466 1555 1494 succus
1572 1461 1722 1498 crudus
1737 1472 1819 1498 non
1835 1464 1915 1499 mi-

85 1515 175 1551 nori
191 1515 378 1552 efficacia
393 1519 512 1564 agat,
543 1524 664 1558 quam
681 1517 717 1552 si
734 1516 986 1552 aromatibus
1001 1515 1229 1551 medicatus
1245 1514 1441 1558 sanguini
1456 1515 1658 1554 offeratur.
1708 1509 1914 1556 Haus'tum

84 1573 220 1607 tamen
249 1575 377 1608 semel
405 1583 479 1616 per
506 1581 636 1608 venas
658 1573 774 1609 virus
803 1569 972 1618 Tjettelc
999 1574 1126 1608 multo
1155 1571 1439 1608 vehementius
1460 1570 1504 1606 in
1527 1573 1804 1617 organismum
1827 1576 1914 1620 agit

74 1636 207 1670 -quam
237 1628 342 1664 illud
364 1639 386 1664 e
410 1626 554 1664 Pohon
584 1626 702 1674 Upas
725 1633 932 1676 paratum,
964 1631 1003 1664 et
1028 1637 1244 1664 nervorum
1267 1628 1396 1664 vitam
1418 1630 1583 1677 petens,
1612 1631 1763 1673 paucis
1784 1641 1913 1677 saepe

83 1684 277 1731 minutis,
307 1690 522 1728 postquam
536 1695 564 1721 v
566 1688 691 1721 ulnus
705 1687 867 1721 illatum
882 1689 964 1731 est,
995 1684 1167 1728 praevia
1181 1695 1207 1721 v
1209 1685 1383 1728 ertigine
1398 1688 1436 1720 et
1450 1685 1614 1721 levibus
1630 1688 1915 1725 convulsioni-

86 1742 185 1788 bus,
209 1711 344 1778 sut’mo
359 1742 542 1784 impulsu
558 1745 595 1778 et
613 1752 694 1789 ιιιιο
711 1742 862 1784 impetu
879 1742 980 1777 univ
983 1750 1120 1777 ersum
1135 1744 1319 1783 systema
1333 1749 1435 1776 nerv
1437 1749 1551 1776 orum
1567 1741 1679 1790 ferit,
1697 1745 1792 1780 dum
1806 1745 1913 1782 illud

81 1797 126 1833 in
155 1806 261 1833 vasa
282 1798 543 1846 sanguifera,
581 1801 620 1834 et
642 1787 775 1841 ips‘um
800 1799 968 1833 crudum
991 1796 1097 1843 agit,
1136 1800 1175 1832 et
1197 1795 1442 1841 sanguinem
1466 1804 1623 1834 omnem
1645 1809 1792 1837 versus
1816 1803 1913 1844 pul-

81 1863 223 1890 mones
247 1856 549 1902 coacervando,
579 1854 746 1890 nonnisi
767 1858 858 1898 post
880 1853 1017 1889 irritos
1040 1855 1213 1889 naturae
1235 1853 1375 1899 nisus,
1407 1860 1512 1895 quae
1533 1854 1744 1892 stimulum
1761 1858 1911 1899 quibus

81 1913 216 1955 potest
244 1910 326 1947 viis
358 1913 564 1954 expellere
584 1910 942 1947 vehementissime
965 1913 1154 1956 conatur,
1185 1909 1315 1945 vitam
1333 1910 1492 1945 evertit.
1552 1911 1635 1946 Nec
1655 1913 1792 1949 minus
1815 1924 1912 1957 per-

80 1966 283 2004 niciosam
306 1967 557 2004 animalibus
579 1967 662 2003 vim
680 1977 772 2003 esse
789 1976 878 2002 cum
895 1966 1022 2002 toxici
1036 1961 1190 2012 parati,
1222 1969 1307 2002 tum
1323 1965 1528 2009 simplicis
1544 1968 1716 2004 extracti
1733 1971 1909 2019 Tjettek,

83 2025 244 2067 quando
275 2023 456 2072 interne,
488 2023 653 2068 exiguis
682 2022 870 2067 quamvis
899 2022 1089 2070 dosibus,
1121 2023 1356 2070 exhibetur,
1386 2022 1576 2064 Blumius
1597 2028 1755 2073 monet,
1785 2029 1910 2072 longe

80 2082 216 2116 tamen
240 2080 398 2116 tardius
422 2090 563 2127 agere,
587 2089 717 2123 quam
734 2081 771 2116 si
785 2088 989 2116 venenum
1005 2090 1027 2116 e
1042 2082 1215 2116 vulnere
1230 2090 1303 2123 per
1318 2088 1464 2131 corpus
1482 2079 1742 2119 diffundatur.
1799 2083 1908 2120 Ani-

78 2136 250 2174 malium
264 2139 435 2173 vulnere
451 2139 611 2180 Tjettek
626 2137 949 2173 exanimatorum
963 2137 1167 2181 cadavera
1181 2145 1338 2180 organa
1353 2134 1593 2180 digestionis
1610 2140 1649 2172 et
1665 2138 1908 2182 respiratio-

78 2193 146 2229 nis
170 2193 324 2230 illaesa
346 2193 431 2230 fere
451 2197 700 2241 monstrant,
729 2193 957 2230 ventriculo
979 2192 1118 2230 inesse
1139 2195 1274 2234 solent
1289 2192 1507 2240 alimenta,
1539 2201 1644 2236 quae
1659 2194 1842 2237 proxime
1858 2206 1906 2233 eo

79 2249 413 2294 continebantur,
452 2259 584 2293 neque
614 2251 722 2297 ejuS,
755 2259 887 2292 neque
916 2253 1169 2285 caeterorum
1198 2248 1428 2285 abdominis
1457 2249 1753 2297 intestinorum,
1772 2261 1907 2289 venae

66 2301 186 2349 'justo
216 2306 350 2351 magis
378 2307 581 2343 distentae
608 2301 887 2353 reperiuntur,
919 2308 1155 2349 pulmonum
1187 2311 1345 2349 quoque
1374 2314 1479 2341 sana
1509 2305 1659 2354 facies,
1690 2307 1775 2344 nisi
1800 2310 1906 2358 quod

78 2371 106 2398 v
108 2371 210 2398 enae
233 2372 309 2399 cav
312 2371 361 2398 ae
381 2362 515 2408 magis
532 2365 741 2411 turgeant,
755 2366 806 2399 et
820 2365 936 2399 aorta
950 2361 1154 2406 sanguine
1170 2363 1256 2397 atro
1272 2366 1311 2398 et
1324 2360 1452 2397 'facile
1467 2363 1718 2414 coagulabili
1732 2369 1904 2402 scateat.

76 2419 232 2462 Aperto
254 2419 395 2456 cranio
415 2418 586 2456 indubia
608 2426 637 2455 v
639 2416 1058 2456 chementissimorum
1077 2413 1128 2454 ad
1144 2418 1351 2454 cerebrum
1368 2419 1675 2463 congestionum
1690 2421 1813 2466 signa
1828 2430 1904 2466 ap-

76 2479 240 2524 parent,
271 2484 378 2512 vasa
406 2480 446 2512 et
475 2477 593 2513 sinus
621 2476 780 2512 cerebri
809 2485 952 2511 cruore
982 2479 1069 2511 atro
1099 2472 1276 2522 repleta,
1311 2476 1412 2512 dura
1433 2480 1562 2512 mater
1586 2479 1719 2513 colore
1738 2477 1904 2517 ,intense

76 2534 218 2580 rubro,
250 2535 289 2568 et
310 2533 407 2569 hinc
428 2533 548 2574 illinc
570 2535 789 2577 stagnante
813 2530 1016 2576 sanguine
1038 2531 1166 2568 livide
1191 2534 1379 2567 caeruleo
1403 2530 1549 2580 tincta,
1580 2531 1724 2570 facies
1729 2534 1819 2576 ejus
1835 2532 1903 2571 in'-

77 2581 193 2623 terna
230 2596 356 2639 saepe
388 2588 792 2625 extravasationihus
822 2588 1154 2634 sanguinolentis
1191 2589 1384 2637 obducta,
1431 2591 1552 2632 atque
1587 2589 1633 2626 in
1668 2591 1903 2628 substantia

77 2644 232 2680 cerebri
254 2644 440 2681 corticali
462 2645 612 2681 atrocis
632 2645 968 2688 inflammationis
987 2644 1108 2689 signa
1129 2644 1387 2688 reperiuntur
1407 2651 1483 2681 nec
1496 2644 1584 2682 'non
1607 2646 1652 2682 in
1673 2644 1903 2690 ipso‘cere-

74 2702 180 2738 bello
192 2704 230 2736 et
245 2702 426 2737 medulla
441 2701 595 2737 dorsali
609 2701 949 2745 gravissimarum
962 2701 1268 2745 congestionum
1282 2701 1539 2738 vehementia
1554 2697 1689 2745 palam
1711 2698 1785 2740 est.
1816 2705 1901 2740 Ve-

65 2766 223 2796 :tenum
239 2757 397 2794 interne
410 2761 587 2796 sumtum
601 2758 738 2794 minus
753 2761 976 2804 cerebrum,
999 2765 1121 2801 quam
1136 2767 1282 2794 nervos
1296 2759 1501 2798 medullae
1517 2759 1694 2797 dorsalis
1710 2763 1749 2796 et
1764 2760 1900 2803 ipsam

72 2815 293 2850 medullam
316 2814 500 2862 afficere,
530 2814 656 2851 simul
675 2815 949 2862 ventri-culum
970 2817 1014 2858 et,
1026 2814 1230 2850 intestina
1249 2814 1608 2856 vehementissime
1620 2816 1818 2857 invadere
1833 2817 1899 2855 vi:

74 2871 208 2918 detur;
238 2879 333 2907 nam
347 2871 391 2906 in
405 2871 655 2907 animalibus
672 2871 865 2914 deglutito
881 2872 1041 2913 Tjettek
1055 2869 1300 2916 interemtis‚
1325 2872 1468 2906 humor
1482 2880 1649 2908 serosus
1665 2872 1780 2908 striis
1796 2882 1898 2909 san-

73 2926 237 2970 guineis
257 2927 509 2964 intermistus
532 2927 576 2963 in
598 2927 776 2964 cavitate
792 2926 1019 2963 abdominis
1035 2926 1188 2963 effusus
1204 2925 1424 2983 reperitur,
1454 2928 1762 2977 mesenterium,
1793 2939 1897 2967 ven-

74 2983 270 3032 triculus,
301 2986 341 3020 et
359 2983 558 3021 intestina.
577 2984 719 3020 tenuia
728 2978 1009 3033 inflammata,
1039 2991 1258 3027 eorumque
1276 2989 1384 3020 vasa
1396 2981 1602 3027 sanguine
1616 2984 1768 3028 injecta
1783 2989 1893 3033 sunt,

73 3041 286 3081 pulmones
309 3039 505 3088 illaesae,
536 3050 668 3077 venae
696 3049 826 3077 cavae
856 3040 1081 3087 distentae,
1111 3043 1228 3076 aorta
1254 3050 1335 3077 non
1363 3042 1534 3077 multum
1564 3041 1784 3094 sanguinis
1813 3043 1895 3078 atri

72 3094 272 3143 continet,
302 3099 538 3139 tegumenta
558 3097 721 3139 cerebri
742 3098 880 3134 eodem
901 3096 992 3132 fere
1008 3098 1125 3133 modo
1147 3105 1196 3132 ac
1218 3096 1262 3133 in
1286 3099 1397 3134 statu
1416 3097 1594 3134 normali
1613 3107 1706 3134 sese
1727 3101 1892 3147 habent,

70 3150 170 3187 licet
189 3161 296 3207 vasa
316 3154 485 3195 majora.
481 3153 705 3205 aliquanto
721 3153 805 3191 sint
820 3153 1065 3203 turgidiora,
1095 3153 1353 3190 substantiae
1368 3154 1524 3190 cerebri
1538 3153 1744 3190 corticalis
1760 3154 1893 3198 facies

71 3207 210 3246 minus
233 3212 296 3245 est
316 3198 568 3246 inflammata
588 3219 710 3261 quam
728 3210 776 3246 in
798 3210 1071 3262 animalibus,
1103 3218 1209 3253 quae
1231 3220 1253 3246 e
1274 3212 1446 3247 vulnere
1465 3213 1666 3246 venenato
1688 3213 1893 3259 occubue-

71 3267 178 3301 runt.
235 3265 448 3302 Venenum
476 3265 520 3302 in
550 3266 687 3302 thecis
702 3276 725 3303 e
747 3269 905 3303 calamo
926 3267 1227 3303 Bambusarum
1248 3265 1393 3314 factis,
1424 3274 1463 3302 v
1487 3266 1667 3305 admixto
1689 3260 1892 3312 sanguine

70 3321 273 3357 Draconis
294 3321 337 3357 in
354 3314 496 3358 tenues
511 3322 687 3359 bacillos
703 3323 957 3366 compactum
972 3325 1174 3358 servatur.
1226 3322 1369 3359 Simile
1383 3322 1520 3368 virus,
1554 3323 1658 3366 quod
1672 3318 1892 3360 Americae

68 3381 336 3414 autochtones
357 3379 411 3414 ad
430 3378 664 3425 Orinocum,
694 3376 911 3427 Japuram,
940 3378 1111 3416 fluvium
1134 3378 1302 3423 Nigrum
1322 3382 1363 3416 et
1386 3379 1430 3416 in
1452 3378 1661 3422 depressis
1682 3373 1891 3416 Surina'mi

60 3434 206 3478 sylvis
223 3435 413 3479 degentes
427 3435 472 3472 in
487 3436 606 3473 vasis
619 3436 811 3487 fictilibus
828 3435 1115 3490 circumferunt
1133 3434 1280 3490 (vulgo
1298 3433 1384 3471 οη)
1387 3444 1477 3487 are,
1501 3432 1652 3485 (frmi,
1665 3432 1737 3491 lq!
1732 3435 1888 3484 arula]

1435 3497 1545 3553 19*
