2147 3756
1008 137 1128 186 425

264 317 387 352 4721.
423 312 635 351 Guatteria
653 311 763 347 Rm'z
780 316 818 350 et
833 308 938 348 Ραυ.
1323 302 1361 345 G
1374 315 1542 345 enera
1572 305 1754 345 dubia.

478 362 656 404 Cananga
671 361 785 396 Aabl.

476 411 688 445 Aberemoa
703 410 820 446 Aah&
1212 394 1336 431 4725.
1366 393 1588 430 Monodora
1604 389 1719 430 Dan.

267 472 389 507 4722,
420 469 627 514 Duguelja
643 465 704 506 St·
722 466 804 504 [ΠΙ
1211 452 1334 487 4726.
1365 449 1692 493 Cardiopetalum
1710 446 1920 488 Schleehe.

267 529 391 563 4723·
422 527 573 564 Anona
590 522 713 562 Lym&
804 496 814 506 ”
1211 509 1335 544 4727.
1368 506 1575 552 'rrigynea
1592 501 1802 540 Schleeht.

479 575 731 608 Guanabanus
747 573 874 608 Pham.
1212 565 1335 601 4728·
1364 565 1627 606 LObOCstrDUS
1661 560 1809 608 I‘W‘gltt
1825 566 1864 598 et
1881 558 1983 598 Aru.

270 627 388 662 5724.
418 626 600 661 Rollinia
617 623 679 662 St.
698 622 787 660 1127.
1212 622 1337 658 4729.
1369 621 1678 664 Hyalostemma
1701 616 1832 654 Wall.

292 732 614 778 Affinitas.
653 740 755 777 Ordo
772 737 866 774 hinc
884 733 1160 782 Myristiceis‚
1193 734 1242 769 de
1259 734 1406 776 quibus
1418 735 1504 777 jam
1522 731 1724 780 diximus,
1755 731 1983 779 proximus,

157 794 275 832 illinc
297 802 379 832 tum
404 797 583 832 ternaria
606 796 974 839 integumentorum
999 791 1200 828 floralium
1226 791 1516 839 dispositione,
1549 794 1630 825 tum
1655 789 1880 834 germinum
1910 798 1988 824 nu—

157 862 266 888 mero
279 881 289 900 ,
320 854 401 889 situ
419 858 455 889 et
473 848 678 889 structura
694 850 994 894 Magnoliaceis
1012 848 1242 884 arctissime
1259 847 1394 883 affinis
1412 851 1493 895 est,
1527 856 1552 883 a
1570 847 1717 889 quibus
1735 846 1981 888 stipularum

157 908 335 956 defectu,
369 913 407 945 et
430 908 630 951 imprimis
653 907 862 942 albumine
887 906 1087 941 ruminato
1113 904 1390 948 distinguitur.
1450 904 1805 939 Schizandraceae
1828 901 1984 948 habitu,

157 965 352 1001 aromatis
371 964 552 1011 defectu,
585 963 748 999 floribus
765 966 998 999 constanter
1012 961 1283 1007 imperfectis,
1309 960 1555 996 staminibus
1574 963 1667 1003 plus
1684 960 1874 995 minusve
1890 968 1988 994 con-

158 1021 286 1067 natis,
328 1025 369 1056 et‘
396 1021 603 1057 albumine
634 1021 763 1057 solido
794 1020 993 1055 differunt.
1059 1019 1268 1064 Bocagea,
1301 1007 1430 1061 genus
1462 1017 1708 1053 staminibus
1738 1015 1914 1053 definitis
1944 1015 1988 1051 in

159 1077 297 1114 ordine
315 1078 688 1124 distinctissimum,
722 1078 773 1112 ad
790 1075 1059 1113 Berberideas
1078 1075 1334 1118 aliquomodo
1353 1074 1522 1110 accedit.

295 1141 728 1199 Geographia·
788 1149 1038 1187 Anonaceae
1060 1146 1136 1181 vix
1162 1155 1242 1181 non
1267 1155 1406 1181 omnes
1432 1141 1615 1187 tropicae
1635 1146 1750 1191 sunt,
1782 1143 1927 1188 paucis
1944 1142 1989 1179 in

153 1205 344 1242 America
363 1207 422 1242 cis
441 1215 632 1242 cancrum
650 1215 778 1248 usque
795 1206 846 1240 ad
863 1199 937 1239 33⁰
953 1206 999 1240 L.
1016 1205 1062 1240 B.
1081 1203 1366 1247 evagantibus.
1426 1201 1596 1244 Species
1615 1201 1704 1244 pari
1722 1201 1805 1237 fere
1821 1209 1988 1236 numero

155 1271 227 1305 per
242 1262 385 1298 Asiam
403 1268 438 1298 et
455 1263 687 1298 Americam
704 1263 876 1297 diffusae
893 1264 1010 1306 sunt,
1036 1269 1112 1296 nec
1128 1259 1406 1302 infrequentes
1423 1268 1475 1293 ex
1492 1257 1637 1293 Africa
1654 1257 1809 1301 tropica
1826 1259 1990 1293 adlatae

155 1318 341 1363 fuerunt,
374 1320 433 1355 ita
450 1323 489 1355 ut
509 1323 545 1355 et
564 1320 605 1354 in
623 1323 696 1354 hoc
715 1319 948 1354 continente
963 1318 1129 1353 illorum
1146 1326 1356 1352 numerum
1374 1323 1516 1358 parum
1533 1314 1702 1356 reliquis
1720 1315 1880 1360 cedere,
1913 1322 1990 1349 au-

155 1375 294 1420 gurari
310 1377 446 1412 liceat.
504 1376 670 1420 Species
693 1377 916 1411 nonnullae
941 1383 966 1410 a
981 1374 1220 1410 mortalibus
1237 1376 1320 1409 late
1337 1373 1527 1418 diffusae3
1559 1372 1607 1407 de
1624 1372 1877 1413 quarundam
1893 1372 2006 1418 sede,

154 1432 286 1468 natali
301 1433 534 1477 ambigitur.
580 1435 760 1478 Genera,
795 1432 971 1476 qualiter
985 1440 1093 1467 nunc
1109 1430 1422 1473 circumscripta
1438 1432 1554 1475 sunt,
1587 1428 1734 1472 partim
1752 1427 1840 1463 suis
1858 1427 1990 1463 conti-

152 1489 345 1525 nentibus
363 1490 539 1535 propria,
565 1490 713 1533 partim
730 1489 836 1525 inter
846 1488 1034 1524 Africam
1052 1483 1347 1534 ethmericam,
1374 1485 1626 1529 paucissima
1642 1484 1992 1520 interAmericam

153 1550 192 1582 et
207 1546 356 1582 Asiam
380 1549 419 1582 et
441 1546 546 1582 inter
561 1545 748 1582 Africam
771 1550 810 1581 et
825 1545 973 1582 Asiam
996 1544 1158 1592 divisa,
1189 1546 1257 1580 vel
1274 1553 1346 1587 per
1362 1552 1502 1578 omnes
1519 1542 1615 1577 illos
1633 1542 1885 1577 continentes
1902 1542 1989 1577 dis-

136 1611 277 1647 persa
301 1606 409 1640 sunt.
469 1605 628 1639 Genera
652 1603 849 1647 carpidiis
866 1601 1054 1639 connatis
1071 1601 1264 1637 distincta
1281 1600 1454 1645 (Anona
1471 1603 1508 1635 et
1524 1597 1730 1642 Rollinia]
1748 1599 1927 1635 nondum
1943 1597 1987 1634 in

152 1660 264 1697 Asia
279 1662 498 1696 observata
514 1660 691 1696 fuerunt.
750 1660 926 1696 Anonae
941 1661 1081 1704 plures
1097 1657 1284 1694 Africam
1299 1657 1496 1693 incolunt.

295 1723 660 1777 Qualitates
677 1734 717 1768 et
732 1736 903 1771 usus.
947 1728 1139 1766 Proxime
1156 1729 1287 1772 quoad
1302 1728 1485 1764 medicas
1503 1726 1614 1762 vires
1631 1727 1878 1762 Arionaceas
1895 1734 1985 1762 cum

153 1788 453 1832 Magnoliaceis
484 1788 724 1835 convenire,
756 1788 965 1834 Blumius,
998 1785 1067 1829 qui
1102 1787 1150 1821 de
1180 1788 1351 1827 utraque
1382 1783 1540 1820 familia
1571 1783 1884 1818 accuratissime
1914 1792 1989 1818 ex-

156 1845 314 1890 posuit,
348 1847 550 1881 observat.
610 1845 790 1881 cortices
807 1846 1123 1880 Anonacearum
1147 1842 1327 1878 omnium
1350 1843 1445 1884 plus
1468 1840 1604 1876 minus
1629 1839 1840 1875 aromatici
1857 1842 1895 1875 et
1913 1840 1990 1876 sti-

154 1904 380 1947 mulantes,
413 1901 562 1944 partim
584 1909 722 1948 acres,
756 1901 905 1945 partim
935 1900 1058 1936 etiam
1081 1898 1357 1936 subnauseosi
1380 1901 1496 1944 sunt,
1528 1900 1566 1933 et
1591 1896 1690 1933 folia
1712 1896 1878 1944 iisdem,
1911 1897 1990 1933 etsi

155 1961 282 1995 multo
305 1958 592 2005 debilioribus,
624 1958 787 1994 viribus
808 1959 977 2002 pollent.
1035 1957 1178 1992 Flores
1201 1957 1243 1991 in
1261 1955 1642 1998 plurimisjucundo
1660 1954 1837 1998 gaudent
1853 1955 1988 1999 odore,

154 2023 378 2060 paucarum
394 2015 548 2051 halitus
565 2024 796 2051 nauseosus
813 2018 887 2051 est.
933 2016 1073 2058 Longe
1088 2014 1219 2055 major
1234 2016 1297 2048 est
1314 2012 1519 2048 fructuum
1537 2003 1718 2054 potestas
1731 2038 1742 2056 ,
1772 2011 1809 2046 si
1826 2010 1989 2054 quidem

157 2082 180 2109 e
210 2071 406 2115 carpidiis
438 2072 628 2107 discretis
653 2074 862 2118 constant,
896 2072 990 2107 dum
1015 2081 1037 2107 e
1061 2073 1204 2106 contra
1227 2068 1403 2116 fructus,
1435 2077 1602 2111 quorum
1628 2067 1811 2110 carpidia
1838 2067 1992 2103 coalita

156 2133 275 2176 sunt,
307 2133 488 2165 aromate
512 2137 641 2171 paene
665 2129 774 2164 omni
791 2131 931 2164 carent
947 2131 986 2163 et
1001 2125 1204 2163 esculenti
1221 2128 1328 2162 sunt.
1385 2126 1701 2162 Anonacearum
1718 2125 1889 2160 cortices
1905 2134 1990 2161 me—

156 2186 262 2223 dicis
284 2185 484 2229 imprimis
507 2186 548 2221 in
574 2185 662 2222 illis
685 2186 838 2223 morbis
862 2183 1132 2221 commendari
1154 2192 1298 2229 posse,
1331 2181 1400 2225 qui
1423 2191 1475 2217 ex
1491 2181 1836 2218 obstructionibus
1853 2184 1991 2225 syste-

155 2243 279 2281 matis
308 2251 440 2279 venae
470 2245 677 2286 portarum
709 2242 905 2286 originem
937 2244 1168 2287 traxerunt,
1199 2239 1516 2276 laudatissimus
1539 2243 1681 2274 auctor
1702 2242 1857 2286 monet,
1889 2247 1990 2275 cau-

156 2301 316 2336 tissime
347 2304 481 2335 tamen
511 2309 602 2335 cum
632 2300 720 2336 illis
744 2310 838 2336 esse
860 2300 1142 2344 mercandum,
1176 2297 1325 2340 quippe
1348 2296 1416 2339 qui
1439 2296 1605 2341 longius
1625 2295 1840 2341 largiusve
1863 2295 1987 2333 sumti

156 2357 399 2401 vertiginem
419 2366 459 2393 v.
476 2357 836 2405 haemorrhagias,
868 2360 907 2392 et
923 2356 966 2392 in
983 2355 1168 2400 gravidis
1186 2357 1369 2390 abortum
1387 2353 1508 2389 cient.

251 2437 258 2441 “
295 2426 563 2472 Archipelagi
578 2427 796 2471 Malayani
811 2428 974 2463 incolae
989 2426 1245 2462 diversarum
1261 2424 1491 2468 specierum
1507 2422 1748 2469 corticibus,
1781 2433 1872 2459 cum
1891 2423 1987 2459 aliis

155 2483 465 2522 medicamentis
496 2484 803 2520 stimulantibus
832 2483 1078 2530 commistis,
1110 2486 1149 2518 et
1172 2491 1263 2518 cum
1287 2489 1396 2523 aqua
1417 2481 1458 2517 in
1481 2483 1649 2524 pulpam
1675 2480 1879 2526 contritis,
1915 2490 1989 2516 ex-

156 2545 268 2578 terne
292 2544 461 2576 utuntur
483 2544 624 2576 contra
647 2541 931 2588 contusiones,
963 2544 1082 2583 atque
1107 2538 1348 2583 praesertim
1370 2541 1512 2574 contra
1527 2539 1686 2573 dolores
1703 2538 1986 2584 rlieumaticos,

156 2601 335 2636 membra
349 2597 436 2632 illis
452 2601 648 2641 peruncta
664 2598 833 2634 insimul
847 2598 1071 2634 secundum
1087 2605 1282 2632 vasorum
1298 2596 1515 2631 decursum
1531 2595 1749 2637 depsendO.
1790 2594 1987 2636 Carpidia

155 2659 292 2692 autem
315 2654 539 2690 aromatica
560 2654 789 2698 specierum
811 2655 1064 2698 quarundam
1081 2653 1278 2699 glutiunt,
1311 2656 1354 2688 ut
1370 2653 1624 2687 stomachum
1640 2652 1915 2696 corroborent,
1947 2655 1986 2686 et

155 2715 221 2759 ut,
254 2712 361 2748 sicut
378 2711 608 2758 perhibent,
639 2710 682 2747 in
700 2711 833 2755 epulis
850 2707 989 2747 ructu's
1005 2713 1215 2756 moveant,
1245 2717 1340 2744 nam
1356 2711 1495 2744 ructus
1512 2707 1672 2743 assidui
1690 2711 1779 2750 post
1795 2707 1988 2743 convivia

155 2768 478 2806 assentationem
498 2768 705 2812 hospitum
721 2769 830 2812 apud
845 2767 942 2805 illos
960 2769 1132 2811 populos
1150 2766 1403 2812 exprimunt,
1434 2774 1511 2800 nec
1527 2763 1694 2800 sinistre
1710 2763 1982 2806 accipiuntur.

302 2836 496 2874 Uvarz'ae
520 2836 731 2874 odoratae
745 2838 866 2875 Linn.
885 2837 1138 2883 (Kananga)
1156 2836 1338 2874 maxima
1360 2836 1469 2879 apud
1485 2836 1677 2877 Malayos
1701 2836 1763 2870 est
1787 2833 1983 2878 dignatio.

156 2896 600 2940 Speciosam-arborem
625 2896 737 2933 circa
759 2897 882 2932 aedes
906 2899 945 2932 et
961 2896 1004 2931 in
1020 2894 1170 2939 plateis
1187 2895 1345 2942 colunt,
1376 2895 1422 2928 ob
1440 2891 1718 2928 narcissinum
1734 2890 1873 2927 florum
1888 2892 1985 2926 odo-

160 2963 264 3000 rem,
296 2963 396 2996 quos
420 2953 588 2997 capillis
611 2953 824 2990 innectunt
846 2957 885 2988 et
906 2953 1091 2989 vestibus
1115 2951 1338 2995 imponunt.
1396 2950 1531 2986 Arcus
1556 2947 1696 2984 festivi
1719 2948 1761 2983 in
1776 2947 1931 2991 nuptiis
1949 2952 1988 2984 et

96 3030 99 3031 ν
161 3010 366 3046 conviviis
388 3010 502 3047 hisce
523 3015 737 3059 ornantur,
769 3013 862 3047 olea
882 3019 1000 3054 porro
1017 3010 1203 3055 odorata,
1237 3015 1405 3051 quorum
1419 3005 1777 3049 frequentissimus
1792 3006 1901 3049 apud
1917 3006 1987 3041 de-

158 3066 327 3102 licatam
350 3071 507 3112 gentem
529 3078 631 3104 usus
656 3071 739 3116 est,
771 3078 862 3104 cum
882 3067 996 3103 hisce
1018 3069 1058 3102 et
1074 3066 1294 3101 Miclieliae
1312 3064 1569 3107 champacae
1588 3061 1754 3098 floribus
1772 3065 1982 3109 parantur,

161 3132 213 3160 ex
243 3122 392 3165 quibus
424 3125 690 3161 deindecum
720 3125 818 3162 aliis
849 3124 1098 3160 aromatibus
1128 3126 1167 3159 et
1196 3132 1287 3158 cum
1317 3121 1456 3157 radice
1480 3121 1708 3157 Curcumae
1735 3123 1986 3163 unguentum

163 3179 456 3224 (Borri-Borri
478 3191 512 3217 s.
528 3179 697 3217 Bo'rbori
714 3180 890 3225 dictum]
915 3184 1105 3228 paratur,
1137 3175 1213 3224 quo
1236 3178 1517 3215 febricitantes
1534 3186 1680 3220 corpus
1695 3176 1914 3222 inungunt,
1947 3180 1986 3211 et

161 3238 266 3279 quod
296 3235 497 3280 imprimis
526 3237 690 3282 frigidis
720 3239 1003 3283 pluviosisque
1026 3239 1169 3273 diebus
1193 3237 1244 3272 ad
1268 3235 1590 3272 calefaciendam
1614 3232 1737 3269 cutim
1759 3233 1996 3268 adhibetur:

160 3294 297 3330 Etiam
319 3295 625 3337 Europaeorum
646 3296 882 3343 progenies,
914 3296 1022 3339 apu‘d
1045 3296 1166 3331 Indos
1189 3294 1362 3339 degens,
1393 3301 1518 3328 sexus
1544 3290 1743 3334 imprimis
1767 3289 1984 3337 sequioris,

161 3351 367 3394 Kananga
389 3352 535 3398 utitur,
567 3359 671 3396 quae
695 3361 848 3390 comam
870 3355 999 3389 atram
1016 3355 1054 3388 et
1069 3350 1311 3395 promissam
1327 3352 1415 3393 post
1430 3351 1581 3385 balnea
1595 3347 1761 3384 floribus
1778 3347 1871 3397 istis
1887 3356 1985 3383 con-

163 3409 375 3454 decorare,
406 3417 445 3444 v.
463 3410 551 3443 oleo
568 3409 741 3457 Cocoes,
773 3418 851 3453 quo
868 3412 1005 3454 petala
1021 3408 1199 3446 discissa
1213 3410 1423 3444 macerata
1439 3405 1618 3451 fuerunt,
1650 3404 1848 3449 inungere
1862 3406 1984 3440 amat.

162 3465 336 3500 Eosdem
360 3472 517 3508 quoque
539 3467 589 3502 ad
614 3466 858 3503 vestimenta
879 3469 1088 3510 lectosque
1105 3466 1286 3509 jucundo
1302 3464 1423 3500 odore
1439 3462 1676 3501 imbuendos
1692 3461 1877 3510 adhibet,
1909 3470 1984 3497 nec

164 3530 255 3557 raro
273 3521 433 3572 quidem
450 3525 491 3560 ut
507 3523 686 3562 amasiis
696 3523 900 3562 desideria
914 3532 991 3562 sua
1006 3524 1164 3570 prodat.
