2147 3756
1038 95 1156 146 582
1216 173 1266 178 ψ

415 262 634 307 Genera
665 262 843 305 dubia.
1060 303 1064 307 ,
1087 274 1092 278 ·
1230 266 1354 302 5753.
1385 266 1557 304 Samara
1577 262 1695 305 Lim.

298 304 425 373 5749..
457 340 707 373 soienanma
727 335 776 372 G.
798 335 908 375 [mn.
1040 360 1042 362 v
1228 324 1352 358 57⁵4-
1384 324 1614 363 Pennantia
1632 304 1775 361 Farst,

300 395 425 428 5750·
457 393 848 439 Schaefferiancq·
1219 381 1355 415 5755.
1384 380 1731 422 Dapbniplryllum
1749 378 1888 419 Blum,
1943 416 1945 419 Α

1232 436 1355 470 5756.
1386 436 1652 478 Crypteronia
1669 434 1806 471 Blum.

229 472 450 514 Genera
478 472 768 514 Rhamneis
801 470 1021 513 affinia.
1260 508 1309 515 .-
1386 492 1574 527 Galdicia
1593 489 1777 528 Nep-aad.

298 549 421 595 57531.
456 548 630 584 Corokia
644 542 703 581 A.
723 545 853 582 Canu.
1167 593 1169 598 ‚
1260 566 1309 573 -
1384 548 1512 590 Quoia
1530 545 1719 586 Neraud.

294 605 419 640 5752.
449 603 699 639 Strombosia
716 600 852 641 Blum.
940 622 942 625 -
1260 622 1309 630 --
1385 602 1797 640 CaroliniaNeraud.

325 695 649 741 Affinitas.
709 701 871 737 Ordinis
884 729 893 747 ,
919 703 969 739 ad
986 711 1136 747 genera
1152 702 1396 738 staminibus
1414 712 1505 738 cum
1522 703 1680 746 calycis
1696 702 1862 744 laciniis
1878 705 2003 740 alter-

182 759 395 803 nantibus,
430 764 466 794 et
492 757 704 802 gemmulis
721 757 828 794 intra
844 761 1002 794 loculos
1020 759 1219 795 solitariis
1238 760 1384 794 erectis
1400 760 1550 795 donata
1566 760 1760 805 restricti,
1793 760 2003 803 diagnosis

182 819 234 852 ab
249 816 440 852 affinibus
456 815 723 850 Celastrineis
740 819 776 850 et
791 815 973 851 llic-ineis
992 825 1183 859 perquam
1203 815 1350 851 facilis.
1389 817 1598 851 Accedunt
1615 817 1735 852 etiam
1753 818 1803 851 ad
1819 818 2004 859 Euphor-

179 874 370 918 biaceas‚
402 881 428 908 a
450 871 598 914 quibus
621 870 787 906 floribus
812 872 1022 917 perfectis,
1055 875 1207 907 corolla
1230 872 1555 914 staminibusque
1573 874 1683 908 disco
1702 873 1836 916 calyci
1852 875 2001 909 adnato

179 929 367 973 insertis,
400 932 437 963 et
461 927 686 963 semin-ibus
708 928 816 963 intra
836 931 993 964 loculos
1017 929 1212 964 solitariis
1236 929 1382 964 erectis
1406 922 1713 972 dignoscuntur.
1773 929 1870 965 Cum
1887 930 2004 965 Butt-

179 985 383 1020 neriaceis
413 987 560 1027 calyce
587 986 776 1029 vali-ato,
821 988 1045 1028 petalorum
1077 986 1225 1030 forma,
1272 985 1518 1020 staminibus
1546 991 1639 1021 ante
1670 988 1808 1028 petala
1838 987 1930 1022 sitis
1961 990 2001 1021 et

177 1040 368 1076 interiore
406 1041 602 1085 germinis
634 1040 794 1076 fabrica
823 1043 1088 1085 conveniunt,
1129 1044 1282 1076 corolla
1312 1046 1349 1076 et
1378 1043 1623 1078 staminibus
1654 1043 1788 1084 calyci
1817 1043 2001 1089 insertis,

179 1097 586 1143 antheris'introrsis,
619 1101 657 1132 et
673 1098 898 1133 seminibus
915 1102 1147 1133 constanter
1163 1098 1269 1133 intra
1285 1100 1442 1133 loculos
1457 1099 1654 1133 solitariis
1672 1099 1872 1134 diversae.

320 1156 478 1190 Genera
502 1157 640 1201 plura,
673 1154 891 1190 staminum
916 1155 997 1190 situ
1014 1154 1236 1190 Rhamneis
1259 1153 1476 1189 manifeste
1494 1154 1655 1204 affinia,
1687 1156 1757 1189 sed
1776 1157 2001 1198 gemmula-

178 1219 266 1245 rum
298 1220 464 1246 numero
495 1214 532 1246 et
555 1210 638 1246 situ
661 1214 715 1246 ab·
737 1211 880 1246 iisdem
904 1211 1087 1256 diversa,
1120 1220 1194 1245 nec
1219 1214 1352 1245 tamen
1376 1210 1473 1245 aliis
1498 1211 1706 1247 ordinibus
1729 1212 2000 1258 accensenda,

178 1267 392 1310 aptissime
409 1267 569 1303 interim
590 1268 642 1302 ad
659 1267 810 1304 ordinis
829 1269 983 1305 calcem
1000 1267 1195 1302 collocari
1211 1264 1551 1309 posse‘videntur.

320 1332 747 1387 Geographia.
807 1339 887 1373 Per
916 1338 1099 1380 regiones
1125 1340 1368 1380 temperatas
1392 1340 1430 1372 et
1453 1338 1612 1373 calidas
1638 1337 1761 1372 totius
1785 1337 1893 1373 orbis
1919 1336 2001 1373 dif-

177 1394 319 1440 fusae,
351 1393 681 1436 frequentissime
708 1394 751 1430 in
781 1394 1047 1440 subtropicis,
1079 1394 1278 1436 imprimis
1310 1397 1423 1429 trans
1454 1394 1735 1437 capricornum
1759 1398 1999 1441 nascuntur,

175 1452 283 1487 inter
312 1451 489 1493 tropicos
520 1451 706 1486 rariores.
765 1453 812 1487 In
837 1451 1126 1493 hemisphaera·
1146 1450 1351 1486 borealia
1374 1445 1451 1485 40⁰
1470 1452 1516 1486 L.
1535 1452 1579 1486 Β.
1605 1460 1749 1485 versus
1774 1453 1907 1492 polum
1931 1459 2000 1486 ra—

176 1512 336 1543 rescunt
351 1534 359 1552 ,
393 1518 413 1541 e
433 1507 593 1550 frigidis
610 1509 767 1543 exules.
825 1504 1062 1541 Palam-ae
1078 1498 1345 1551 gerontogeae
1360 1510 1468 1542 sunt.
1520 1504 1862 1552 Frangalearum
1879 1508 2000 1543 sedes

176 1564 378 1600 latissime
402 1567 550 1606 patent.
612 1561 839 1597 Colletae'eae
864 1574 1002 1599 omnes
1026 1564 1068 1613 in
1084 1564 1274 1600 America
1296 1568 1409 1599 trans
1429 1572 1617 1598 cancrum
1634 1563 1838 1609 habitant,
1871 1563 1999 1603 unica

175 1620 413 1666 Discernere,
446 1619 607 1664 generis
631 1621 848 1666 chilensis,
880 1615 1017 1663 specie
1041 1621 1083 1656 in
1099 1623 1213 1657 Nova
1230 1620 1451 1657 Hollandia
1473 1625 1644 1662 reperta.
1705 1616 1933 1664 Phyle'ceae
1955 1619 2000 1655 in

177 1677 319 1719 Capite
337 1678 464 1712 bonae
480 1677 570 1718 spei
586 1681 621 1712 et
639 1679 753 1712 Nova
772 1678 990 1716 Hollandia
1007 1677 1280 1720 extratropica
1295 1677 1491 1717 habitant.
1523 1673 1815 1710 Pomaderrae
1831 1677 2000 1712 inNova

174 1733 416 1780 Hollandia,
446 1730 692 1768 &mameae
706 1734 811 1770 inter
829 1734 1003 1776 tropicos
1021 1734 1143 1769 totius
1161 1734 1269 1769 orbis
1286 1734 1381 1769 etin
1399 1733 1543 1776 Capite
1558 1735 1688 1771 bonae
1704 1732 1793 1776 spei
1811 1732 1969 1769 vivunt.

318 1798 679 1849 &ualitates
712 1807 750 1840 et
780 1810 948 1842 usus.
1006 1804 1261 1847 Principium
1293 1804 1335 1839 in
1366 1804 1588 1841 Rtiamneis
1617 1805 1863 1849 praevalens
1899 1806 1999 1842 sub-

175 1860 329 1897 stantia
351 1861 578 1896 extractiva
595 1870 735 1897 amara
753 1866 833 1905 est,
866 1862 932 1896 cui
948 1861 1139 1897 materies
1156 1862 1263 1896 acris
1281 1865 1351 1896 aut
1367 1858 1648 1908 adstringens,
1681 1864 1716 1896 et
1734 1860 1776 1913 in
1791 1857 1998 1904 plerisque

175 1917 295 1953 etiam
320 1917 548 1952 colorantes
573 1918 692 1953 varia
715 1920 906 1953 accedere
931 1921 1063 1954 solent
1085 1918 1277 1964 miscela,
1309 1918 1367 1953 ita
1385 1922 1423 1952 ut
1442 1918 1550 1953 aliae
1565 1917 1794 1953 visceribus
1810 1917 1999 1961 digeren-

173 1973 282 2019 tibus
300 1977 419 2009 robur
434 1975 585 2010 addant
601 1979 636 2009 et
656 1974 801 2011 febrim
817 1978 1095 2021 compescant,
1127 1975 1235 2010 aliae
1251 1974 1515 2010 secretionem
1532 1978 1746 2010 cutaneam
1763 1977 1800 2009 et
1817 1975 1998 2010 renalem
2059 2021 2062 2023 Α

173 2031 406 2076 impellant,
441 2033 505 2066 vel
529 2034 669 2067 alvum
692 2033 832 2066 laxent
856 2036 894 2067 et
911 2031 1077 2067 emesim
1093 2035 1300 2079 moveant,
1331 2027 1554 2067 nonnullae
1571 2033 1728 2066 colores
1744 2030 1997 2067 virescentes

175 2090 213 2122 et
237 2086 385 2131 flavos,
416 2089 482 2122 vel
500 2082 642 2122 rubros
660 2091 695 2122 et
716 2090 1006 2123 brunescentes
1027 2080 1260 2130 praebeant.
1305 2089 1364 2122 ‘In
1381 2087 1617 2122 universum
1632 2086 1763 2122 virtus
1777 2086 1936 2122 medica
1952 2086 1996 2122 in

173 2143 322 2178 cortice
352 2143 542 2186 lignoque
572 2144 735 2180 residet.
794 2145 1013 2179 Fructuum
1046 2146 1186 2179 eadem
1215 2143 1281 2178 vis
1304 2147 1386 2186 est,
1417 2143 1500 2178 nisi
1524 2153 1666 2178 mucus
1690 2147 1728 2178 et
1753 2145 1996 2178 saccharum

173 2199 399 2234 amaritiem
424 2200 683 2245 represserit,
716 2201 823 2235 unde
845 2203 1129 2243 plerarumque
1152 2203 1305 2236 baccae
1328 2199 1524 2234 emeticae
1549 2204 1586 2234 et
1604 2203 1824 2242 purgantes
1841 2201 1996 2234 haben—

175 2259 263 2303 tur,
295 2257 388 2291 dum
407 2257 657 2298 quarundam
676 2256 829 2292 fruetus
848 2257 987 2292 dulces
1004 2256 1278 2292 nutrientibus
1295 2259 1333 2291 et
1348 2256 1596 2291 lenientibus
1613 2260 1909 2298 accensentur.-

313 2323 503 2360 Rhamm‘
517 2323 756 2360 cathartici
768 2326 886 2362 Linn.
899 2354 909 2374 ‚
933 2326 1095 2362 fruticis
1111 2326 1326 2372 nostratis,
1349 2325 1509 2362 fructus
1525 2325 1687 2361 carnosi
1705 2323 1882 2367 (baccae
1900 2321 1997 2369 Spi-

171 2390 255 2417 nae
284 2381 481 2416 cervinae
515 2394 547 2418 s.
580 2380 876 2429 donzesticae),
914 2383 1305 2429 nauseoso-amari,
1337 2383 1595 2420 substantiae
1629 2381 1881 2429 extractivae
1910 2381 1995 2417 vim

172 2443 416 2484 purgantem
442 2441 604 2486 debent,
639 2439 773 2484 rarius
798 2440 963 2475 emesim
981 2449 1141 2476 movere
1158 2442 1303 2475 solent.
1362 2440 1534 2475 Corticis
1552 2438 1757 2474 interioris
1773 2439 1911 2474 eadem
1927 2437 1992 2474 vis

171 2500 246 2531 est.
306 2497 465 2531 Baccae
491 2496 729 2539 immaturae
753 2498 927 2531 colorem
949 2496 1122 2531 viridem
1154 2494 1300 2540 (vulgo
1327 2493 1564 2544 Saftgrv'c'n)
1597 2499 1635 2530 et
1665 2494 1814 2531 flavum
1845 2493 1994 2538 (vulgo

171 2548 437 2598 Schfittgelb)
457 2552 699 2597 largiuntur.
733 2553 1011 2596 Congenerum
1031 2549 1110 2587 Rle,
1127 2551 1385 2601 infectoriae
1400 2553 1535 2598 Linn.,
1558 2549 1635 2586 Rle.
1652 2546 1861 2587 Alaterm·
1873 2551 1992 2586 Linn.

171 2612 211 2646 et
235 2605 316 2642 Rh.
340 2607 548 2643 saxatv'lis
572 2609 692 2648 Linn,
716 2609 758 2644 in
781 2611 946 2652 Europa
968 2609 1142 2645 australi
1165 2610 1305 2645 eadem
1337 2609 1402 2645 vis
1434 2614 1517 2655 est,
1550 2608 1787 2650 fructusque
1815 2605 1993 2643 tinctorii

168 2664 317 2710 [vulgo
351 2663 504 2700 Grana
534 2662 689 2710 Lycia,
730 2662 884 2699 Grcma
910 2664 1090 2712 gallica,
1142 2661 1328 2700 Graiae&
1355 2660 1616 2711 d'Acv'gnon)
1646 2665 1688 2700 in
1720 2663 1993 2700 mercimoniis

169 2726 278 2759 sunt.
338 2719 525 2756 lemm'
539 2719 834 2768 anasgdalz'nae
850 2722 961 2758 Desf.
978 2725 1132 2757 baccae
1153 2721 1522 2759 flavo-colorantes
1542 2718 1748 2763 (Graz’nes
1764 2718 1942 2765 jannes)
1967 2729 1990 2754 e

167 2779 368 2814 Barbaria
392 2780 658 2814 advehuntur.
723 2776 907 2812 Rhamm'
925 2773 1136 2813 Alacerm'
1153 2778 1274 2813 Linn.
1300 2778 1401 2813 folia
1431 2777 1741 2820 adstringentia.
1801 2773 1992 2811 Rhamm·

166 2831 415 2881 Frangulae
438 2836 558 2870 Linn.
584 2835 779 2870 nostratis
805 2835 952 2878 (vulgo
978 2832 1239 2880 Faulbamu]
1272 2838 1411 2870 cortex
1439 2833 1607 2868 interior
1637 2831 1824 2875 (Cortex
1846 2829 1992 2866 Fran-

163 2889 290 2938 gnlae
313 2901 345 2926 s.
369 2886 480 2926 Alm·
507 2891 698 2937 nigrae),
731 2895 890 2940 praeter
918 2891 1189 2927 substantiam
1219 2891 1609 2926 flavo-colorantem
1642 2885 1986 2937 (Rhamm‘nam)‚

167 2948 441 2984 substantiam
457 2956 589 2983 aerem
609 2951 646 2982 et
663 2955 842 2982 amaram
860 2949 1063 2994 concelat,
1087 2947 1220 2982 rarius
1235 2947 1341 2982 inter
1356 2945 1581 2982 medicinas
1598 2944 1867 2992 intrinsecas,
1893 2955 1990 2989 pur-

165 3009 311 3047 gantes
341 3004 568 3049 admissus,
601 3002 851 3045 frequentius
882 3011 907 3038 a
936 3004 1052 3046 plebe
1083 3004 1134 3038 ad
1164 3003 1391 3039 sanandam
1421 3001 1602 3037 scabiem
1633 3002 1890 3038 extrinsecus
1915 3003 1989 3038 ad-

165 3061 338 3096 hibetur.
390 3057 579 3095 Rhamm‘
590 3057 815 3106 sanguinei
826 3059 941 3098 Pers.
960 3062 1098 3095 cortex
1113 3059 1230 3100 multi
1245 3059 1355 3103 apud
1369 3058 1576 3102 Hispanos
1593 3059 1792 3096 adversus
1808 3058 1990 3095 scabiem
2037 3068 2043 3079 ¹

167 3117 357 3153 nominis.

307 3169 492 3218 Zizypka·
516 3171 786 3216 propinquum
813 3172 998 3207 Rhamno
1027 3180 1156 3216 genus
1188 3172 1270 3218 est,
1299 3173 1383 3208 late
1411 3181 1484 3214 per
1514 3174 1710 3208 terrarum
1740 3174 1873 3208 orbem
1899 3170 1987 3215 dis-

166 3229 420 3265 seminatum.
478 3231 652 3265 Istorum
673 3229 803 3264 virtus
825 3228 1024 3271 imprimis
1048 3237 1189 3264 amara
1211 3231 1273 3263 est
1296 3232 1334 3263 et
1357 3220 1637 3274 adstringens,
1671 3228 1825 3264 fructus
1848 3231 1984 3264 autem

166 3286 363 3320 esculenti
385 3290 494 3321 sunt.
553 3282 785 3330 Zz'zyplenm
803 3283 1018 3331 vulgarem
1034 3286 1163 3331 Lam.,
1189 3293 1215 3320 a
1231 3285 1425 3320 Romanis
1441 3294 1492 3320 ex
1508 3285 1670 3320 Oriente
1693 3284 1879 3330 petitam,
1911 3293 1985 3327 per

165 3349 321 3376 omnem
345 3342 662 3378 mediterraneae
680 3350 788 3377 oram
804 3342 922 3377 hodie
939 3341 1020 3378 seri
1037 3344 1208 3376 constat.
1260 3342 1419 3376 Baccae
1437 3339 1514 3384 (Jsf
1513 3338 1664 3386 jubae)
1683 3340 1984 3388 olivaeformes,

165 3399 449 3444 rubescentes,
480 3401 644 3441 pulpam
661 3399 906 3437 albicantem
923 3401 1087 3444 gerunt,
1117 3397 1290 3433 vinoso-
1303 3398 1484 3446 dulcem,
1508 3401 1547 3433 et
1563 3400 1611 3432 ob
1629 3396 1712 3434 vim
1728 3396 1984 3444 nutrientem,

166 3452 386 3491 lenientem
408 3457 446 3491 et
468 3457 696 3494 solventem
717 3455 840 3493 etiam
863 3463 890 3493 a
911 3453 1080 3494 medicis
1101 3449 1450 3501 praescribuntur.
1509 3449 1694 3500 Ze'zyphi
1710 3450 1847 3490 Lotus
1862 3451 1983 3495 Linn.
