2147 3756
985 106 1098 156 195

132 289 292 332 scens,
339 273 629 334 tubulosun1,
679 271 1111 320 infundibuliforme
1144 290 1186 319 v.
1221 273 1792 357 hypocraterimorphum,
1839 275 1949 324 tubo

91 360 95 361 ⁷
131 345 234 392 basi
273 360 418 408 saepe
450 346 612 391 inflato
646 352 694 391 et
725 337 1173 407 herbaceojsupra
1206 344 1352 390 basim
1388 347 1717 407 persistentem
1751 349 1952 393 circum-

132 417 279 462 scisse
320 414 522 461 deciduo
564 430 609 460 v.
655 416 965 478 persistente,
1020 415 1159 461 limbo
1207 414 1404 478 qnadii-
1383 417 1650 478 -quinque-
1686 431 1730 462 v.
1764 415 1954 463 decem-

135 486 330 549 partito,
378 486 422 530 in
458 483 729 547 quibusdtm
761 494 979 532 truncato
1022 494 1069 531 et
1107 485 1322 532 obsolete
1363 484 1578 544 dentato,
1626 500 1713 549 per
1749 487 1953 533 aestiva-

130 558 308 602 tionem
339 555 539 618 plicato,
582 556 625 600 in
659 555 900 618 plerisque
934 572 1034 602 cum
1068 556 1164 602 tubi
1198 564 1332 619 parte
1365 557 1613 618 supetiore
1646 554 1872 614 deciduo,
1904 557 1952 602 in

131 626 294 689 paucis
332 627 469 673 fauce
510 624 690 672 demum
731 635 978 672 contracta
1017 627 1317 688 persistente.
1393 628 1615 674 Stamina
1646 627 1954 688 receptaculo

133 697 332 753 inserta,
386 696 623 759 perigonii
670 696 855 742 laciniis
905 697 1098 759 plicisve
1147 701 1370 759 pauciora
1414 713 1456 744 v.
1502 698 1660 760 plura,
1714 697 1954 744 rarissime

132 765 298 814 iisdem
343 781 536 812 numero
583 765 823 828 aequalia,
871 766 915 811 in
964 766 1234 829 quibusdam
1281 768 1593 825 unilateralia,
1680 768 1955 815 Fe'lamcnta

131 837 388 893 filiformia,
442 836 716 900 saepissime
764 837 1123 900 inaequilonga,
1180 837 1359 884 inclusa
1407 855 1447 886 v.
1494 847 1707 893 exserta,
1754 839 1957 885 aestiva-

132 909 262 954 tione
308 908 525 964 incurva,
574 907 723 953 libera
769 923 816 952 v.
858 907 959 953 basi
1008 909 1134 953 inter
1177 923 1228 954 se
1269 918 1493 966 connata,
1541 908 1774 956 interdum
1815 910 1955 955 etiam

130 978 367 1041 perigonii
407 977 519 1023 tubo
560 978 745 1024 inferne
785 978 1096 1040 agglutinata.
1167 980 1429 1028 Atztleerae
1466 981 1725 1037 introrsae,
1772 978 1955 1026 bilocu-

130 1049 277 1105 lares,
326 1046 734 1110 longitudinaliter
765 1047 1090 1095 dehiscentes.
1171 1050 1372 1096 Germen
1405 1051 1572 1096 sessile
1603 1066 1645 1097 v.
1678 1050 1956 1097 brevissime

130 1120 410 1182 stipitatum,
458 1118 680 1176 liberum,
721 1119 1093 1183 monophyllum,
1133 1119 1445 1168 uniloculare.
1526 1121 1769 1167 Gemmula
1800 1122 1956 1178 unica,

129 1205 155 1235 e
202 1190 304 1236 basi
350 1198 538 1247 erecta,
589 1190 790 1247 sessilis,
844 1191 1105 1270 miciopjle
1152 1191 1322 1236 infera.
1398 1192 1564 1253 Stylees
1607 1191 1867 1238 terminalis
1912 1208 1956 1239 v.

128 1252 449 1317 sublateraliS,
513 1259 734 1323 simplex,
789 1261 1101 1307 aestivatione
1147 1261 1407 1318 involutus,
1461 1264 1691 1322 stigmate
1741 1262 1955 1325 simplici,

128 1339 293 1387 auct0,
342 1331 525 1377 clavato
564 1348 606 1377 v.
643 1329 966 1394 subcapitato,
1013 1331 1252 1380 rarissime
1299 1332 1473 1390 nullus,
1521 1332 1741 1393 stigmate
1781 1333 1956 1391 sessili,

127 1399 691 1464 penicillato—multifidO.
764 1403 1038 1450 Acleem'um
1077 1403 1199 1449 intra
1240 1403 1476 1465 perigonii
1517 1402 1665 1449 basim
1706 1420 1746 1449 v.
1780 1402 1956 1461 tubum,

129 1471 413 1530 induratum,
463 1481 691 1519 costatum
728 1488 772 1519 V.
806 1473 1098 1535 angulatum,
1147 1475 1370 1519 muticum
1404 1490 1447 1521 v.
1481 1474 1622 1520 limbo
1663 1483 1955 1532 coronatum,

128 1541 360 1589 interdum
392 1544 530 1589 etiam
563 1544 810 1589 involucro
845 1544 1071 1602 cinctum,
1106 1543 1329 1601 liberum,
1369 1544 1792 1591 membranaceum.
1869 1546 1956 1591 Se-

128 1630 234 1660 men
280 1622 515 1671 erectum,
576 1615 901 1676 integumento
949 1630 1050 1660 cum
1098 1614 1389 1677 endocarpio
1436 1615 1624 1678 penitus
1672 1616 1957 1664 confluente.

126 1683 337 1746 Embryo
370 1685 415 1730 in
448 1684 552 1730 aliis
585 1682 965 1747 conduplicatus,
999 1685 1368 1747 cotyledom'bus
1397 1686 1642 1742 fofiaceis,
1679 1685 1956 1742 latiusculis,

127 1754 344 1801 albumen
376 1754 692 1818 amylaceum,
734 1755 779 1800 in
814 1755 1048 1801 nonnullis
1080 1756 1423 1819 parcissimum,
1465 1755 1833 1814 involventibus,
1873 1772 1956 1803 ra-

128 1826 292 1872 dicula
324 1825 555 1881 extraria,
597 1823 946 1883 descendente,
988 1826 1035 1871 in
1066 1826 1171 1874 aliis
1203 1834 1386 1885 rectuS‚
1427 1827 1794 1890 cotyledom‘bus
1824 1826 1955 1874 albu-

127 1911 233 1943 men
266 1894 648 1953 obvolventibus‚
680 1896 907 1944 radicula
937 1896 1106 1945 infera.

903 2031 1187 2067 GENRRA.

210 2112 335 2149 2000.
366 2112 597 2150 Boerhavia
615 2109 737 2149 Lv'nn.
1157 2117 1283 2152 2008.
1313 2114 1588 2161 Bugenvillea
1607 2112 1830 2151 Commers.

212 2169 336 2205 2001.
370 2169 632 2214 Collignonia
649 2167 772 2205 Endl.
1396 2163 1571 2208 Josepha
1584 2163 1646 2198 Fl.
1663 2164 1792 2197 Flum-

211 2226 335 2261 2002,
365 2227 552 2262 Abronia
567 2225 686 2261 Jugs,
1156 2216 1282 2252 2009.
1312 2214 1649 2251 Reichenbachia
1665 2212 1837 2262 Spreng.

376 2296 380 2298 ἡ
452 2274 656 2309 Trici-atus
672 2273 799 2310 Her-it.
1155 2273 1281 2310 2010.
1313 2271 1584 2315 Salpianthus
1599 2269 1658 2307 H.
1675 2276 1714 2308 et
1730 2269 1782 2306 Β.

210 2325 336 2361 2003.
366 2323 576 2361 mirabilis
592 2323 717 2360 Limz.
1398 2319 1543 2354 Boltloa
1562 2319 1706 2354 Cavan-

449 2373 625 2416 Nyctago
642 2375 748 2408 Juss.
1159 2372 1283 2408 2011.
1313 2373 1424 2407 Neea
1444 2368 1551 2404 Rm'z
1568 2376 1606 2406 et
1622 2368 1727 2405 Pav.

450 2422 592 2467 Jalapa
611 2423 800 2469 Tonrnef.
1396 2418 1705 2453 Mitscherlichia
1719 2418 1872 2457 Kunth.

211 2472 336 2509 2004.
366 2473 619 2517 oxybaphus
638 2472 780 2510 Herit.
1158 2470 1283 2507 2012.
1313 2470 1487 2507 Pisonia
1503 2468 1638 2505 Plum.

451 2521 756 2565 Calyxbymenia
775 2521 905 2568 Orteg.
1398 2518 1578 2563 Calpidia
1597 2517 1789 2552 Thouars.

452 2570 679 2614 Calymenia
694 2572 809 2606 Nutt.
1396 2568 1561 2601 Bessera
1576 2568 1682 2603 Flor.
1701 2568 1832 2602 Flum.

449 2619 690 2653 Vittmannia
710 2621 823 2655 anr.
1394 2616 1573 2652 Pallavia
1586 2617 1691 2651 Flor.
1707 2617 1837 2652 Flmn.

212 2676 335 2713 2005,
364 2676 555 2712 Affionia
569 2674 693 2711 Lim,
1367 2666 1375 2669 “
1397 2666 1590 2700 Torrubia
1604 2666 1711 2701 Flor.
1727 2667 1859 2701 Flam.

328 2724 536 2759 Affloma
551 2724 677 2770 Laffl
1397 2714 1612 2749 Columella
1627 2715 1732 2750 Flor.
1749 2716 1887 2771 Flum3

294 2774 328 2808 b.
353 2775 408 2808 W
411 2774 538 2808 edelia
552 2773 679 2818 L‘lffl

209 2832 335 2868 2006.
366 2832 525 2868 ORenia
541 2829 728 2869 δεΙιεεᾶε.

209 2888 334 2925 2007.
365 2889 558 2932 Tricycla
577 2886 740 2924 Cavan.
1159 2892 1284 2928 2013.
1313 2891 1519 2936 Epilithes
1538 2889 1698 2927 Blume.

1283 2801 1466 2844 Genus
1499 2803 1738 2844 dubium.

266 2980 592 3028 Affinitas·
664 2987 946 3033 Nyctagineae
982 2989 1088 3026 nulli
1124 2990 1375 3035 cognitorum
1412 2993 1646 3034 plantarum
1686 2991 1819 3028 ordini
1847 2990 1959 3029 arcte

127 3042 294 3090 affines,
325 3045 450 3081 etiam
472 3045 668 3081 interiore
690 3046 823 3081 caulis
848 3049 1055 3082 structura
1076 3046 1316 3096 distinctae,
1346 3048 1530 3092 proxime
1553 3049 1686 3084 adbuc
1710 3050 1761 3084 ad
1777 3050 1957 3095 Polygo-

128 3108 231 3135 neas
253 3102 473 3148 accedunt,
505 3110 531 3138 a
554 3101 702 3144 quibus
725 3102 929 3146 perigonii
952 3103 1045 3155 basi
1067 3104 1336 3153 persistente,
1367 3105 1484 3140 limbi
1508 3105 1780 3141 aestivatione
1802 3107 1957 3149 plicata

128 3160 165 3191 et
191 3155 305 3192 foliis
329 3157 592 3200 exstipulatis
615 3161 729 3194 nullo
752 3158 914 3202 negotio
940 3159 1260 3204 distinguuntur.
1319 3160 1639 3204 Ex‘embryonis
1656 3165 1862 3199 structura
1877 3164 1958 3200 ali-

129 3220 252 3255 quam
267 3221 359 3249 cum
375 3213 620 3251 Petiverieis
634 3240 645 3262 ,
675 3216 1096 3259 Phytolaccacearum
1112 3217 1354 3266 subordine,
1386 3218 1621 3262 analogiam
1635 3220 1798 3255 habent.

272 3291 705 3349 Geographia·
757 3299 1033 3339 Paucissimis
1056 3301 1266 3337 Abroniae
1288 3301 1505 3346 speciebus
1521 3301 1755 3339 Americam
1776 3302 1957 3341 boreali-

128 3352 422 3391 occidentalem
451 3355 749 3403 incolentibus,
781 3360 819 3391 et
849 3357 1063 3394 nonnullis
1086 3358 1329 3395 Boerhaviis
1359 3358 1403 3394 in
1425 3359 1539 3394 Nova
1561 3359 1786 3402 Hollandia
1814 3364 1955 3397 extra-

127 3410 286 3453 tropica
309 3414 347 3446 et
370 3410 410 3446 in
435 3411 630 3447 America
652 3412 880 3449 antarctica
902 3414 1181 3451 crescentibus
1205 3411 1412 3459 exceptis,
1443 3415 1724 3458 Nyctagineae
1747 3417 1852 3454 inter
1873 3421 1957 3454 tro-

127 3466 243 3510 picos
274 3467 453 3505 circulos
484 3473 730 3517 nascuntur,
762 3469 805 3505 in
834 3471 946 3506 Novo
979 3470 1218 3508 continente
1246 3472 1476 3516 specierum
1503 3480 1671 3508 numero
1700 3476 1740 3510 et
1762 3483 1955 3519 generum

1535 3536 1602 3588 13
