2147 3756
943 131 1061 181 465

96 304 355 372 germinum
388 304 675 369 exsculptus.
756 301 983 354 Corollae
1015 299 1177 364 petala
1213 298 1439 365 plurima,
1488 298 1579 346 imo
1619 307 1723 346 toro
1761 299 1913 346 multi-

93 379 301 433 seriatim
331 378 532 434 inserta,
573 370 743 433 libera',
777 373 1086 421 aestivatione
1119 370 1387 428 imbricata,
1421 368 1503 416 sub
1537 369 1719 417 anthesi
1751 381 1915 434 paten-

91 451 178 506 tia,
227 446 446 494 decidua.
523 447 744 493 Stamina
785 445 1004 509 plurima,
1053 459 1154 490 cum
1194 441 1364 506 petalis
1404 440 1494 486 imo
1535 449 1639 486 toro
1672 441 1915 504 multiplici

92 520 219 566 serie
266 519 467 575 inserta,
522 516 687 564 iisdem
733 516 976 572 breviora,
1033 513 1370 570 erectiuscula,
1425 511 1600 569 libcra3
1651 510 1915 573 filamenla

93 590 357 647 filiformia,
393 604 594 652 superne
628 587 845 649 dilatata,
886 602 1027 649 supra
1058 584 1279 631 antheras
1312 584 1358 629 in
1391 581 1699 645 appendicem
1732 582 1913 644 planam

91 678 138 708 v.
189 660 417 706 clavatam
465 658 721 722 producta3
787 658 1023 704 antherae
1069 656 1325 710 introrsae,
1380 653 1690 710 bilocularcs,
1747 652 1915 700 loculis

93 731 370 788 linearibUS,
405 729 609 787 adnatis,
643 729 901 793 parallelis,
935 723 1338 787 longitudinalitcr
1369 722 1735 771 dehiscentibus.
1800 725 1916 770 Ger—

92 804 222 849 mina
280 802 499 865 plurima,
563 801 653 847 tori
707 798 910 845 foveolis
964 795 1234 858 singillatim
1288 796 1526 851 immersa,
1588 793 1914 841 unilocularia.

97 874 338 920 Gemmzela
370 872 507 918 unica
542 868 791 929 (interdum
826 868 1041 930 geminae
1075 866 1424 922 collaterales),
1459 881 1518 911 ex
1549 865 1686 928 apice
1719 864 1914 911 funiculi

93 943 354 999 filiformiS,
420 957 445 987 e
499 940 600 986 basi
655 939 799 986 loculi
846 937 981 1000 juxta
1034 937 1263 999 parietem
1318 935 1651 983 adscendentis
1696 934 1915 999 pendula,

92 1021 335 1075 anatropa.
423 1012 589 1073 Stylecs
639 1009 921 1066 terminalis,
976 1008 1158 1064 breviS,
1213 1006 1432 1070 si1nplex3
1507 1009 1685 1069 stigma
1739 1008 1915 1054 minuto

92 1084 367 1146 capitatum,
429 1081 756 1145 subpeltatum.
857 1081 1022 1128 Nuces
1074 1078 1324 1141 plurimae,
1387 1076 1725 1140 subglobosac,
1788 1077 1913 1142 stylo

91 1161 362 1217 superatae,
397 1154 896 1209 coriaceo-corneae,
927 1165 1311 1213 monospermae,
1353 1164 1378 1195 e
1410 1150 1502 1195 tori
1537 1149 1724 1195 carnosi
1757 1149 1916 1196 alveo—

90 1225 145 1270 lis
194 1225 558 1282 semiemersae,
608 1224 805 1271 liberae.
885 1224 1057 1270 Semen
1102 1220 1360 1284 pericarpii
1406 1220 1657 1267 cavitatem
1703 1218 1918 1283 implens,

91 1296 349 1353 inversum,
397 1296 721 1358 integumento
754 1294 1036 1357 spongioso,
1076 1292 1171 1338 hilo
1205 1292 1411 1354 apicem,
1452 1290 1645 1338 chalaza
1675 1290 1916 1337 foveolae-

90 1367 255 1423 fornii,
306 1368 518 1428 margine
559 1366 744 1413 elevato
778 1366 933 1424 cincta
963 1363 1111 1410 basim
1144 1362 1288 1409 loculi
1321 1362 1630 1426 respiciente.
1705 1362 1916 1423 Embt‘yo

90 1436 490 1494 exalbuminosuS,
525 1437 844 1500 orthotropus.
890 1435 1212 1497 Cotyledones
1237 1450 1450 1491 crassae,
1487 1449 1741 1490 carnosae,
1775 1432 1917 1478 dorso

90 1524 358 1566 convexae,
398 1507 611 1555 faciebus
644 1508 834 1570 planae,
875 1506 1140 1570 plumulam
1174 1504 1450 1568 diphyllam,
1496 1503 1633 1550 valde
1667 1504 1915 1559 evolutam,

88 1579 326 1642 petiolulis
370 1579 590 1626 refractis
635 1579 758 1626 intra
805 1578 1067 1640 vaginulam
1114 1574 1542 1632 membranaceum,
1592 1575 1794 1621 clausam
1840 1591 1916 1621 rc·

93 1648 351 1708 conditam,
392 1648 706 1697 includentes.
780 1650 1019 1697 Rade'cula
1049 1647 1350 1708 brevissima,
1384 1639 1564 1704 crassa,
1597 1645 1915 1702 obtusissima,

93 1720 319 1768 chalazae
353 1736 378 1767 e
413 1719 642 1769 diametro
677 1721 914 1785 opposita,
948 1734 1133 1783 supera.

738 1854 949 1889 Genus
996 1858 1265 1889 UNIGUM.

652 1939 775 1975 5026.
806 1937 1065 1974 Nelumbium
1082 1935 1200 1971 Juss.

867 1985 1055 2021 Nelumbo
1077 1983 1268 2029 Tournef.

227 2086 555 2134 AffinitaS·
615 2095 718 2131 Ordo
741 2082 989 2141 perparvus,
1021 2092 1188 2130 nonnisi
1205 2092 1307 2128 duas
1323 2090 1506 2139 species,
1538 2092 1613 2128 sub
1630 2089 1753 2127 unico
1769 2099 1915 2135 genere

86 2149 310 2188 militantes
340 2152 707 2199 comprehendens,
753 2161 778 2187 a
807 2150 1161 2197 Nymphaeaceis,
1207 2149 1449 2192 quibuscum
1478 2148 1621 2185 habitu
1651 2151 1689 2184 et
1725 2147 1916 2190 plurimis

86 2208 394 2244 characteribus
418 2208 625 2255 convenit,
657 2208 908 2253 germinibus
932 2208 1039 2243 intra
1063 2207 1139 2242 tori
1158 2209 1343 2243 alveolos
1365 2205 1531 2252 liberis,
1563 2207 1768 2249 gemmula
1792 2204 1917 2240 unica

87 2275 127 2300 v.
160 2266 318 2301 duabus
349 2265 490 2313 foetis,
538 2270 576 2301 et
605 2265 836 2309 emm-yonis
866 2265 1034 2301 maximi
1064 2266 1251 2307 plumula
1279 2254 1407 2299 valde'
1432 2264 1600 2298 evoluta
1635 2262 1915 2306 distinguitur.

89 2323 388 2358 Gemmularum
419 2332 584 2358 numero
617 2323 778 2358 definito
800 2321 969 2365 propius
993 2322 1046 2357 ad
1070 2322 1322 2359 Cabombeas
1344 2319 1524 2368 accedit,
1555 2328 1582 2356 a
1604 2319 1753 2363 quibus
1780 2323 1914 2355 tamen

90 2378 165 2414 tori
180 2379 418 2422 praesentia
433 2382 472 2414 et
486 2379 708 2416 albuminis
725 2379 884 2415 defectu
900 2378 1042 2415 differt.

233 2456 655 2515 Geographia.
719 2462 924 2499 Nelumbii
954 2471 1085 2507 genus
1116 2462 1271 2506 duplici
1300 2462 1440 2507 specie
1469 2460 1711 2499 absolvitur.
1768 2461 1914 2496 Altera

89 2519 184 2555 flore
200 2530 316 2556 roseo
332 2521 375 2557 in
398 2520 522 2564 aquis
533 2519 664 2557 Asiae
685 2520 866 2562 tropicae
886 2519 1074 2563 vulgaris
1097 2523 1177 2568 est,
1209 2520 1332 2555 etiam
1356 2520 1398 2555 in
1414 2519 1560 2555 Persia
1583 2522 1622 2554 et
1642 2519 1685 2553 in
1708 2517 1914 2553 confluen-

88 2577 198 2613 tibus
228 2577 385 2622 Volgae
415 2577 527 2613 circa
555 2577 790 2613 Astrachan
819 2579 1059 2623 observata,
1090 2584 1144 2611 ex
1172 2576 1382 2623 Aegypto,
1420 2576 1490 2612 ubi
1519 2575 1616 2611 olim
1649 2584 1701 2610 ex
1731 2578 1912 2609 veterum

89 2634 320 2669 testimonio
344 2637 456 2682 sata,
487 2633 606 2670 hodie
627 2635 741 2670 exul.
797 2633 945 2670 Altera
964 2632 1165 2670 flaviflora
1187 2633 1232 2670 in
1245 2633 1464 2670 Americae
1479 2632 1656 2670 borealis
1671 2633 1798 2676 plaga
1813 2634 1913 2667 tem-

86 2694 228 2732 perata
243 2690 360 2727 vivit.

228 2767 595 2822 Qualitates
626 2776 665 2811 et
693 2778 867 2815 usus·
902 2771 1056 2811 Lotum
1083 2774 1326 2822 mythicam,
1358 2783 1480 2818 quam
1501 2773 1620 2810 hodie
1651 2770 1910 2808 Nelumbium

87 2829 318 2878 speciosum
348 2841 562 2879 vocamus,
593 2832 890 2876 Aegyptiorum
918 2836 958 2869 et
984 2834 1174 2868 Indorum
1192 2836 1457 2868 monumenta
1480 2830 1810 2874 frequentissime
1837 2833 1910 2865 ha-

86 2891 194 2925 bent.
255 2891 384 2925 Sacra
413 2889 479 2925 his
509 2892 653 2933 planta
683 2892 765 2937 est,
795 2898 888 2925 cum
918 2889 1230 2933 elegantissima
1257 2888 1449 2925 foliorum
1478 2889 1737 2923 rotundorum
1767 2886 1910 2933 forma,

87 2945 384 2988 pulcherrimus
406 2945 480 2981 flos
504 2949 543 2982 et
564 2946 764 2989 mysticus
785 2946 965 2988 quotidie
987 2956 1009 2981 e
1023 2945 1108 2982 Nili
1129 2948 1194 2982 vel
1213 2945 1369 2990 Gangis
1391 2945 1502 2980 unda
1525 2949 1637 2981 ortus
1660 2944 1710 2979 ad
1728 2944 1911 2979 divinam

87 3005 276 3037 naturam
305 3006 493 3045 spectare
521 3003 739 3039 videretur.
797 3002 867 3038 Dii
897 3004 1078 3045 deaeque
1099 3003 1190 3039 Loti
1219 3002 1318 3038 folio
1349 3004 1568 3038 coronatae
1592 3000 1909 3044 conspiciuntur,

87 3058 153 3093 his
178 3061 369 3100 tanquam
392 3063 506 3094 trono
528 3059 710 3096 insident
731 3063 802 3095 aut
822 3069 898 3096 ceu
920 3059 1089 3104 navigio
1118 3059 1238 3102 aquis
1267 3059 1470 3095 innatant.
1527 3059 1702 3094 Fructus
1726 3050 1909 3101 (κύαμος

88 3107 339 3169 αιίγύπτιος]
364 3116 607 3162 edebantur,
638 3117 711 3152 sed
741 3116 1018 3153 sacerdotibus
1048 3120 1088 3153 et
1114 3116 1406 3162 Pythagoreis,
1444 3125 1580 3151 eorum
1612 3115 1805 3161 aemulis,
1843 3115 1908 3150 in-

66 3193 72 3196 ·
90 3171 301 3207 terdictunt
315 3174 554 3218 putabatur,
579 3182 629 3208 ne
643 3173 708 3209 his
724 3172 832 3209 fabis
848 3178 1125 3210 vescerentur.
1167 3175 1303 3209 Nuces
1320 3174 1471 3209 crudae
1487 3175 1522 3208 et
1542 3177 1680 3209 coctae
1694 3171 1910 3207 hodiedum

89 3229 197 3272 apud
219 3229 341 3264 Indos
372 3231 409 3263 et
440 3228 564 3264 Sinas
595 3228 638 3264 in
668 3229 836 3266 cibariis
866 3234 982 3277 sunt3
1013 3230 1178 3267 diversa
1207 3229 1383 3266 etiam=e
1413 3229 1583 3266 caudice
1613 3228 1907 3274 adstringente,
1976 3264 1980 3266 .

88 3281 217 3320 variis
241 3284 490 3321 aromatibus
511 3285 670 3320 condito
691 3286 906 3323 medicina.
963 3287 1213 3323 Petiolorum
1235 3287 1633 3330 pedunculorumque
1663 3295 1815 3320 succus
1844 3287 1908 3321 la-

89 3341 398 3377 cteo-viscidus
422 3341 464 3376 in
480 3341 630 3377 morbis
646 3343 866 3391 spasticis,
897 3344 1098 3380 adversus
1119 3344 1315 3379 vomitum
1330 3347 1366 3379 et
1385 3343 1638 3379 diarrhoeam
1655 3341 1770 3378 utilis
1789 3350 1908 3384 prae-

89 3397 259 3434 dicatur.
289 3398 424 3434 Floris
439 3397 563 3434 Anisi
578 3399 739 3434 odorem
754 3400 935 3436 halantis
950 3403 1090 3444 petala
1103 3400 1252 3436 leniter
1266 3399 1564 3444 adstringentia
1579 3398 1690 3435 floris
1706 3400 1907 3445 Rosarum

88 3453 131 3490 in
160 3455 320 3490 modum
350 3455 604 3490 adhibentur.
663 3451 874 3492 Nelumbii
899 3454 1007 3493 lutei
1032 3458 1179 3494 Willd.
1209 3456 1369 3494 semina
1398 3459 1448 3492 ab
1478 3455 1696 3492 Americae
1726 3457 1904 3492 borealis

87 3511 401 3549 autochtonibus
412 3510 566 3548 comedi
581 3513 724 3550 solent.
1387 3518 1389 3521 '
