2147 3756
1095 99 1214 151 290

978 178 1090 185 *-

388 267 711 315 Affinitas.
766 270 1116 317 Loganlacea.rum
1130 271 1246 320 ordo,
1270 269 1448 314 qualiter
1460 276 1591 315 nuper
1611 279 1640 311 a
1659 271 1778 311 nobis
1799 274 1862 310 est.
1882 272 2058 311 circum-

252 329 450 380 scriptus,
476 331 755 375 complectitur
770 330 948 374 plurima
963 331 1193 371 plantarum
1209 327 1578 370 oppositifoliarum
1594 328 1879 372 stipulatarum
1895 338 2057 378 genera,

250 399 356 434 quae
385 388 563 434 germine
592 387 760 434 dimero,
792 388 946 421 corolla
973 383 1152 428 regulari
1181 384 1439 420 staminifera
1471 387 1508 419 et
1537 385 1761 422 seminibus
1791 385 2059 423 albuminosis

252 449 423 492 donata,
453 447 630 480 corollae
659 442 930 479 aestivatione
952 439 994 475 in
1017 438 1121 475 aliis?
1137 438 1370 487 imbricata,
1401 440 1445 476 in
1467 440 1562 476 aliis
1587 444 1788 488 contorta,
1819 444 1858 477 et
1879 442 2059 486 germine

251 505 486 538 constanter
506 500 654 545 libero,
687 497 884 533 affinitate
906 495 1267 542 internubiaceas
1291 499 1329 532 et
1350 496 1599 540 Apocyneas
1623 497 1852 543 ambigunt,
1882 499 1934 533 ad
1956 508 2057 533 neu-

249 563 355 594 trum
372 559 509 592 horum
526 556 707 591 ordinum
723 557 856 589 tamen
872 552 1096 587 referenda.
1122 553 1278 587 Genera
1297 551 1379 587 fere
1395 552 1560 597 singula
1575 553 1831 597 gravissimis
1848 556 1935 588 utut
1951 555 2059 590 notis

243 614 360 649 jnter
380 623 424 650 se
447 614 631 656 diversa,
662 611 838 645 nondum
863 612 995 644 tamen
1019 608 1061 643 in
1083 611 1222 650 plures
1243 608 1406 644 ordines
1429 609 1661 654 divellenda
1678 612 1794 656 sunt,
1825 610 1972 646 sedsita
1990 620 2060 652 per

251 671 382 707 tribus
413 668 637 704 ordinanda
659 670 693 701 et
718 665 760 700 in
785 665 1027 700 subordines
1046 666 1320 711 segreganda,
1352 667 1395 699 ut
1417 665 1617 700 communi
1639 666 1868 700 adhucdum
1893 666 2058 702 vinculo

251 733 455 770 connexa,
488 732 606 767 quam
630 721 847 771 multiplici
871 720 1068 757 affinitate
1091 721 1142 756 ad
1166 721 1342 756 aliarum
1366 714 1833 757 familiarum‘sectiones
1849 723 2060 769 accedant,

248 781 499 818 luculentius
530 781 747 822 appareat..
795 777 1018 821 Diagnosis
1046 778 1096 812 ab
1117 777 1348 820 Apocyneis
1377 779 1565 813 absoluta
1594 777 1683 812 dari
1710 777 1867 825 nequit,
1899 780 1981 813 tum
2011 780 2059 814 ob

250 838 402 874 limites
431 836 643 877 utriusque
665 834 818 870 ordinis
840 833 976 869 minus
999 842 1024 869 a
1049 836 1198 869 natura
1219 833 1570 881 circumscriptos,
1602 836 1683 869 tum
1707 836 1755 870 ob
1780 835 2060 869 characterum

251 894 426 930 omnium
450 892 491 927 in
517 894 630 927 tanta
651 899 842 935 generum
867 888 1105 925 diversitate
1125 889 1456 926 inconstantiam.
1513 887 1776 936 Logam'eae,
1808 898 1884 932 quo
1900 889 2060 926 nomine

251 957 401 995 genera
431 950 607 984 corollae
637 946 907 991 aestivatione
936 945 1199 981 convolutiva
1218 948 1368 982 donata
1389 946 1431 981 in
1454 947 1712 982 subordinem
1735 946 2002 993 colliguntur,
2034 954 2060 982 a

243 997 472 1057 'Rubiaceis
500 1002 665 1039 nonnisi
696 1002 876 1047 germine
903 1000 1267 1049 libero'differunt,
1297 1001 1355 1037 ita
1384 1004 1429 1037 ut
1457 999 1745 1048 Eulogam'eae
1774 994 2063 1050 Hedyotideas‚

258 1060 481 1096 Usterz'eae
504 1060 779 1106 Cinchoneas,
809 1056 1034 1093 Potalz'eae
1059 1058 1308 1094 Gardenieas
1331 1058 1529 1104 referant,
1565 1056 1858 1092 Gaertnereae
1880 1059 1933 1094 ad
1953 1060 2062 1094 Iser-

251 1119 356 1154 tieas
386 1117 639 1159 aliquomodo
668 1116 878 1151 accedant.
934 1114 1000 1150 Ab
1024 1114 1260 1156 Apocyneis
1290 1114 1534 1156 stipularum
1562 1114 1799 1158 praesentia
1827 1116 1865 1149 et
1894 1114 1988 1150 flore
2018 1114 2061 1150 in

250 1173 462 1211 nonnullis
483 1175 631 1209 saltem
653 1171 871 1215 generibus
895 1170 1138 1206 anisomerio
1161 1172 1211 1205 ab
1236 1169 1469 1206 auctoribus
1492 1170 1571 1206 iste
1594 1171 1772 1206 subordo
1784 1169 2061 1216 distinguitur,

251 1231 322 1267 sed
348 1228 569 1272 superioris
592 1228 843 1264 characteris
865 1227 948 1262 vim
970 1226 1214 1269 stipularum
1238 1226 1281 1261 in
1303 1226 1514 1262 nonnullis
1528 1226 1737 1270 Loganiae
1758 1225 1975 1269 speciebus
1992 1227 2061 1262 de-

251 1286 384 1322 fectus
404 1284 611 1331 infringit,
643 1282 877 1327 posterioris
902 1283 1060 1325 pondus
1083 1282 1298 1318 debilitant
1317 1282 1436 1319 flores
1457 1282 1501 1318 in
1523 1283 1730 1326 plerisque
1745 1282 1962 1326 generibus
1979 1282 2062 1318 iso-

249 1342 371 1390 meri,
403 1344 529 1384 calyx
557 1339 775 1383 multiplici
803 1339 911 1375 ser-ie
939 1338 1178 1375 imbricatus
1207 1348 1299 1374 cum
1328 1341 1505 1374 corollae
1533 1339 1806 1375 aestivatione
1828 1341 1998 1375 valvata
2019 1339 2063 1374 in

249 1399 450 1444 Antonia,
469 1397 641 1439 denique
656 1399 834 1432 loliorum
851 1398 1027 1430 corollae
1043 1397 1082 1430 et
1101 1394 1319 1431 staminum
1335 1386 1529 1430 numerus
1545 1395 1918 1443 inPolyphra-,gmo
1934 1395 2063 1438 stirpe

249 1455 479 1500 Rubiacea3
508 1453 568 1489 ita
591 1456 636 1487 ut
657 1454 718 1487 ad
730 1451 1020 1488 stabiliendum
1042 1450 1261 1486 discrimen
1282 1451 1335 1486 ad
1357 1451 1481 1486 succi
1492 1451 1617 1487 lactei
1640 1454 1682 1487 et
1693 1451 1831 1494 aquei
1846 1452 2064 1488 diversita-

242 1510 331 1547 ‘tem
351 1510 406 1547 sit
428 1480 758 1551 confugiendum.
817 1504 1080 1553 Stryclmeae
1102 1507 1281 1542 corollae
1302 1505 1575 1542 aestivatione
1596 1508 1769 1542 Valvata
1790 1507 1981 1555 donatae,
2013 1510 2061 1544 ob

242 1575 381 1611 vgenus
409 1565 576 1612 stipulis
605 1563 840 1601 manifestis
868 1563 1112 1612 instructum
1142 1565 1182 1598 et
1208 1562 1326 1598 aliud
1347 1562 1507 1606 calycis
1529 1563 1742 1600 elementis
1764 1565 1936 1600 corollae
1957 1563 2062 1600 lobis

248 1624 360 1659 haud
384 1621 596 1667 congruis,
628 1620 846 1655 difficulter
860 1628 886 1655 a
900 1602 1121 1662 Loganieis
1136 1618 1396 1665 avellendae‚
1426 1619 1550 1655 latice
1565 1619 1742 1656 decolori
1759 1623 1808 1656 ab
1826 1619 2064 1663 Apocyneis

248 1678 436 1717 baccatis
466 1677 663 1712 facillime
693 1676 1061 1723 distinguerentur,
1092 1675 1177 1712 nisi
1207 1674 1322 1712 succi
1352 1675 1531 1717 qualitas
1552 1675 1595 1711 in
1618 1676 1804 1719 pluribus
1827 1676 2064 1719 Apocyneis

250 1735 377 1772 dubia
400 1736 438 1769 et
452 1733 644 1776 strychni
666 1732 882 1775 speciebus
896 1724 1156 1769 Americanis
1179 1734 1320 1769 cortex
1341 1734 1392 1767 ab
1416 1732 1650 1767 auctoribus
1676 1731 1918 1768 tribueretur
1939 1741 2062 1769 succo

250 1799 389 1827 croceo
419 1789 617 1833 turgidus.
673 1790 812 1832 Neque
834 1790 1011 1828 corollae
1032 1788 1250 1823 aestivatio
1272 1790 1508 1823 charactere
1530 1790 1718 1826 absoluto
1740 1790 1989 1831 Strychneas
2012 1791 2062 1824 ab

250 1846 485 1891 Apocyneis
499 1847 708 1893 segregat,
733 1853 823 1880 cum
840 1844 962 1880 etiam
977 1843 1020 1879 in
1035 1843 1239 1892 Lyonsia,
1266 1844 1440 1888 genuino
1457 1852 1604 1888 genere
1619 1844 1917 1891 Apocynaceo,
1936 1847 2065 1880 corol-

249 1906 317 1941 lae
332 1903 415 1939 lobi
430 1901 684 1945 marginibus
700 1909 793 1938 sese
807 1901 917 1935 haud
933 1902 1083 1943 tegant.
1117 1900 1157 1937 C
1161 1900 1296 1942 alycis
1314 1897 1542 1942 foliolorum
1557 1909 1674 1943 porro
1688 1901 1906 1944 multiplex
1920 1901 2063 1948 series,

250 1958 364 2003 quali
393 1957 574 1993 Antonia
602 1961 665 1993 est
693 1956 892 2003 insignis,
928 1955 972 1991 in
1002 1956 1322 1999 Apocynearum
1351 1956 1569 2001 generibus
1598 1956 1805 2005 pluribus,
1835 1957 2065 2026 squamulis

249 2015 356 2052 inter
371 2017 553 2057 calycem
569 2016 607 2049 et
623 2015 817 2049 corollam
833 2011 926 2049 sitis
942 2013 1102 2048 abunde
1117 2012 1335 2049 indicatur.

392 2090 820 2148 Ge'ographia.
856 2092 1162 2140 Loganiaceae
1185 2095 1293 2135 inter
1314 2095 1489 2140 tropicos
1512 2095 1636 2134 totius
1659 2095 1768 2135 orbis
1789 2096 2065 2146 reper1untur3

249 2157 474 2194 nonnullae
509 2154 553 2189 in
581 2155 736 2189 Novam
765 2152 1027 2188 Hollandiam
1063 2153 1396 2200 extratropicam‚
1435 2154 1633 2195 quaedam
1666 2153 1710 2189 in
1739 2153 1974 2190 Americam
2003 2153 2065 2190 cis

250 2221 446 2249 cancrum
469 2210 705 2246 calidiorem
727 2212 966 2253 evagantur.
1024 2205 1351 2254 Eustryehneae
1373 2209 1416 2244 in
1432 2208 1541 2244 Asia
1557 2212 1594 2244 et
1610 2210 1803 2246 America
1818 2210 1973 2253 tropica
1988 2219 2064 2246 na-

249 2271 440 2315 scuntur,
473 2264 764 2301 Gardnerieae
786 2264 830 2300 in
850 2263 1026 2308 Nepalia
1048 2267 1257 2312 crescunt,
1288 2261 1525 2299 Antomeae
1548 2265 1770 2302 Brasiliam
1800 2269 1839 2301 et
1861 2266 2064 2303 Guianam

248 2325 448 2371 incolunt,
471 2319 735 2357 Labordieae
751 2321 795 2357 in
808 2320 959 2357 insulis
974 2320 1343 2371 sandwicensibus
1358 2320 1556 2369 habitant,
1583 2319 1872 2367 Coelostyleae
1888 2321 1931 2357 in
1941 2323 2065 2359 Ame-

250 2380 340 2418 rica
362 2379 519 2423 tropica
541 2378 603 2415 cis
626 2380 884 2420 aequatorem
905 2380 944 2413 et
964 2377 1009 2413 in
1030 2377 1187 2418 boreali
1207 2378 1401 2419 calidiore
1416 2380 1656 2413 nascuntur.
1714 2375 2004 2424 Eulogam'eae
2020 2378 2064 2414 in

251 2436 475 2482 Moluccis,
505 2437 620 2471 Nova
649 2430 876 2469 Zeelandia
905 2436 945 2469 et
971 2435 1086 2469 Nova
1116 2434 1339 2470 Hollandia
1368 2433 1643 2476 extratropica
1671 2437 1857 2476 repertae
1886 2434 2060 2483 fuerunt,

258 2486 453 2527 Uet-truria
464 2490 614 2539 genus
624 2491 686 2527 est
714 2489 943 2527 africanum
971 2489 1299 2537 intertropicum,
1345 2487 1567 2526 Potalaeeae
1594 2489 1637 2526 in
1661 2490 1768 2529 Asia
1795 2490 1933 2527 dalida
1955 2494 1994 2527 et
2018 2491 2061 2537 in

251 2549 405 2585 Oceani
427 2546 615 2584 atlantici
636 2547 771 2582 littore
793 2540 1023 2582 americano
1041 2548 1079 2582 et
1094 2546 1279 2582 africano
1295 2549 1554 2590 generantur.
1616 2544 1912 2584 Gaertnerae
1900 2557 1944 2584 m
1958 2547 2064 2585 Asia

250 2605 425 2651 tropica,
457 2604 499 2638 in
514 2603 664 2653 insulis
680 2603 937 2638 Mascarenis
954 2606 993 2638 et
1006 2603 1326 2645 Madagascaria
1339 2603 1624 2650 inveniuntur3
1654 2603 1800 2646 quibus
1816 2605 2064 2648 Pagameam

248 2661 517 2706 guianensem
541 2659 661 2695 dubie
684 2659 979 2694 consociamus.
1013 2679 1020 2684 -
1037 2657 1204 2694 Tribum
1224 2658 1461 2695 distinctam
1481 2658 1627 2695 sistere
1642 2659 1804 2695 videtur
1817 2669 1947 2704 genus
1963 2659 2065 2695 afri-

250 2726 398 2753 canum
412 2715 715 2762 intertropicum
732 2711 1058 2757 [Godonmetlms
1072 2715 1226 2759 Don.?]
1246 2724 1271 2750 a
1286 2715 1477 2751 Brownio
1494 2719 1864 2762 commemoratum,
1896 2715 2065 2762 semini-

249 2777 328 2810 bus
351 2772 497 2810 erectis
520 2774 565 2822 et.
580 2771 716 2808 fructu
735 2771 968 2824 capsulari,
999 2770 1129 2807 forma
1151 2773 1187 2807 et
1213 2763 1715 2814 dehiscens'iaBursariae
1735 2765 1967 2820 simillimo,
1997 2771 2063 2808 in-

246 2839 383 2874 signe.

391 2901 754 2958 qualitates
769 2910 810 2948 et
823 2914 1013 2951 usus.
1036 2912 1286 2964 strychneae
1307 2911 1414 2947 inter
1428 2907 1610 2954 reliquas
1627 2907 1824 2953 qualitate
1841 2913 2063 2959 excellunt,

249 2978 347 3016 nam
367 2967 412 3004 in
434 2967 583 3004 cortice
603 2969 908 3019 plerarumque,
940 2967 1139 3013 imprimis
1163 2967 1336 3015 radicis,
1352 2970 1406 3003 .et
1428 2966 1471 3003 in
1486 2967 1710 3016 seminibus
1726 2967 1929 3020 principia
1945 2969 2065 3004 alka-

249 3026 405 3072 loidea,
437 3017 720 3070 strychmwna
729 3025 769 3059 et
803 3020 1092 3057 Canii-'amma
1109 3009 1211 3066 (vel
1234 3025 1279 3059 ut
1309 3031 1332 3059 a
1356 3023 1597 3066 quibusdam
1622 3023 1758 3059 minus
1781 3026 1875 3067 apte
1895 3027 2065 3060 vocatur

252 3079 489 3124 Brneeina)
523 3088 614 3116 cum
636 3078 750 3114 acido
771 3079 917 3115 lactico
941 3082 979 3114 et
1001 3079 1152 3122 gallico
1176 3080 1393 3121 conjuncta
1415 3079 1688 3125 reperiuntur,
1721 3087 1826 3122 quae
1846 3081 2064 3116 vehemen-

252 3138 409 3175 tissime
423 3137 465 3173 in
481 3135 754 3181 organismum
770 3135 988 3171 animalem
1005 3135 1187 3187 agentia,
1205 3136 1390 3176 barbaris
1407 3135 1593 3181 gentibus
1609 3137 1889 3180 praeparando
1905 3145 2061 3172 veneno

251 3197 290 3230 et
319 3192 601 3239 inquinandis
612 3190 793 3237 sagittis,
827 3191 1020 3227 deleteria
1048 3195 1173 3227 molte
1195 3191 1377 3237 gravidis
1401 3191 1652 3240 inserviunt,
1683 3200 1710 3228 a
1733 3192 1902 3229 medicis
1926 3195 2060 3251 autem

250 3251 356 3287 inter
370 3248 567 3287 salutaris
583 3248 684 3284 artis
699 3244 949 3284 adminicula
963 3249 1174 3284 habentur.
1444 3268 1447 3270 v
1949 3266 1951 3270 .

392 3330 625 3381 strychnos
647 3329 794 3367 Tieute
816 3332 1013 3369 Leschen.
1025 3358 1036 3379 ,
1067 3331 1228 3368 frutex
1218 3341 1260 3368 ιη
1282 3331 1503 3377 primaevis
1523 3331 1686 3369 insulae
1710 3331 1789 3368 Jav
1792 3340 1841 3368 ae
1862 3330 2062 3368 altissime

253 3399 376 3434 super
397 3393 562 3426 arbores
584 3376 809 3436 scandens,
842 3391 889 3425 ob
912 3387 1247 3431 perniciosissimi
1276 3389 1424 3425 veneni
1446 3387 1583 3432 (Upas
1604 3389 1737 3432 Radja
1759 3396 1793 3424 s.
1815 3388 1928 3431 Upas
1951 3388 2062 3429 Tjet-

252 3446 344 3490 tek)
367 3446 564 3495 speciem,
587 3453 721 3489 quam
738 3444 816 3482 feri
835 3444 1088 3492 archipelagi
1111 3446 1262 3490 mala}
1253 3456 1307 3483 1c1
1328 3445 1494 3489 incolae
1507 3454 1529 3482 e
1552 3443 1707 3485 radicis
1719 3453 1841 3482 succo
1857 3445 2059 3481 obtentam
