2147 3756
1066 126 1183 173 516

218 297 340 352 lare,
383 296 624 358 gemmula
661 296 799 343 unica
837 310 897 342 ex
934 296 1070 357 apice
1110 295 1252 340 loculi
1283 292 1507 360 pendula,
1555 304 1794 358 anatropa.
1870 296 2032 357 Stylas

215 366 500 424 terminalis,
550 367 769 430 simplex,
818 367 1044 427 stigmate
1083 363 1284 411 indiviso
1314 381 1358 411 v.
1390 364 1600 412 breviter
1630 366 2033 427 emarginatwbi—

216 436 343 486 lobo.
420 439 682 500 Caryopse's
721 436 885 499 calyce
925 433 1194 492 recondita,
1240 435 1350 498 styli
1388 435 1487 481 basi
1525 436 1807 499 persistente
1847 451 2032 481 mucro-

216 514 343 552 nata.
417 508 588 554 Semen
627 508 877 552 inversum.
949 505 1160 566 Embryo
1192 505 1238 551 in
1271 506 1345 551 axi
1377 505 1621 552 albuminis
1654 507 1839 551 carnosi
1871 505 2032 551 ortho-

217 585 404 638 tropuS,
452 577 662 639 ejusdem
700 576 802 621 fere
843 574 1165 637 longitudine,
1215 576 1581 638 cotyledom'bas
1618 577 1790 634 ovatis,
1836 575 2029 632 obtusis,

216 648 442 694 radicula
474 646 691 693 umbilico
723 645 958 708 proxima,
991 645 1162 691 infera.

861 762 1070 797 Genius
1117 769 1390 799 triricum,

779 845 902 882 3725.
935 845 1173 882 Globularia
1192 842 1312 881 Lina.

990 893 1155 936 Alypum
1176 893 1367 939 Tem-nef.

993 936 1176 971 Abolaria
1190 938 1340 971 Adans.

355 1034 681 1081 AffinitaS·
740 1041 999 1089 Globularia,
1030 1041 1135 1079 inter
1158 1043 1381 1079 Stilbineas
1406 1047 1444 1080 et
1466 1042 1708 1089 selagineas
1730 1045 1884 1092 media,
1916 1045 2036 1081 illinc

215 1097 455 1145 Dipsaceis,
488 1097 725 1142 Calycereis
748 1101 786 1133 et
807 1099 1102 1135 Brunoniaceis
1126 1103 1236 1135 arcte
1265 1100 1422 1146 affinis,
1456 1103 1502 1135 ob
1535 1103 1726 1136 antheras
1758 1100 2035 1137 uniloculares

217 1159 253 1190 et
279 1165 440 1198 germen
457 1154 627 1190 liberum
644 1157 718 1190 hoc
735 1155 869 1197 potius
885 1158 973 1191 loco
992 1159 1227 1193 collocatur.
1284 1156 1576 1204 Primulaceis‚
1608 1157 1652 1192 in
1670 1166 1837 1199 quarum
1853 1157 2038 1194 necessi-

216 1211 356 1247 tudine
372 1220 396 1247 a
411 1212 621 1247 nonnullis
639 1213 879 1259 collocatur,
909 1211 982 1248 vix
998 1212 1147 1248 affinis.

359 1275 788 1332 Geogl·aphia.
818 1283 1022 1325 Europam
1040 1285 1299 1326 temperatam
1312 1310 1338 1328 ,,
1353 1282 1552 1325 imprimis
1570 1282 2035 1320 austro-occidentalem

215 1337 466 1386 inhabitant,
499 1341 607 1375 ultra
630 1334 705 1374 54⁰
719 1340 766 1375 L.
783 1340 828 1374 Β.
852 1348 934 1374 non
955 1339 1085 1375 visae.
1142 1341 1371 1375 Nonnullae
1393 1339 1437 1374 in
1459 1339 1609 1376 insulis
1632 1340 1839 1376 atlanticis
1855 1344 2038 1384 repertae

216 1394 392 1431 fuerunt.

357 1458 720 1510 &ualitates
744 1467 783 1501 et
806 1469 973 1503 usus.
1031 1465 1150 1500 Folia
1180 1473 1321 1501 amara
1352 1464 1582 1508 specierum
1615 1467 1867 1507 quarundam
1891 1466 2037 1502 leniter

215 1522 456 1568 purgantia,
488 1521 581 1556 olim
598 1522 639 1556 in
657 1522 832 1557 officinis
849 1519 1018 1557 medicis
1037 1522 1232 1557 admissa.
1281 1519 1557 1555 Globulariae
1573 1520 1762 1567 vulgaris
1779 1522 1919 1566 Linn.,
1946 1525 2045 1558 her--

214 1581 293 1615 bae
315 1578 357 1612 in
373 1579 562 1620 Europae
583 1578 738 1613 mediae
762 1581 800 1613 et
823 1578 1016 1613 australis
1033 1578 1207 1613 collibus
1225 1578 1377 1621 apricis
1395 1578 1562 1625 obviae,
1595 1578 1696 1613 folia
1714 1574 1861 1619 (Folia
1882 1576 2037 1613 Globu-

215 1632 377 1676 zariae)
397 1634 502 1669 inter
517 1635 694 1670 remedia
710 1634 928 1678 purgantia
946 1641 983 1669 et
1000 1634 1234 1670 vulneraria
1250 1638 1527 1671 numerantur.
1587 1632 1840 1668 Globularm
1855 1629 2038 1680 Alyspum

215 1690 336 1727 Linn.
361 1684 554 1734 (ἄλυπον
575 1691 711 1726 Diosc.
743 1688 933 1740 στουρέκι
956 1701 989 1727 s,
1014 1688 1141 1726 σέννα
1163 1690 1352 1737 Neogr.],
1386 1690 1571 1726 fruticuli
1594 1691 1637 1726 in
1659 1691 1858 1733 lapidosis
1875 1692 2035 1734 asperis

216 1747 395 1790 regionis
424 1747 744 1783 mediterraneae
775 1747 1020 1793 crescentis,
1052 1747 1154 1782 folia
1187 1745 1332 1790 (Folm
1351 1741 1503 1792 Azypf)
1537 1747 1664 1782 tutius
1689 1751 1883 1795 purgant,
1915 1748 2038 1784 simul

217 1803 388 1839 emetica
411 1806 449 1838 et
471 1803 513 1839 in
529 1804 694 1846 Europa
718 1803 890 1839 australi
913 1804 1101 1840 foliorum
1118 1805 1278 1841 Sennae
1293 1806 1381 1840 loco
1399 1803 1651 1840 adhibentur.
1707 1805 1818 1840 Idem
1834 1803 2039 1840 fructuum

217 1860 328 1904 apud
343 1859 651 1904 antiquissimos
668 1861 845 1896 medicos
863 1869 977 1897 usus.

701 2010 873 2056 ordo
905 2008 1078 2055 CXI).
1151 2008 1553 2067 selagineae.

358 2112 606 2159 Fratz'cale‘
637 2128 681 2158 v.
722 2113 877 2158 rarius
914 2112 1119 2169 herbae,
1152 2109 1302 2174 solies
1339 2113 1555 2168 alternis,
1602 2127 1644 2158 v.
1677 2112 1722 2157 in
1762 2112 1852 2159 ima
1891 2112 2038 2160 caulis

220 2189 353 2245 parte
386 2181 700 2244 suboppositis
731 2191 812 2228 aut
841 2183 1152 2239 fasciculatis,
1194 2183 1505 2244 simplicibus,
1545 2183 1765 2243 integris,
1804 2184 1964 2230 incisis
1995 2200 2039 2231 v.

222 2250 426 2298 dentatis
458 2261 537 2298 aut
568 2253 706 2298 etiam
739 2253 1082 2314 integerrimis,
1133 2253 1374 2299 sessilibus
1407 2269 1447 2299 v.
1481 2253 1779 2314 inpetiolum
1819 2263 2040 2316 angusta·
2079 2308 2083 2312 ι

220 2323 303 2378 tis,
337 2323 646 2385 exstipulatiS.
693 2324 865 2370 Flores
894 2323 1119 2385 perfecti,
1152 2323 1424 2386 plerumque
1456 2323 1768 2385 irregulares,
1803 2324 1849 2369 in
1883 2325 2039 2387 spicas

222 2393 491 2439 terminales
523 2393 759 2455 dispositi,
805 2394 1139 2456 approximati,
1186 2393 1519 2450 unibracteati,
1568 2394 1717 2439 rarius
1748 2395 2041 2456 paniculato-

223 2463 512 2526 corymbosi.
595 2465 751 2525 Calyce
782 2464 921 2520 liber,
971 2465 1251 2526 persistens,
1293 2463 1642 2526 gamophyllus,
1685 2465 2041 2525 spathaeformis

221 2549 271 2580 v.
312 2533 577 2591 tubulosus,
638 2533 1165 2597 tri-quinquedentatus
1211 2551 1253 2580 v.
1294 2535 1824 2597 tri-quinquepartitus,
1886 2536 2039 2582 rarius

223 2602 476 2666 diphyllus.
573 2605 770 2651 Corolla
815 2605 1120 2667 receptaculo
1175 2605 1375 2662 inserta,
1439 2605 1758 2666 gamopetala,
1820 2604 2038 2666 decidua,

220 2674 333 2720 tubo
368 2674 496 2720 brevi
527 2691 572 2721 v.
609 2675 780 2736 longO,
830 2676 1017 2736 integro
1049 2691 1094 2721 v.
1127 2676 1234 2722 hinc
1273 2675 1679 2737 longitudinaliter
1716 2676 1850 2733 fisso,
1898 2676 2038 2722 limbo

223 2743 768 2808 quadri-quinquelobo,
801 2745 1172 2802 uni-bilabiato,
1204 2763 1246 2792 v.
1282 2746 1599 2807 subregulari,
1639 2754 1855 2807 patente,
1895 2747 2038 2792 aesti-

222 2815 412 2862 vatione
445 2815 707 2862 imbricato.
781 2817 1001 2863 Stamina
1035 2817 1244 2862 corollae
1279 2816 1387 2862 tubo
1422 2817 1623 2872 inserta,
1674 2814 1881 2877 ejusdem
1923 2816 2040 2862 laci-

223 2886 312 2932 niis
359 2885 561 2943 alterna,
608 2886 788 2932 inclusa
831 2903 877 2934 v.
927 2895 1137 2943 exserta,
1185 2903 1306 2932 nunc
1354 2895 1553 2949 quatuor
1598 2883 1869 2948 didynama,
1918 2903 2037 2934 nunc

224 2955 404 3002 duobus
449 2957 616 3003 anticis
662 2956 886 3003 abortivis
939 2955 1056 3013 duo3
1104 2956 1379 3018 filamentc's
1430 2955 1744 3013 filiformibus,
1807 2956 2038 3004 interdum

223 3025 536 3083 brevissimis,
600 3027 818 3073 anthemis·
868 3025 1262 3082 unilocularibus‚
1327 3026 1499 3072 erectis
1551 3042 1596 3072 v.
1647 3027 2036 3085 incumbentibus,

224 3097 343 3143 rima
387 3095 717 3158 longitudinali
764 3095 1131 3142 dehiscentibus.
1224 3098 1424 3145 Germe-n
1470 3095 1690 3154 liberum,
1752 3097 2033 3146 biloculare.

230 3168 499 3214 Gemmalae
528 3167 574 3212 in
607 3166 774 3213 loculis
806 3166 1071 3223 solitariae,
1118 3181 1178 3212 ex
1208 3166 1343 3229 apice
1377 3167 1593 3213 cavitatis
1624 3166 1879 3230 pendulae,
1925 3184 2038 3215 ana-

222 3246 407 3300 tropae.
481 3237 646 3299 Stylas
675 3237 955 3294 terminalis,
989 3237 1210 3299 simplex,
1252 3239 1428 3298 stagnea
1460 3237 1730 3294 indivisum,
1773 3238 2036 3301 subeapita-

229 3316 336 3353 tum.
408 3309 636 3355 Achenia
667 3307 781 3364 duo,
819 3322 1166 3370 monosperma,
1208 3307 1533 3365 cohaerentia,
1575 3309 1838 3355 maturitate
1870 3316 2035 3371 sponte

227 3376 528 3436 secedentia,
579 3378 791 3442 aequalia
823 3395 866 3426 v.
902 3378 1193 3440 inaequalia,
1241 3377 1436 3425 alterum
1477 3379 1646 3435 minus,
1692 3389 1843 3442 aeque
1879 3378 2036 3424 fertile

228 3463 270 3494 v.
310 3448 494 3506 sterile,
542 3447 872 3507 laminfforme,
921 3448 1064 3496 fertili
1101 3447 1394 3512 applicitum,
1441 3447 1668 3497 interdum
1715 3449 1853 3512 plane
1898 3447 2037 3494 abor-
