2147 3756
954 121 1074 171 499

99 308 276 344 ceasque
301 298 590 344 quodammodo
621 296 801 348 accedit,
832 297 1022 335 naturaie
1049 294 1156 333 inter
1177 296 1356 344 classes,
1384 288 1498 332 ’altas
1521 294 1594 332 vix
1617 297 1924 343 comparandam,

96 357 321 396 vinculum.
337 368 341 372 ’

213 419 644 478 Geographia.
704 425 867 463 Ordinis
896 423 1018 461 unico
1050 434 1197 469 genere
1226 420 1505 466 comprehensi
1535 423 1654 458 sedes
1683 422 1725 458 in
1754 424 1923 460 Africae

39 491 41 493 ’
97 485 369 530 promontorio
386 485 575 520 australi.
633 483 921 519 Paucissimae
939 481 1097 525 species
1115 492 1136 517 e
1151 488 1366 516 numeroso
1382 481 1531 523 populo
1548 480 1722 515 ulterius
1741 489 1922 525 evagan-

97 546 182 591 tur,
214 542 257 578 in
275 541 439 585 regione
458 541 757 577 mediterranea
773 540 869 575 etin
884 541 999 575 Nova
1015 538 1237 574 Hollandia-
1252 536 1527 579 extratropica
1543 539 1789 572 crescentes.

240 606 606 659 Qualitates
631 614 669 648 et
691 616 860 650 usus.
919 610 1128 645 Plurimae
1149 611 1196 643 ob
1214 608 1354 643 florum
1371 609 1494 643 decus
1511 606 1750 642 mortalibus
1767 610 1921 654 gratae,

94 672 293 713 quaedam
319 670 589 712 qualitatibus
613 669 750 704 utiles.
818 669 954 702 Herba
977 673 1174 710 succosa,
1206 665 1386 711 salibus,
1412 663 1610 706 imprimis
1633 664 1763 699 calcis
1788 664 1924 699 oxali-

93 735 188 772 cae,
220 727 330 763 foeta
353 719 434 772 est,
468 728 757 761 nonnullarum
773 725 930 760 fructus
945 723 1087 764 sapide
1107 722 1248 756 dulces
1265 725 1379 766 sunt,
1410 721 1560 756 virtute
1577 719 1815 756 affinitatem
1833 730 1924 756 cum

92 783 306 821 Aizoideis
325 787 361 819 et
379 783 542 819 cacteis
559 782 831 817 confirmante,
891 775 1320 823 silesembrjesantlcemi
1340 775 1587 823 crystallini
1600 777 1740 823 1„inn.,
1773 779 1923 812 herbae

93 828 319 886 canensis,⁴
342 849 450 874 nunc
470 850 538 881 1161·
555 838 716 873 insulas
733 835 934 872 Canarias
951 840 987 870 et
1007 828 1210 878 regionem
1227 834 1563 870 mediterraneam
1581 834 1774 879 diffusae,
1800 836 1921 876 plan-

95 900 160 932 tae
192 897 324 939 gelido
356 895 474 937 quasi
507 904 596 929 rore
627 895 702 929 sub
735 891 883 927 fervidi
914 891 1015 927 solis
1040 891 1168 926 radiis
1193 891 1382 936 rigentis,
1415 891 1518 926 mira
1543 891 1685 927 facies.
1745 891 1922 926 Succum

92 953 333 988 diureticum
364 950 597 996 perhibent,
638 954 758 991 atque
788 949 829 983 in
861 950 1042 991 hydrope
1073 952 1109 982 et
1141 948 1302 990 hepatis
1333 948 1596 990 passionibus
1627 948 1921 983 commendant.

90 1008 366 1045 Canarienses
404 1016 456 1042 ex
492 1008 568 1041 hac
610 1005 750 1048 specie
780 1006 927 1040 Sodam
958 1004 1210 1040 alicantinae
1243 1006 1444 1039 aemulam
1477 1008 1640 1050 parant;
1678 1004 1849 1040 eandem
1878 1004 1922 1040 in

89 1065 280 1108 Aegypto
298 1074 319 1099 e
337 1059 768 1108 ltresembryanthemz·
781 1061 939 1106 captim·
952 1061 1071 1097 Linn.
1090 1064 1125 1096 et
1144 1058 1572 1105 Jlesembrgsantheme*
1585 1057 1788 1107 uodg'slorz'
1800 1061 1921 1096 Linn.

89 1121 297 1156 cineribus
321 1120 523 1167 obtinent,
556 1116 613 1154 Μ.
628 1114 830 1165 nodfflori
845 1118 885 1153 in
904 1118 1186 1161 praeparando
1211 1127 1368 1160 quoque
1385 1118 1494 1152 corio
1511 1127 1685 1161 magnus
1703 1119 1810 1161 apud
1829 1120 1922 1153 Ma-

87 1186 286 1213 roccanos
303 1186 404 1212 usus
422 1180 495 1212 est.
528 1171 966 1221 Mesembrycmtleemz'
983 1169 1273 1221 geniculq'slori
1291 1175 1411 1210 Linn.
1432 1174 1542 1209 foliis
1561 1173 1919 1223 deserti-Africani

90 1236 257 1271 accolae
280 1234 386 1268 inter
409 1235 557 1269 herbas
582 1236 793 1269 oleraceas
810 1236 997 1277 utuntur,
1031 1242 1052 1267 e
1076 1231 1303 1266 seminibus
1320 1230 1496 1266 farinam
1513 1230 1683 1267 faciunt.
1741 1229 1920 1266 Mesem-

89 1287 362 1337 brytmtltemi
384 1288 517 1325 edulis
540 1290 658 1325 Linn.
683 1290 884 1326 fructibus
907 1288 1170 1325 flciformibus
1188 1287 1424 1323 Hottentotti
1445 1292 1678 1324 vescuntur.
1738 1286 1918 1322 Mesem-

88 1344 361 1394 bryantleemi
387 1344 593 1381 emat-cidi
620 1349 776 1383 Thunb.
809 1345 910 1381 folia
944 1346 1076 1381 variis
1113 1347 1344 1388 plantarum
1384 1344 1524 1380 succis
1561 1344 1725 1380 condita
1752 1344 1921 1380 Africae

88 1405 287 1441 australis
319 1406 581 1440 autochtones
611 1403 831 1439 masticare
861 1405 1012 1449 solent,
1046 1401 1346 1445 aliquantulum
1378 1402 1607 1447 narcotica,
1638 1401 1788 1437 virtute
1810 1401 1920 1436 veri-

88 1461 280 1498 similiter
302 1470 325 1497 a
349 1461 595 1497 substantiis
617 1460 845 1504 peregrinis
868 1461 1081 1503 pendente.
1140 1456 1570 1503 Mesembrymeehemi
1595 1456 1778 1505 Tre‘polie·
1798 1458 1918 1495 Linn.

88 1521 286 1563 capsulae
301 1518 624 1563 hygroscopicae
641 1516 807 1561 (Flores
824 1515 1029 1562 candiae]
1047 1516 1090 1552 in
1106 1516 1381 1553 mercimoniis
1398 1520 1507 1553 sunt.

510 1655 682 1729 ordo
708 1681 987 1729 ccvnl.
1043 1681 1492 1728 Portulaeeae·.

225 1785 422 1833 Herbac
454 1802 635 1833 annuae
667 1802 710 1832 v.
735 1801 994 1849 perennes,
1026 1800 1169 1848 saepe
1201 1781 1547 1847 szffrute'cosae
1577 1778 1916 1845 v.fi²utesccn·

89 1863 181 1914 tes,
228 1857 381 1903 rarius
413 1854 656 1918 frutices,
705 1857 841 1903 caule
881 1857 1116 1920 ramisque
1158 1855 1362 1913 diffusis,
1410 1853 1642 1902 teretibus
1682 1870 1722 1900 v.
1763 1854 1915 1900 rarius

85 1927 343 1990 angulatis,
376 1927 499 1990 pube
532 1928 680 1986 nulla,
715 1945 837 1975 nunc
869 1928 1096 1991 simplici,
1137 1928 1289 1974 rarius
1322 1924 1507 1973 stellata
1537 1942 1585 1972 v.
1622 1940 1912 1988 compressa,

84 1997 417 2046 biacuminata.
492 2000 633 2046 Folia
666 1999 848 2046 alterna
877 2016 920 2046 v.
954 1998 1264 2062 subopposita
1295 2006 1343 2043 61
1374 1997 1473 2044 basi
1508 2004 1729 2054 connata,
1762 1996 1913 2042 forma

83 2070 244 2127 varia,
301 2086 487 2133 semper
531 2071 863 2132 integerrima,
921 2070 1022 2134 plus
1069 2071 1217 2116 minus
1263 2084 1486 2126 carnosa,
1543 2068 1809 2124 uninervia,
1862 2083 1909 2112 v.

84 2140 453 2205 parenchymate
501 2156 702 2187 carnoso
749 2157 943 2189 nervum
989 2150 1178 2188 tenuem
1222 2148 1418 2202 tegente
1465 2139 1680 2196 enervia,
1727 2138 1912 2195 avenia,

84 2212 269 2259 sessilia
299 2229 342 2259 v.
376 2211 587 2259 breviter
616 2212 863 2275 petiolata.
936 2213 1159 2274 Stz'pulae
1190 2210 1346 2257 nullae
1378 2219 1458 2257 aut
1488 2210 1733 2267 laterales,
1772 2208 1914 2256 subu-

84 2282 234 2340 latae,
303 2292 551 2340 setaceae,
612 2282 845 2330 interdum
905 2283 1212 2341 fimbriatae,‘
1253 2281 1491 2329 rarissime
1551 2281 1802 2339 axillares,
1865 2280 1912 2326 in

82 2353 281 2417 pilorum
326 2370 369 2401 v.
416 2363 620 2401 setarum
667 2354 923 2401 fasciculos
969 2354 1178 2418 solutae,
1236 2370 1356 2400 1111116
1404 2352 1909 2408 scarioso-foliaceae,

84 2423 325 2486 integrae,
372 2424 486 2470 folia
531 2424 763 2471 velantes.
846 2426 1019 2471 Floras
1063 2424 1290 2487 perfecti,
1338 2424 1607 2486 regulareS,
1655 2424 1698 2470 in
1749 2438 1909 2486 cymas

85 2494 354 2540 terminales
384 2511 427 2541 v.
460 2495 706 2552 axillares,
740 2495 1106 2557 simplicissimas
1137 2511 1178 2542 v.
1214 2493 1410 2552 divisas,
1443 2493 1676 2541 interdum
1707 2493 1910 2540 racemi-

83 2565 259 2610 formes
291 2581 333 2611 v.
365 2565 678 2611 fasciculatim
718 2574 796 2612 aut
832 2565 1118 2612 umbellatim
1158 2573 1429 2612 contractas
1471 2563 1710 2627 dispositi,
1756 2565 1910 2610 rarius

85 2635 308 2692 Solitarii,
356 2635 628 2682 terminales
673 2652 716 2683 v.
764 2636 1007 2694 axillares,
1058 2636 1224 2700 sparsi.
1317 2636 1476 2698 Calyoe
1519 2635 1622 2682 basi
1666 2633 1817 2682 nudus
1862 2651 1906 2680 v.

83 2704 315 2752 interdum
346 2706 692 2764 bracteolatus,
739 2706 861 2754 liber
890 2724 937 2755 v.
971 2707 1084 2754 tubo
1118 2723 1221 2753 cum
1254 2707 1466 2768 germine
1500 2715 1753 2763 connatus,
1800 2721 1909 2770 per-

82 2778 253 2824 sistens
305 2793 350 2823 v.
398 2775 648 2834 deciduus,
709 2775 943 2841 diphyllus
996 2794 1040 2824 v.
1086 2776 1502 2841 bi-quinquefidus
1553 2785 1634 2824 aut:
1685 2776 1905 2840 partitus,

81 2847 258 2894 foliolis
289 2864 334 2895 v.
370 2847 554 2894 laciniis
586 2849 897 2895 aestivatione
929 2848 1210 2905 imbricatis,
1257 2848 1408 2912 planis
1439 2856 1518 2895 aut
1548 2846 1782 2894 interdum
1824 2863 1906 2894 cu-

84 2918 292 2976 cullatis,
340 2919 462 2965 intus
501 2919 777 2982 saepissime
818 2919 1068 2977 coloratis,
1116 2919 1317 2982 integris
1354 2935 1399 2965 v.
1439 2934 1767 2981 nonnunquam
1806 2917 1905 2964 fim-

82 2987 464 3036 briato-laceris·
545 2991 742 3037 Corolla
773 2991 1046 3054 saepissime
1078 2990 1228 3048 nulla,
1278 3006 1400 3036 nunc
1431 2990 1591 3052 petala
1624 2997 1825 3052 quatuor
1852 3005 1902 3036 v.

82 3075 192 3120 sex,
239 3060 477 3107 rarissime
515 3061 671 3124 plura,
719 3061 812 3108 imo
854 3061 1007 3126 calyci
1052 3062 1252 3118 inserta,
1301 3060 1524 3107 distincta
1568 3061 1668 3107 sive
1714 3059 1904 3106 basibus

82 3130 185 3193 plus
217 3131 364 3176 minus
397 3131 596 3188 coalita,
630 3133 909 3190 tenerrima,
942 3131 1189 3179 admodum
1221 3133 1371 3194 fluxa,
1405 3148 1515 3177 mox
1545 3129 1757 3195 apicibus
1791 3147 1905 3177 con-

81 3209 228 3258 torta,
262 3200 870 3263 gelatinoso-conssuentia.
922 3205 1146 3251 Stamina
1176 3203 1484 3267 receptaculo
1515 3219 1559 3249 v.
1593 3202 1771 3266 calycis
1801 3200 1905 3248 basi

81 3280 160 3318 aut
200 3271 312 3317 tubo
345 3272 544 3329 inserta,
593 3289 716 3320 nunc
750 3273 966 3333 definita,
1016 3275 1194 3338 calycis
1226 3274 1414 3320 laciniis
1447 3289 1640 3321 numero
1672 3272 1903 3336 aequalia,

81 3350 130 3388 61
160 3350 270 3388 111116
302 3357 490 3405 semper
519 3341 685 3390 iisdem
716 3345 923 3402 alterna,
969 3362 1012 3393 v.
1047 3343 1188 3408 dupla
1218 3353 1297 3391 aut
1333 3345 1494 3407 tri-pla,
1540 3344 1778 3391 rarissime
1818 3360 1904 3391 nu-

81 3428 210 3459 mero
242 3412 443 3475 simplici
473 3415 725 3476 pauciora,
759 3432 882 3463 1111116
913 3415 1180 3473 indefinita,
1214 3416 1540 3479 pluriseriata,
1576 3416 1750 3462 extima
1781 3430 1901 3461 sem-

79 3498 167 3547 per
190 3483 378 3547 petalis,
413 3481 517 3531 dum
542 3483 732 3544 adsunt,
765 3487 1004 3551 opposita,
1038 3495 1087 3536 ct
1117 3502 1279 3535 eorum
1311 3485 1545 3550 unguibus
1576 3480 1900 3545 adhaerentia,

1449 3567 1556 3622 32*
