2147 3756
1030 201 1032 206 .
1089 151 1206 199 25ss

974 225 1205 234 ——N--..—.„-
1216 231 1222 233 r
1236 230 1240 233 ,
1273 229 1319 234 -.,...

238 336 386 380 foetas,
417 339 521 374 quae
551 328 600 364 ad
624 325 783 361 viscum
814 323 1037 366 parandum
1062 321 1309 368 inserviunt,
1343 325 1380 357 et
1403 322 1612 358 masticari
1634 325 1787 365 solent,
1819 325 1924 361 inter
1944 327 2051 363 anti-

236 389 456 436 quissimas
481 387 679 422 adversus
703 381 896 417 'Faeniam
919 378 1143 414 medicinas
1167 377 1411 414 nominatae.
1470 379 1664 415 Radicem
1689 385 1887 416 recentem
1904 383 2048 419 hestiis

234 453 271 485 et
294 444 448 482 homini
470 444 711 478 venenatam
736 438 921 479 credunt,
954 436 1091 469 florum
1109 437 1416 476 receptaculum
1434 443 1648 471 carnosum
1663 439 1783 472 melle
1799 441 1837 471 et
1852 441 2047 474 sacchar-0

231 503 434 541 conditum
457 497 689 535 comeditur.
739 491 858 526 Casti
879 490 1054 526 radicem
1071 485 1270 536 amaram,
1297 491 1456 532 quaein
1475 491 1648 528 officinis
1664 496 1836 539 prostat,
1869 504 1890 529 e
1906 497 2048 537 planta

230 559 399 598 arabica
413 553 627 600 propinqui
645 550 834 586 Car-linae
850 547 1011 591 generis
1026 549 1191 592 lectam,
1223 547 1491 582 recentiorum
1508 547 1670 592 plurjmi
1693 553 1836 591 putam
1884 548 2046 584 Cardo-

224 610 325 664 Ρὰιὶ
339 610 577 659 corymbosz'
590 610 699 643 JUSS.
716 608 881 649 plantae
897 603 1217 639 mediterraneae
1234 603 1353 638 radix
1369 603 1559 639 Carlinae
1574 604 1760 640 virtutem
1777 608 2017 642 aemulatur.

371 682 587 729 Cynarae,
621 676 780 721 generis
801 673 1107 719 mediterranei,
1139 675 1278 715 plures
1301 673 1460 717 species
1483 676 1631 710 herbae
1658 682 1803 716 sapore
1833 676 2046 712 admodum

227 750 365 780 amaro
383 744 419 776 et
436 738 584 774 virtute
601 732 799 768 diuretica
816 730 1072 766 conveniunt.
1109 731 1338 766 Nonnullae
1354 730 1396 766 in
1411 730 1540 765 hortis
1557 733 1690 766 cultae
1705 731 1810 766 inter
1823 732 2043 768 lautiorum

226 798 398 836 delicias
439 797 559 829 notae
595 793 702 838 sunt.
787 786 985 832 Gyaro-ae
1022 783 1207 831 Seolymz·
1241 785 1360 822 Linn.
1399 784 1674 833 (Artichaud,
1711 781 1953 835 Σκόλυμος,
1990 797 2043 824 ex

225 853 466 899 aegyptiaco
497 841 669 890 σκόλμες
701 847 935 889 aculeatus,
966 837 1228 892 σκόλυμβρος
1251 843 1341 878 sive
1361 834 1659 894 ἀσκόλυμβρος
1681 845 1826 888 Neogr.
1857 844 2045 881 I-Iurshuf

222 910 373 954 Asab]
390 906 570 950 capitula
582 902 767 947 juniora,
791 899 986 945 Qzflcarae
1000 897 1271 934 Cardzmcelle·
1283 900 1401 935 Linn.
1421 898 1626 944 (Carrion)
1645 900 1784 944 petioli
1801 904 1840 936 et
1855 899 2043 937 foliorum

223 971 378 1011 costae,
410 963 518 1000 lucis
535 959 762 1004 privatione
780 960 899 993 albae
915 957 1190 992 comeduntur.

357 1037 468 1071 Inter
489 1032 698 1074 Cynareas
728 1027 940 1063 tinctorias
966 1022 1195 1060 cartham·
1215 1024 1410 1061 tinctor&
1428 1025 1549 1063 Linn.
1579 1020 1761 1072 (κνίκος)
1786 1029 1951 1070 plantae
1973 1026 2040 1064 in-

220 1095 355 1139 dicae,
395 1092 556 1126 cultura
584 1085 787 1122 latissime
816 1086 1084 1127 propagatae,
1129 1082 1325 1124 primaria
1351 1085 1446 1119 laus
1475 1086 1548 1119 est.
1622 1083 1809 1119 corollae
1842 1082 2037 1129 [Samot]

219 1146 451 1187 substantia
472 1146 677 1181 colorante
700 1140 874 1187 duplici,
907 1139 993 1175 alia
1016 1138 1123 1174 flava
1145 1139 1368 1181 peculiaris
1391 1139 1542 1174 indolis
1566 1141 1689 1175 rubra
1714 1137 2035 1186 (Carchamina,

215 1209 338 1250 vulgo
370 1202 513 1249 Rouge
542 1196 728 1245 vetegal)
768 1197 920 1243 foetae,
955 1198 1083 1232 multo
1113 1196 1348 1231 commercio
1378 1195 1735 1238 circumferuntur,
1774 1204 1800 1231 a
1829 1195 2037 1234 veteribus

216 1264 339 1300 etiam
360 1261 464 1297 inter
481 1257 705 1295 medicinas
727 1257 948 1298 purgantes
965 1251 1184 1288 adhibitae.
1242 1251 1437 1288 Persicae
1452 1251 1599 1287 mercis
1614 1251 1794 1287 maxima
1809 1257 1871 1288 est
1885 1252 2033 1297 digna-

215 1321 290 1366 tio,
341 1315 582 1359 hispanicae
610 1316 649 1349 et
679 1309 973 1348 alexandrinae
1006 1306 1222 1351 (Helladi)
1254 1309 1460 1345 secundas
1496 1307 1698 1354 tribuunt,
1740 1308 2034 1352 philippinicae

214 1373 510 1420 (CassombaJ,
541 1369 803 1411 mexicanae,
835 1365 1032 1411 gallicae,
1065 1364 1323 1408 germanicae
1352 1368 1389 1400 et
1418 1363 1672 1408 hungaricae
1700 1364 1836 1400 minus
1860 1365 2032 1408 pretium

213 1436 288 1469 est.
333 1428 488 1466 Coloris
505 1427 548 1462 in
564 1425 752 1469 tingendo
770 1431 902 1466 panno
921 1422 1076 1457 sericeo
1092 1421 1280 1463 frequens
1298 1431 1418 1467 usus,
1442 1430 1517 1455 nec
1532 1420 1700 1460 minima
1716 1422 1824 1463 apud
1839 1421 2032 1458 mulieres

212 1487 344 1534 gratia
374 1488 457 1530 est,
489 1492 593 1526 quae
623 1481 726 1517 scite
757 1482 807 1515 ab
838 1478 1034 1520 Hispanis
1063 1480 1311 1520 praeparata
1341 1476 1604 1512 Carthamina
1633 1475 1781 1520 [vulgo
1810 1474 1950 1523 Rouge
1980 1486 2031 1512 en

200 1541 396 1594 fenilles,
429 1539 569 1585 Ronge
593 1535 848 1582 d’Espagne)
874 1536 1076 1577 pallentes
1100 1542 1227 1577 genas
1251 1536 1288 1568 et
1318 1534 1505 1568 decolora
1532 1532 1646 1568 labia
1673 1533 1906 1580 pingentes,
1937 1543 2030 1577 per-

213 1604 372 1645 petuam
388 1598 644 1641 juventutem
668 1598 706 1629 et
727 1592 945 1628 sanitatem
962 1590 1121 1625 mentiri
1136 1599 1258 1633 posse
1273 1592 1429 1631 putant.
1487 1589 1755 1624 Placentulas
1773 1591 1910 1625 alvum
1925 1593 2029 1626 mol-

208 1659 376 1700 lientes,
417 1651 624 1690 Carthami
654 1650 819 1686 floribus
848 1646 1073 1683 medicatas
1102 1645 1364 1681 Dioscorides
1395 1649 1687 1681 commemorat.
1745 1646 1954 1688 Frequens
1982 1646 2027 1682 in

209 1712 403 1749 ornandis
417 1710 597 1754 jucundo
614 1709 749 1742 colore
766 1704 870 1740 cibis
888 1702 1005 1740 Croci
1026 1704 1116 1738 loco
1140 1712 1252 1738 usus.
1297 1702 1397 1737 Cum
1419 1701 1584 1737 floribus
1605 1698 1871 1736 Centaureae
1890 1700 2029 1748 Cyane·

172 1813 182 1815 ⁴
206 1771 326 1806 Linn.
351 1762 669 1810 monimum),
700 1762 847 1805 quibus
868 1760 1058 1797 virtutem
1081 1758 1322 1794 diureticam
1342 1757 1531 1794 nonnulli
1555 1756 1753 1804 tribuunt,
1785 1758 2026 1796 suffimentis

207 1830 244 1863 et
261 1824 453 1862 morsulis
470 1821 671 1857 admixtos
686 1818 877 1854 vidimus.
936 1817 1111 1851 Fructus
1128 1814 1333 1850 Carthami
1349 1814 1497 1858 [vulgo
1515 1811 1654 1849 Graia
1669 1811 1718 1848 de
1734 1811 2021 1862 Perroquets]

205 1883 399 1928 purgant,
430 1880 473 1915 in
488 1878 669 1913 icteroet
683 1876 862 1917 hydrope
878 1872 974 1908 olim
991 1870 1271 1907 commendati.

346 1932 598 1988 serraculum
630 1929 858 1966 &iucem-iae
887 1929 1007 1964 Linn.
1037 1930 1204 1970 plantae
1232 1926 1428 1964 nostratis
1459 1926 1561 1963 folia
1584 1929 1757 1964 colorem
1779 1927 1950 1977 flavum,
1983 1932 2023 1965 et

205 1994 382 2034 admixto
398 1993 532 2028 indico
551 1989 721 2025 viridem
737 1989 951 2030 praebent,
982 1987 1109 2020 herba
1124 1987 1162 2019 et
1177 1984 1296 2020 radix
1311 1984 1418 2019 inter
1433 1986 1595 2019 exoleta
1609 1986 1843 2026 pharmaca.

349 2045 625 2091 Calendalae,
656 2047 805 2081 herbae
833 2042 1173 2087 mediterraneae,
1206 2050 1297 2076 cum
1324 2040 1479 2084 plantis
1504 2040 1746 2083 quibusdam
1769 2040 2018 2083 capensibus

203 2107 407 2152 propriam
442 2105 547 2140 inter
580 2103 790 2145 cynareas
829 2098 1056 2135 subtribum
1091 2097 1280 2133 formant.
1354 2094 1587 2130 Calendala
1625 2092 1861 2145 officinalis
1896 2097 2017 2134 Linn.

204 2159 870 2210 Crodtenblume„Ringelblume,
902 2154 1025 2190 Souci
1055 2155 1126 2189 des
1150 2151 1336 2196 jardins]
1366 2152 1409 2189 in
1439 2153 1682 2189 rusticorum
1710 2153 1837 2189 hortis
1861 2152 2018 2198 passim

201 2225 313 2265 sata,
351 2211 539 2261 vulgaris
575 2214 744 2250 notitiae
780 2215 859 2258 est,
898 2210 1131 2247 substantia
1163 2209 1464 2252 mucilaginosa
1491 2217 1631 2245 amara
1663 2200 2015 2255 (Ualentinum),

200 2278 360 2315 salibus
376 2274 505 2310 variis
522 2276 558 2308 et
573 2271 742 2307 minima
757 2267 836 2304 olei
853 2266 1029 2303 aetherei
1045 2265 1226 2309 portione
1241 2265 1367 2311 foeta,
1401 2265 1497 2300 olim
1512 2265 1617 2301 inter
1632 2266 1810 2301 remedia
1826 2267 2016 2310 aperien-

201 2335 277 2380 gia,
311 2329 576 2376 resolventia,
609 2325 825 2364 sudorifica
854 2323 1046 2369 celebris,
1078 2331 1209 2365 nuper
1236 2321 1280 2357 in
1309 2321 1508 2357 sanandis
1533 2321 1738 2358 ulceribus
1762 2322 2014 2358 carcinoma-

198 2391 299 2426 tosis
316 2386 605 2423 commendata.
639 2384 781 2418 Flores
795 2382 906 2416 mala
921 2380 1064 2415 fraude
1079 2377 1441 2415 Arnicae‘floribus
1458 2377 1745 2414 admiscentur,
1779 2375 2013 2413 Calendula
2035 2422 2040 2423 ⁷

197 2443 391 2481 arcensis
413 2442 531 2480 Linn.
562 2435 1051 2484 [Calendulasylvestris
1076 2433 1213 2479 onie.)
1237 2434 1282 2470 in
1303 2436 1468 2478 Europa
1489 2434 1624 2470 media
1646 2438 1789 2481 sponte
1805 2444 2010 2483 crescenS,

194 2506 361 2547 plantae
378 2497 556 2535 hortensi
573 2496 766 2548 qualitate
782 2493 979 2536 proxima.
1084 2501 1088 2504 ·

335 2550 720 2601 Labz'at2fl07·arum
741 2552 858 2587 nulla
879 2549 923 2584 in
939 2547 1110 2584 officinis
1126 2550 1207 2594 est,
1233 2548 1281 2583 de
1297 2546 1563 2590 qualitatibus
1579 2546 1653 2583 vix
1666 2545 1884 2590 quidquam
1902 2556 2009 2584 com-

193 2614 293 2660 peri.
350 2611 573 2647 Prz'nlzr‘ae
596 2607 863 2643 aromaticae
886 2607 1001 2641 Less.
1027 2603 1218 2647 capensis
1243 2603 1342 2639 folia
1365 2603 1521 2640 colonis
1542 2606 1679 2647 potum
1695 2605 1872 2639 theatum
1888 2608 2009 2647 prae-

192 2676 305 2717 bere3
337 2666 581 2704 Aaandriae
598 2661 833 2700 discoideae
847 2664 962 2699 Less
981 2661 1082 2696 folia
1096 2659 1571 2704 mucilagInoso-amara
1585 2659 1627 2695 in
1643 2661 1804 2695 modum
1820 2659 2008 2697 foliorum

189 2728 388 2765 Farfarae
410 2727 518 2769 apud
543 2724 664 2758 Sinas
687 2719 889 2766 adhiberi,
927 2715 1118 2752 Trim'dz's
1141 2715 1504 2753 brasilz'ensz'stC.
1528 2717 1734 2752 decoctum
1756 2716 1800 2751 in
1815 2715 2008 2753 America

190 2787 388 2822 adversus
419 2784 714 2818 menstruorum
742 2784 957 2813 excessum
987 2772 1215 2820 propinari,
1261 2775 1433 2808 relatum
1463 2775 1536 2808 est.
1593 2774 1704 2808 Inter
1731 2772 1936 2808 chilenses
1965 2776 2006 2808 et

187 2848 392 2885 pel‘uanas
423 2841 559 2882 plures
591 2836 634 2871 in
655 2836 813 2871 modum
832 2832 1110 2867 fruticulorum
1134 2829 1392 2875 alpestrium,
1423 2827 1692 2874 aromaticae,
1723 2827 1802 2863 olei
1826 2827 2004 2863 aetherei

189 2901 227 2934 et
244 2897 404 2933 resinae
420 2896 529 2930 haud
545 2895 743 2935 expertes.
781 2885 1054 2924 Mose-Icariae
1063 2881 1350 2931 pz'nnalv'fidae
1363 2885 1471 2920 Ruiz
1488 2888 1524 2920 et
1541 2885 1641 2920 PaV.
1659 2886 1808 2919 herbae
1824 2892 2000 2929 annuae,

186 2957 270 2990 late
286 2961 357 2996 per
373 2951 584 2987 Chilenum
602 2956 713 2982 oram
728 2946 916 2990 diffusae,
935 2945 1033 2978 odor
1046 2943 1292 2977 moschatus.
1336 2937 1534 2974 Floto-m'a
1549 2936 1869 2974 de'acantlem'des
1882 2941 2000 2977 Less.

188 3010 312 3054 (Palo
341 3006 513 3051 blanco)
545 3007 664 3041 arbor
693 3002 736 3038 in
767 2999 900 3044 sylvis
922 2997 1227 3035 Antucensibus
1258 2995 1392 3032 trunci
1419 2995 1700 3040 magnitudine
1729 2999 1768 3032 et
1790 2995 1895 3040 ligni
1915 2996 1999 3032 albi

187 3065 333 3103 duritie
347 3063 538 3107 insignis.
1297 3088 1300 3089 γ
1723 3096 1727 3098 ῃ
1950 3097 1960 3102 ⁸

328 3117 612 3164 Cz’clcoraceae
650 3123 772 3153 succo
801 3114 953 3160 lacteo,
991 3118 1108 3153 quem
1135 3107 1379 3145 substantiis
1408 3107 1560 3154 variis,
1601 3108 1753 3144 amaris
1783 3107 1996 3153 imprimis,

183 3177 401 3224 resinosis,
434 3174 583 3213 salinis
621 3176 660 3208 et
683 3168 901 3207 narcoticis
933 3165 1209 3210 peculiaribus
1239 3168 1530 3209 praegnantem
1559 3164 1668 3200 intra
1696 3173 1801 3201 vasa
1830 3164 1997 3216 propria

182 3238 353 3281 vehunt,
384 3231 575 3268 virtutem
590 3229 753 3274 debent,
783 3234 856 3269 pro
871 3223 990 3260 varia
1006 3222 1152 3259 secreti
1168 3221 1305 3256 laticis
1321 3222 1493 3257 miscela
1508 3221 1678 3256 variam.
1723 3221 1996 3256 Plurimarum

181 3294 308 3327 herba
326 3289 464 3333 junior
485 3290 578 3323 ante
600 3286 804 3329 peractam
829 3279 974 3318 secreti
998 3279 1273 3314 formationem
1295 3277 1467 3312 innocue
1490 3276 1624 3313 edulis
1648 3279 1687 3312 et
1710 3276 1848 3320 gustui
1865 3279 1994 3320 grata,

181 3351 219 3383 et
240 3347 335 3389 ipsa
357 3345 583 3388 specierum
606 3341 828 3378 secundum
850 3335 1060 3372 crescendi
1081 3335 1239 3370 modum
1262 3337 1300 3369 et
1322 3327 1525 3370 diversam
1548 3333 1801 3376 singularum
1817 3332 1993 3375 partium

179 3402 450 3439 evolutionem
473 3400 637 3435 diversa
651 3396 804 3437 virtus,
835 3401 938 3436 quae
954 3392 1075 3427 etiam
1090 3400 1170 3425 non
1186 3388 1293 3424 omni
1308 3389 1407 3425 anni
1423 3393 1598 3433 tempore
1614 3389 1754 3424 eadem
1770 3389 1990 3431 deprehen-

179 3458 306 3504 ditur,
343 3457 540 3493 medicam
568 3457 799 3499 plantarum
827 3448 1086 3492 qualitatem,
1124 3447 1288 3482 iliarum
1318 3445 1538 3492 imprimis,
1576 3453 1679 3487 quae
1707 3453 1829 3481 succo
1857 3445 1990 3479 lacteo

178 3517 382 3550 salutares
412 3515 525 3558 suut,
557 3521 607 3549 ex
638 3507 825 3546 examine
853 3514 960 3543 mere
982 3502 1162 3540 chemico
1185 3503 1292 3539 haud
1313 3510 1435 3548 posse
1457 3500 1691 3548 dijudicari,
1723 3501 1794 3538 sed
1816 3508 1988 3544 perpen-
