2147 3756
191 289 311 327 ¹045).
337 289 499 325 juncus
521 285 608 322 μς.
1204 290 1246 319 ,6.
1274 276 1522 322 Cephal-oxyn·
1537 279 1645 313 Uest).

273 348 311 370 α.
337 336 481 369 sum-us
503 336 608 368 Meso.
1130 330 1251 366 1050.
1283 331 1542 365 Narthecium
1557 328 1727 366 'Moelitn

428 378 640 419 Rostkovia
658 377 766 412 Desv.
1368 378 1510 412 Abanta
1525 380 1672 414 Accaus.

273 420 307 455 b.
333 420 722 466 Marsippospermum
739 421 848 455 Deru.
1146 425 1149 428 ’
1236 423 1240 432 ’
1583 427 1604 433 ““
1628 427 1631 433 '

245 508 570 553 Affinita-S.
609 515 631 550 J
639 524 842 551 uncaceae
860 514 1170 551 coronariarum
1186 516 1331 558 agmen
1348 515 1565 556 ducentes,
1589 517 1639 549 ab
1657 513 1803 549 iisdem
1818 513 1930 556 peri-

105 572 218 615 gonii
240 577 402 609 textura
424 573 466 607 in
493 572 695 615 plerisque
717 574 933 616 glumacea
953 572 1161 617 diversae,
1192 572 1310 617 illinc
1333 571 1731 608 habitu‘Gramineas
1750 571 1931 612 Cypera-

104 639 301 677 ceasque,
348 632 430 664 tum
469 630 667 672 perigonii
707 633 786 664 tum
817 628 976 663 fructus
1006 632 1044 664 et
1084 629 1286 664 seminum
1317 632 1523 665 structura
1552 627 1856 662 diversissimas
1889 626 1931 661 in

106 687 339 722 memoriam
365 690 622 730 revocantes,
655 685 885 720 Restiaceis
910 685 1159 727 propinquae
1181 689 1296 730 sunt,
1329 684 1379 720 ab
1402 684 1547 720 iisdem
1564 686 1780 725 embryone
1797 686 1931 717 ortho-

107 747 218 786 tropo
236 744 343 778 intra
358 745 549 777 albumen
564 744 741 785 recluso,
774 741 1116 785 staminibusque,
1152 742 1245 777 dum
1262 741 1520 777 nonnisitria
1536 742 1705 785 adsunt,
1730 738 1932 782 perigenii

107 800 260 836 foliolis
290 799 558 835 exterioribus
590 798 786 840 oppositis
818 798 1020 833 diversae.
1080 799 1238 834 Genera
1269 798 1445 841 plurima
1467 797 1691 834 Juncaceis
1713 795 1930 839 manifesto

106 857 268 902 affinia,
301 856 372 891 sed
404 864 531 897 neque
563 853 606 888 in
636 854 759 896 hujus
791 854 945 888 ordinis
976 849 1282 890 contubernium
1312 855 1563 890 admittenda
1593 863 1668 890 nec
1699 852 1808 896 aptis
1831 852 1933 887 alibi

102 913 280 950 locanda
310 910 494 955 sedibus,
527 909 670 952 partim
703 911 752 946 ad
783 910 993 946 Liliaceas
1022 911 1309 954 Asphodeleas
1342 912 1556 947 transitum
1588 908 1934 955 parant„partim

103 970 227 1004 vilem
243 970 465 1003 Juncorum
487 968 742 1010 plebeculam
766 976 856 1001 cum
879 967 982 1010 ipsis
1007 967 1121 1011 regni
1136 968 1381 1012 vegetabilis
1397 968 1652 1012 principibus
1669 965 1826 1004 Palmis
1843 964 1933 1007 afti-

102 1024 245 1065 nitatis
262 1023 466 1059 naturalis
483 1023 790 1068 necessitudine
808 1024 933 1059 teneri
951 1025 1241 1064 demonstrant.

247 1087 677 1145 Geographia.
714 1094 883 1137 Species
898 1104 1140 1132 numerosae
1156 1096 1302 1139 partim
1320 1095 1361 1131 in
1378 1094 1596 1140 uliginosis
1610 1097 1649 1131 et
1666 1093 1932 1139 palustribus,

102 1152 316 1201 partimin
342 1152 523 1188 herbidis
548 1151 773 1197 montanis,
806 1152 999 1188 rariusin
1017 1153 1141 1188 siccis
1159 1153 1311 1196 apricis
1329 1154 1540 1199 degentes,
1572 1152 1750 1188 maximo
1767 1160 1933 1186 numero

101 1211 145 1247 in
162 1210 395 1256 regionibus
414 1209 647 1252 temperatis
664 1212 699 1244 et
719 1209 1017 1252 frigidiusculis
1032 1210 1341 1254 hemisphaerae
1358 1210 1536 1246 borealis
1550 1210 1792 1254 gignuntur,
1811 1208 1935 1244 etiam

101 1267 145 1304 in
169 1267 449 1311 frigidissimis
473 1265 638 1312 obviae,
669 1275 816 1301 versus
839 1271 1098 1309 aequatorem
1122 1272 1396 1313 rarescentes,
1428 1266 1535 1302 inter
1557 1267 1736 1301 circulos
1760 1265 1934 1308 tropicos

102 1315 241 1369 rarae,
273 1323 498 1359 universim
522 1323 566 1358 in
587 1323 877 1365 heniispliaera
897 1324 1232 1362 australiininus
1258 1323 1463 1367 copiosae.
1519 1325 1748 1358 Nonnullae
1765 1325 1848 1357 late
1865 1330 1936 1364 per

101 1384 298 1417 terrarum
328 1383 463 1416 orbem
494 1380 726 1427 dispersae,
772 1381 973 1422 quaedam
1003 1380 1192 1417 fortassis
1222 1380 1403 1424 inquieto
1434 1379 1667 1415 mortalium
1697 1378 1934 1414 commercio

101 1441 365 1482 propagatae.
425 1435 558 1471 Junci
573 1440 609 1472 et
635 1433 847 1483 Luzalm,
881 1438 1004 1473 etiam
1029 1437 1071 1474 in
1095 1438 1344 1474 celsissimis
1366 1437 1585 1473 Americae
1608 1440 1647 1472 et
1669 1436 1805 1472 Asiae
1819 1435 1934 1479 jugis

101 1496 239 1541 visae,
272 1494 574 1536 cosmopolitae.
635 1490 855 1527 Priamum
886 1503 1016 1537 genus
1047 1504 1242 1543 capense,
1284 1491 1562 1528 Narthecium
1594 1493 1804 1537 perigonio
1834 1495 1934 1529 sub-

103 1554 282 1588 colorato
299 1559 325 1586 a
342 1550 510 1593 reliquis
527 1550 713 1586 nonnihil
731 1551 939 1586 diversum
962 1551 1004 1587 in
1020 1553 1185 1594 Europa
1202 1555 1240 1586 et
1254 1551 1446 1587 America
1462 1551 1619 1586 boreali
1636 1549 1754 1585 vivit.

246 1615 611 1668 Qualitates
643 1624 681 1657 et
709 1626 878 1661 usus.
937 1623 1081 1657 Pauca
1113 1623 1161 1657 de
1193 1621 1461 1664 qualitatibus
1486 1622 1696 1657 u'ionenda.
1756 1620 1934 1655 Schoeni

103 1679 371 1724 oxyschoeni,
404 1687 521 1721 quem
537 1675 722 1712 Jemcum
740 1681 913 1712 acutum
928 1679 1048 1713 Linn.
1067 1679 1285 1725 credimus,
1319 1678 1494 1712 fructum
1513 1681 1658 1714 tostum
1676 1679 1819 1712 etcum
1839 1677 1933 1712 vino

104 1737 295 1781 dilutum,
327 1737 466 1770 alvum
491 1739 527 1770 et
552 1744 713 1770 menses
736 1734 901 1780 sistere,
933 1735 1094 1770 urinam
1111 1744 1293 1781 movere,
1325 1735 1398 1770 sed
1416 1734 1564 1778 capitis
1581 1734 1843 1780 gravedinem
1862 1741 1934 1768 ex-

102 1794 230 1830 citare
246 1796 451 1828 auctorem
467 1794 664 1827 habemus
682 1791 961 1826 Dioscoridem
979 1790 1060 1835 (M.
1076 1800 1128 1826 m.
1145 1792 1215 1827 IV.
1233 1790 1340 1835 52.).
1377 1788 1510 1826 Junci
1524 1787 1657 1836 effusi
1672 1793 1716 1826 L.
1730 1817 1740 1837 ,
1773 1788 1816 1825 J.
1834 1799 1933 1824 con-

98 1848 396 1898 glomeralz'11.,
408 1847 443 1883 J
443 1848 542 1882 mcci
551 1846 841 1894 glauciEnrh„
858 1847 1058 1891 imprimis
1075 1856 1170 1883 vero
1182 1844 1374 1882 Luzulae
1390 1846 1684 1895 vernalz'sDC.,
1703 1850 1937 1891 plantarum

102 1909 146 1944 in
161 1909 328 1949 Europa
344 1905 479 1942 media
495 1909 532 1941 et
550 1905 704 1941 boreali
720 1904 877 1948 passim
894 1905 1127 1951 obviarum,
1159 1906 1388 1941 rhizomata
1404 1904 1624 1950 diuretica,
1656 1907 1810 1940 multae
1826 1904 1936 1947 apud.

102 1967 262 2010 plebem
287 1966 323 1999 et
341 1966 509 2007 agyrtas
527 1963 772 1998 Germaniae
794 1962 974 1997 borealis
991 1962 1146 1998 laudis.
1204 1960 1340 1997 Junci
1356 1959 1573 1996 merev’rz'i
1586 1964 1740 1997 Schutt.
1759 1961 1877 1997 radix
1891 1960 1936 1996 in

102 2019 381 2059 Cochinchina
397 2019 647 2064 refrigerans
665 2023 700 2055 et
720 2018 920 2054 diuretica
935 2019 1126 2055 creditur.
1183 2016 1377 2054 chzzclae
1393 2018 1758 2065 campestris‘nc„
1784 2019 1826 2053 in
1844 2021 1937 2053 her-

103 2079 210 2115 bidis
227 2077 382 2121 apricis
398 2078 589 2119 Europae
607 2076 730 2112 totius
755 2075 961 2124 vulgaris,
995 2077 1194 2118 capsulae
1217 2076 1460 2112 immaturae
1484 2075 1769 2112 dulciusculae
1786 2074 1935 2119 (vulgo

103 2133 366 2177 Hasenbrod]
391 2142 417 2169 a
440 2133 575 2176 pueris
599 2132 720 2168 avide
740 2135 952 2168 vorantur.
1011 2129 1241 2167 Nartheciz·
1263 2132 1475 2182 ossifragi
1493 2133 1615 2169 Linn.
1631 2134 1758 2169 herba
1774 2130 1937 2175 [Herba

103 2192 303 2238 graminis
334 2190 532 2235 ossifragi
562 2188 748 2237 officim]
772 2190 869 2224 olim
898 2189 1006 2225 inter
1025 2189 1266 2226 vulneraria
1288 2194 1511 2234 pharmaca
1531 2189 1687 2226 habita.
1759 2190 1936 2225 Plantae

103 2250 148 2286 in
163 2251 354 2292 Europae
376 2248 534 2284 mediae
556 2250 596 2284 et
619 2246 966 2290 septemtrionalis
991 2242 1384 2295 uliginosisobviae
1401 2247 1576 2283 halitum
1590 2249 1721 2283 bobus
1737 2246 1936 2282 et‘ovibus

103 2305 400 2352 perniciosum,
430 2307 599 2341 herbam
629 2306 867 2340 devoratam
896 2312 994 2339 ossa
1022 2303 1189 2339 emolire
1209 2304 1316 2340 inter
1338 2304 1506 2347 fabulas
1528 2307 1714 2340 habetur.
1770 2305 1806 2340 E
1830 2303 1936 2338 Jun-

102 2371 242 2400 corum
257 2362 404 2398 culmis
418 2365 592 2398 storeae.
629 2362 764 2397 Unam
780 2360 962 2404 speciem
979 2359 1097 2408 (Rin,
1113 2363 1239 2405 vulgo
1254 2361 1394 2397 Sikiso
1404 2360 1567 2406 Kampf.
1582 2362 1803 2406 Amoen.p.
1814 2357 1935 2404 900.)

103 2420 148 2458 in
162 2420 277 2470 agris
291 2418 507 2466 paludosis
521 2419 654 2457 instar
669 2419 830 2463 oryzae
846 2420 957 2456 hunc
973 2417 1017 2454 in
1032 2418 1152 2456 finem
1166 2421 1307 2456 colunt
1322 2420 1517 2463 Japones.

602 2542 827 2590 Genera
867 2540 1170 2584 Juncaceis
1215 2541 1438 2585 affinia.

245 2625 635 2672 *Astelieaffi
694 2628 888 2668 Astelae'ae
910 2624 1081 2669 herbae
1104 2627 1327 2682 adpresse
1351 2627 1550 2669 villosae
1572 2627 1621 2681 in
1650 2626 1804 2673 insula
1823 2625 1934 2668 Die-

102 2700 230 2738 men,
264 2685 400 2727 Nova
423 2684 692 2734 Zeehudia,
729 2685 942 2726 America
974 2686 1236 2726 antarctica
1267 2690 1314 2726 et
1334 2685 1501 2726 insulis
1527 2684 1935 2735 Sa11dwicensspus

103 2757 246 2799 super
263 2743 480 2783 arborum
497 2742 677 2782 truncis
694 2741 1055 2783 Tillandsiarum
1073 2754 1202 2782 more
1218 2742 1514 2796 parasiticae,
1539 2741 1779 2796 perigoiiio
1798 2742 1935 2781 semi-

104 2803 370 2858 glumaceo,
400 2799 660 2854 sexpartito
674 2829 684 2849 ,
713 2798 987 2840 staminibus
1002 2798 1172 2848 tribus,
1207 2800 1414 2852 germine
1430 2799 1517 2839 tri·
1534 2812 1576 2839 v.
1593 2798 1936 2850 dissepimentis

102 2857 402 2910 incompletis
418 2855 720 2907 uniloculari,
749 2856 893 2896 bacca
913 2855 1308 2906 tri-uniloculari,
1338 2855 1660 2910 polysperma,
1690 2854 1935 2895 Juncaceis

104 2914 270 2957 affines
288 2913 559 2955 creduntur.
603 2912 767 2954 Facies
784 2914 897 2953 mire
909 2911 1161 2954 ‘Veratrum
1177 2912 1225 2952 in
1242 2917 1439 2953 mentem
1456 2916 1661 2953 revocat.
1700 2910 1934 2952 Seminum

98 2976 349 3023 *structura
364 2971 548 3026 penitus
562 2969 730 3024 ignota
751 2973 799 3010 et
821 2967 1032 3013 affinitas
1052 2968 1203 3010 dubia.
1262 2971 1515 3021 Hangutma
1539 2967 1775 3009 suffrutex
1795 2967 1843 3008 in
1865 2967 1932 3007 in-

106 3028 207 3070 sula
228 3028 342 3069 Java
371 3027 630 3069 monticola
658 3026 879 3081 germinis
901 3026 1190 3068 trilocularis
1214 3025 1386 3067 loculis
1411 3025 1669 3080 gemmulas
1694 3024 1931 3066 solitarias

105 3084 372 3127 foventibus
383 3113 395 3136 ,
426 3086 572 3128 bacca
588 3084 758 3126 abortu
772 3095 1100 3140 monosperma
1113 3084 1304 3123 Astelz‘ae
1320 3081 1473 3125 affinis
1491 3082 1681 3124 dicitur.
1839 3078 1842 3080 ’

650 3142 658 3156 ,
1093 3145 1097 3148 ,

191 3189 314 3226 1051.
342 3188 508 3226 Astelia
524 3185 672 3223 Banks
689 3190 725 3224 et
744 3184 829 3224 Sol.
1001 3223 1003 3225 ,
1136 3186 1258 3225 1052.
1289 3188 1523 3233 Hanguana
1541 3184 1679 3222 Blam-

427 3235 647 3270 Hamelinia
661 3235 707 3270 Α.
726 3235 838 3271 Rich.

427 3279 605 3323 {Funkia
625 3278 759 3314 '‘Villd.

245 3366 270 3394 *
283 3367 638 3423 Rapateae.
696 3370 926 3419 Rapateae
947 3368 994 3409 in
1015 3350 1256 3410 Americae
1278 3369 1489 3423 tropicae
1513 3356 1752 3422 paludosis
1777 3365 1934 3421 vigen-

103 3430 192 3478 tes,
223 3423 354 3466 foliis
370 3425 655 3467 radicalibus
671 3424 943 3476 linearibus,
971 3437 1112 3479 scapo
1131 3424 1337 3481 ancipiti,
1367 3424 1563 3466 floribus
1581 3423 1810 3478 capitato-
1824 3436 1932 3463 con-

104 3481 270 3537 gestis,
302 3481 545 3524 involucro
571 3479 783 3537 diphyllo
808 3482 950 3537 longe
968 3483 1259 3537 acuminato,
1288 3496 1330 3524 v.
1347 3480 1659 3533 fasciculatis‚
1685 3479 1931 3522 unilatera-
