2147 3756
1069 152 1177 202 591

211 333 439 372 „errorem,
471 325 575 367 quod
598 323 880 369 Disgunenses
903 327 1127 370 lacrymam
1151 322 1243 371 Sjtr
1267 333 1473 368 nunquam
1498 333 1638 370 antea,
1673 336 1788 370 prout
1810 336 1908 368 nata
1925 338 2026 379 erat,

210 381 465 430 „genuinam
497 381 769 427 vendiderint,
802 383 873 417 sed
905 388 1068 419 auctam
1097 387 1218 426 atque
1247 384 1516 420 adulteratam
1549 383 1622 419 vili
1647 387 1819 426 quadam
1843 389 2025 436 materie,

215 446 370 485 „quam
394 447 534 472 recens
558 441 593 473 et
618 438 775 480 liquida
791 438 913 474 facile
928 440 1182 485 admittebat,
1213 449 1334 477 secus
1351 447 1399 474 ac
1414 436 1588 486 Pispas,
1621 449 1726 483 quae
1741 444 1787 477 ob
1803 443 2029 482 siccitatem

209 495 449 541 „adulteria
479 504 696 539 respuens,
728 495 894 530 nonnisi
923 505 1025 539 pura
1055 497 1176 535 vendi
1206 497 1348 541 potuit.
1408 492 1496 530 Asa
1520 496 1626 532 enim
1651 497 1782 533 omnis
1803 509 1876 542 per
1897 510 1942 536 se
1964 506 2028 538 est

210 551 489 598 „nur-issima,
522 555 560 586 et
584 551 775 594 quidquid
801 552 928 588 alieni
954 553 1151 597 continet,
1185 555 1223 589 id
1241 563 1355 589 omne
1370 556 1488 590 babet
1504 556 1554 588 ab
1572 554 1783 589 adulterio.
1840 556 1926 599 Ipsi
1944 560 2027 593 col-—

209 607 417 654 „ligentes
434 607 474 642 id
491 607 589 642 mini
606 607 710 644 fassi
725 612 835 653 sunt,
856 609 920 644 liis
936 610 1094 645 verbis:
1121 611 1224 653 quod
1242 610 1394 646 recenti
1410 607 1494 651 Sjir
1508 610 1619 645 soliti
1636 609 1787 650 fuerint
1804 613 2030 650 admiscere

210 673 325 711 „non
350 664 510 706 quidem
535 664 730 709 farinam,
765 669 832 700 aut
859 667 1017 701 Gummi
1042 668 1321 713 Sagapenum,
1354 669 1463 702 velut
1490 676 1515 702 a
1537 666 1804 709 scriptoribus
1828 670 2029 711 proditum

208 724 325 769 „est‚
357 722 428 756 sed
445 730 587 763 puram
604 725 750 758 terram
768 721 977 768 limosam,
1011 731 1115 764 quae
1132 722 1174 758 in
1191 727 1322 758 monte
1339 722 1441 758 forte
1457 724 1505 758 ad
1524 732 1670 759 manus
1687 723 1839 770 fuerat3
1870 728 2028 768 pleros-

209 786 322 823 „que
352 781 487 813 autem
518 786 653 820 parem
682 779 771 814 limi
801 780 1087 824 quantitatem,
1121 779 1226 814 alios
1259 780 1404 815 deinde
1427 781 1611 824 duplam,
1643 781 1710 816 vel
1732 789 1804 823 pro
1827 783 2027 825 cujusque

207 834 421 880 „avaritia
446 835 638 876 majorem
662 834 954 879 immiscuisse,
987 839 1180 877 quantam
1206 836 1320 871 succi
1344 836 1521 872 tenuitas
1547 837 1772 873 admiserit.
1831 839 1915 882 Quo
1938 839 2027 882 ipso

207 900 339 937 „vero
362 891 444 925 vile
469 890 660 936 pretium,
694 895 733 926 et
755 892 913 926 detecta
931 892 1071 927 fraude
1088 892 1357 927 omnimodum
1375 896 1615 928 contemtum
1631 894 1743 930 Asae
1759 895 1882 937 huius
1899 896 2029 932 nomi-

206 973 230 994 „
242 946 308 981 nis
323 946 570 991 pepererint;
602 956 677 981 suo
694 947 853 988 quidem
871 949 1034 994 damno,
1062 949 1162 990 quod
1182 959 1296 984 nemo
1313 949 1612 992 Disgunensem
1629 950 1803 993 amplius
1821 952 2028 989 desidera-

205 1002 365 1049 „verit3
381 1002 425 1037 in
442 1006 646 1045 posterum
662 1003 787 1046 igitur
801 1004 964 1040 cautius
982 1005 1154 1039 mercari
1171 1007 1306 1041 doctos
1319 1033 1327 1049 ,
1346 1015 1501 1041 omnem
1519 1016 1563 1041 se
1580 1007 1820 1049 repudiasse
1836 1009 2028 1045 adulterii

206 1058 441 1104 ‚‚speciem,
475 1059 668 1101 hodieque
692 1068 846 1095 omnem
871 1062 1153 1103 cujuscunque
1173 1062 1426 1097 collectionis
1442 1066 1478 1097 et
1497 1064 1787 1100 consistentiae
1803 1067 2028 1108 lacrymam

204 1114 284 1161 „in
316 1124 437 1150 unam
467 1124 647 1151 massam
670 1125 832 1167 cogere,
866 1120 901 1151 et
924 1117 1070 1153 iisdem
1095 1118 1372 1153 voluminibus
1397 1118 1599 1154 conditam
1623 1120 1664 1154 in
1690 1124 1829 1163 portus
1853 1122 2025 1170 deferre,

205 1172 492 1219 „Congensem
515 1176 553 1207 et
576 1173 898 1219 Ormusiensem3
930 1174 967 1209 si
993 1183 1097 1216 quae
1119 1173 1334 1217 impuritas
1352 1176 1483 1210 adhuc
1500 1178 1660 1222 subest,
1696 1186 1784 1213 eam
1802 1179 1938 1215 deberi
1955 1189 2026 1216 ne-

204 1228 463 1276 „gligentiae
477 1231 725 1275 legulorum,
751 1230 819 1272 qui
835 1233 1091 1266 vulneratam
1112 1232 1289 1267 radicem
1306 1232 1440 1267 minus
1459 1236 1577 1268 caute
1593 1235 1864 1282 contexerint,
1884 1244 2026 1278 quam-

204 1294 361 1332 „quam
385 1286 523 1321 caveri
547 1286 619 1321 vix
635 1287 780 1333 possit,
813 1298 863 1323 ne
881 1296 905 1322 a
922 1288 1031 1322 soliis
1051 1288 1200 1330 quibus
1218 1288 1417 1336 operitur,
1450 1292 1489 1324 et
1504 1298 1529 1324 a
1545 1292 1685 1336 vento,
1717 1293 1863 1333 paleas
1881 1296 1917 1327 et
1935 1295 2026 1335 pul-

204 1351 358 1389 ‚,veres
388 1343 646 1390 adspirante,
679 1347 803 1380 tenax
833 1344 905 1379 ille
934 1345 1067 1387 liquor
1097 1350 1400 1388 conspurcetur.
1433 1362 1482 1369 —
1522 1346 1600 1381 Die
1633 1348 1698 1381 12.
1729 1348 1845 1382 Junii
1875 1349 2025 1385 classis

203 1399 391 1447 „prima,
423 1403 462 1434 et
486 1403 651 1443 postera
676 1400 739 1436 die
767 1402 830 1435 13.
855 1401 1006 1437 classis
1028 1403 1213 1438 secunda
1235 1411 1356 1438 succo
1373 1399 1455 1445 Sjir
1471 1407 1615 1449 exuta,
1648 1408 1805 1440 resecta
1820 1405 1974 1447 pariter
1990 1409 2029 1441 et

203 1459 395 1504 „retecta
418 1460 492 1492 est.
549 1456 626 1492 Die
651 1459 714 1493 14.
739 1454 881 1494 eadem
904 1458 1085 1502 operatio
1109 1459 1152 1494 in
1174 1461 1260 1494 loco
1284 1459 1433 1506 primo,
1465 1463 1502 1495 et
1518 1460 1583 1495 die
1602 1461 1666 1496 15.
1686 1460 1728 1496 in
1742 1463 1832 1496 loco
1849 1464 2026 1498 secundo

202 1511 389 1561 „iterata
411 1513 501 1549 fuit.
559 1516 621 1548 Ita
645 1515 827 1560 radices,
858 1519 1074 1559 postquam
1098 1518 1225 1552 semel
1241 1516 1372 1552 Asam
1387 1516 1599 1552 sicciorem
1617 1514 1790 1563 PispaS,
1822 1519 1887 1554 bis
1903 1519 2026 1561 liqui-

202 1569 390 1616 „diorem
415 1567 497 1612 Sjir
518 1569 747 1613 impertitae
771 1571 966 1618 fuissent,
998 1574 1074 1608 sub
1098 1573 1300 1616 operculis
1324 1573 1492 1609 relictae
1509 1577 1617 1609 sunt.
1675 1575 1830 1611 Eadem
1846 1576 2026 1618 operatio

202 1635 265 1673 „a
281 1627 346 1662 2⁶2.
366 1627 417 1662 ad
433 1627 498 1663 27.
518 1627 554 1663 d.
569 1628 682 1663 Junii
699 1627 882 1671 repetita.
912 1629 989 1665 Die
1006 1631 1044 1665 3.
1061 1630 1164 1665 Julii
1178 1630 1338 1666 radices
1351 1656 1360 1674 ,
1388 1631 1497 1665 haud
1512 1632 1632 1674 longo
1649 1625 1728 1666 o'tio
1745 1632 1935 1679 gavisas,
1962 1643 2027 1669 re-

201 1708 226 1730 „
239 1682 428 1719 visebant
444 1684 594 1728 leguli,
619 1685 872 1728 experientia
889 1686 1039 1734 edocti,
1063 1690 1118 1722 tot
1133 1686 1420 1723 exactionibus
1436 1686 1680 1735 infirmatas,
1700 1692 1738 1723 et
1754 1689 1804 1723 ad
1820 1689 2031 1728 interitum>

200 1739 460 1786 „dispositas
492 1740 616 1777 facile
646 1744 873 1788 tabescere,
914 1743 1106 1778 tributum
1136 1743 1314 1786 amplius
1344 1744 1454 1779 haud
1485 1745 1731 1791 collaturas,
1770 1744 1808 1780 si
1838 1747 2025 1783 collectio

200 1797 400 1844 „longius
424 1797 644 1833 differatur.
701 1798 837 1833 Primo
855 1808 1029 1834 accessu
1043 1800 1135 1835 Asa
1151 1796 1302 1843 Pispas
1320 1808 1368 1835 ac
1384 1804 1546 1836 caetera
1561 1801 1763 1843 requisita
1781 1801 1900 1838 solito
1917 1813 2026 1839 more

200 1853 394 1901 „agitata
423 1857 518 1888 sunt
547 1854 590 1889 in
619 1856 707 1889 loco
740 1855 886 1902 primo,
919 1855 984 1891 die
1014 1860 1161 1899 quarta
1190 1857 1298 1893 idem
1328 1857 1492 1892 omnino
1522 1856 1754 1894 factitatum
1785 1862 1848 1894 est
1870 1859 1912 1895 in
1936 1862 2025 1896 loco

199 1911 426 1958 „secundm
472 1911 549 1946 Die
565 1913 603 1946 5.
623 1912 808 1947 collectio
824 1912 940 1948 Asae
957 1909 1040 1955 Sjir
1055 1916 1092 1949 et
1110 1917 1272 1950 caetera
1288 1913 1330 1949 in
1347 1915 1437 1949 loco
1454 1914 1603 1960 primo,
1629 1915 1694 1951 die
1710 1925 1804 1952 vero
1821 1918 1859 1951 6.
1877 1917 1921 1953 in
1935 1919 2024 1953 loco

200 1994 225 2015 „
237 1968 413 2002 secundo
431 1969 639 2003 celebrata
653 1972 761 2004 sunt.
805 1968 883 2003 Die
900 1970 1059 2004 demum
1077 1970 1114 2006 7.
1132 1971 1278 2006 ultima
1291 1979 1439 2006 manus
1457 1972 1619 2006 admota
1635 1976 1696 2007 est
1710 1973 1838 2008 classi
1854 1973 2021 2021 primae,

198 2023 276 2072 „in
302 2033 401 2071 qua,
434 2026 586 2073 abraso,
601 2034 745 2072 succo,
777 2025 903 2061 sectio
921 2025 1175 2073 intermissa,
1208 2027 1389 2069 adeoque
1405 2027 1565 2063 radices
1581 2037 1662 2064 non
1677 2033 1840 2072 opertae
1856 2030 2026 2067 relictae

198 2084 350 2129 ‚,sunt,
383 2089 408 2116 a
434 2081 563 2116 libero
596 2083 689 2117 ae're
715 2085 758 2134 et
786 2082 993 2117 solaribus
1024 2083 1151 2118 radiis
1182 2083 1297 2119 brevi
1325 2083 1662 2122 intermoriturae.
1720 2086 1797 2122 Die
1820 2089 1858 2122 8.
1884 2096 2023 2129 parem

197 2141 382 2186 „sortem
413 2141 578 2180 experta
609 2141 647 2174 et
670 2135 792 2174 exitio
818 2139 1011 2174 damnata
1034 2138 1111 2175 fuit
1133 2139 1283 2175 classis
1307 2142 1507 2188 secunda,
1541 2145 1580 2176 et
1600 2145 1675 2177 hoc
1699 2141 1790 2186 ipso
1812 2143 1924 2179 finita
1948 2144 2025 2181 fuit

197 2194 381 2242 „messis
411 2194 628 2238 ningifera.
687 2197 826 2231 Habes
855 2200 1107 2232 communem
1137 2196 1356 2241 colligendi
1385 2199 1569 2244 modum,
1603 2207 1678 2241 quo
1710 2199 1869 2236 scilicet
1893 2201 2022 2238 tribus

197 2278 222 2299 „
234 2251 569 2300 excursionibus,
602 2254 652 2288 ab
675 2261 920 2295 unaquaque
944 2253 1084 2292 radice
1107 2253 1235 2290 octies
1249 2253 1385 2296 liquor
1400 2251 1500 2301 Sjir,
1533 2258 1570 2290 et
1589 2258 1647 2290 ter
1663 2252 1814 2299 Pispas
1831 2257 2022 2307 exigitur,

198 2334 223 2357 7,
235 2307 276 2342 in
292 2308 356 2343 his
372 2308 575 2345 montibus
592 2309 776 2353 Disguno
792 2309 944 2346 vicinis
960 2313 1161 2346 hactenus
1178 2313 1450 2347 observatum.
1482 2311 1699 2348 Sciendum
1716 2307 1833 2360 vero,
1862 2315 2023 2352 radices

198 2365 492 2412 „grandior-es,
524 2366 550 2402 i.
577 2376 610 2402 e.
634 2367 810 2409 majores
834 2366 1080 2413 vicenariiS,
1115 2370 1258 2410 quales
1283 2369 1430 2403 dantur
1443 2367 1588 2414 injugi
1607 2374 1720 2413 parte
1736 2370 1967 2408 distantiori
1983 2376 2024 2408 et

198 2422 572 2469 „cumdifticultate
589 2425 914 2470 conscendenda,
934 2428 1014 2460 tam
1030 2424 1108 2459 cito
1127 2434 1206 2460 non
1223 2425 1382 2472 dimitti,
1396 2426 1475 2461 'sed
1493 2426 1679 2468 pluribus
1695 2427 1884 2463 mulctari
1902 2437 2023 2472 posse

197 2479 537 2526 „exactionibus,
571 2481 696 2515 donec
727 2484 869 2523 quater
896 2490 936 2516 v.
969 2480 1185 2524 quinquies
1208 2478 1380 2527 Pispas,
1413 2485 1604 2525 tantoque
1625 2484 1793 2527 saepius
1816 2482 1899 2527 Sjir
1922 2487 2021 2522 effu-

197 2535 384 2582 ‚,derint,
417 2539 585 2571 extenso
610 2537 866 2572 collectionis
890 2541 1068 2581 tempore
1091 2538 1133 2573 in
1158 2538 1438 2580 Septembrim.
1497 2539 1648 2575 Verum
1670 2541 1712 2576 in
1735 2543 1808 2576 hoc
1826 2541 2020 2578 montium

198 2620 222 2640 ,‚
234 2594 362 2626 tractu
381 2587 770 2640 paucasvdecennio,
791 2596 929 2630 nullas
946 2594 1124 2638 amplius
1140 2594 1330 2630 vicennio
1346 2596 1520 2638 majores
1538 2596 1770 2643 inveniunt3
1802 2607 1874 2641 per
1890 2607 2018 2635 annos

197 2648 340 2697 „enim
374 2651 474 2684 bene
496 2651 664 2695 multos,
697 2651 845 2693 quibus
869 2652 982 2686 Asae
1005 2651 1196 2686 continua
1220 2651 1373 2688 caritas
1398 2651 1549 2699 fuerat,
1582 2661 1608 2688 a
1633 2654 1921 2698 colligentibus
1945 2665 2019 2692 ex-

197 2706 432 2753 „stirpatae
463 2710 579 2753 sunt,
618 2709 732 2743 nullo
762 2707 928 2754 iisdem,
974 2711 1018 2743 ut
1049 2709 1386 2756 grandescerent,
1432 2717 1629 2745 concesso
1657 2711 1751 2746 otio.
1824 2712 2016 2761 Radices,

195 2762 432 2810 „exsolutis
465 2763 648 2808 tributis,
682 2764 912 2806 insepultae
943 2764 1133 2812 relictae,
1166 2766 1215 2800 ad
1247 2775 1372 2800 unum
1397 2775 1534 2801 omnes
1558 2767 1792 2809 putrescere
1817 2768 2016 2806 dicuntur.

196 2820 360 2868 „Terra
390 2822 555 2855 obrutas
582 2820 802 2863 aliquando
828 2821 1076 2856 reviviscere
1100 2821 1355 2864 experientia
1376 2824 1454 2858 su'a
1477 2825 1705 2859 testabatur
1726 2833 1832 2860 unus
1854 2827 2016 2869 legulo-

194 2885 342 2925 ‚,rum,
367 2879 570 2920 negabant
588 2873 782 2913 caeteri.“
819 2879 931 2914 Haec
948 2880 1060 2924 sunt,
1088 2887 1191 2920 quae
1207 2878 1271 2913 vir
1285 2879 1546 2926 immortalis,
1578 2879 1684 2915 inter
1699 2881 1833 2926 gentis
1851 2886 2017 2919 nostrae

193 2935 340 2969 decora
355 2933 461 2968 nulli
476 2936 703 2982 secundus,
736 2936 783 2970 de
799 2934 1024 2971 medicinae
1041 2935 1425 2978 praestantissimae
1440 2937 1649 2972 natalibus
1667 2938 1882 2974 memoriae
1896 2948 2017 2982 prae-

193 2989 308 3027 didit.
366 2986 685 3038 Asaefoele‘dae
709 2989 857 3037 (vulgo
874 2992 1147 3039 Stinkasand,
1174 2992 1486 3038 Teufelsdreck,
1513 2993 1647 3037 Hinga
1667 2990 1886 3042 San-ska),
1911 3005 2015 3039 quae

193 3046 311 3082 hodie
335 3045 377 3082 in
394 3047 568 3083 officinis
590 3053 672 3095 est,
705 3049 905 3092 triplicem
923 3049 1119 3091 speciem:
1152 3050 1283 3089 Asam
1299 3050 1343 3087 in
1358 3050 1517 3096 granis,
1550 3051 1870 3094 amygdaloidem
1891 3056 1926 3088 et
1944 3063 2016 3097 pe-

195 3106 348 3139 traeam
379 3103 631 3148 distinguere
656 3108 800 3142 solent.
859 3107 946 3142 Has
967 3115 1106 3142 omnes
1131 3115 1184 3141 ex
1204 3107 1352 3143 Persia
1376 3107 1525 3148 advehi
1546 3107 1770 3150 perhibent.
1829 3109 2015 3146 Commu-

191 3160 313 3195 nibus
331 3160 746 3203 gummi-resinarum
764 3163 1077 3206 proprietatibus
1102 3163 1322 3212 instructa,
1354 3165 1474 3200 odore
1490 3165 1860 3209 vehementissime,
1892 3167 2016 3203 allia-

194 3225 285 3262 ceo,
317 3217 578 3259 pertinaciter
606 3219 702 3255 aliis
725 3220 960 3262 corporibus
984 3222 1249 3267 adhaerente,
1281 3230 1427 3265 sapore
1450 3221 1557 3268 acri,
1590 3230 1727 3257 amaro
1751 3225 1787 3261 et
1811 3231 2014 3260 nauseoso

193 3272 413 3318 instructa,
444 3282 618 3318 magnae
634 3276 800 3312 virtutis
816 3277 1034 3313 remedium
1052 3279 1331 3326 praedicatur,
1362 3279 1489 3314 vitam
1506 3278 1723 3314 animalem
1739 3281 1778 3314 et
1793 3280 2012 3322 plasticam

193 3329 317 3365 simul
334 3330 540 3377 excitans,
571 3333 792 3379 nervisque
807 3334 1098 3379 languentibus
1114 3334 1312 3379 imprimis
1330 3335 1517 3371 amicum.
1575 3335 1811 3376 ventriculo
1826 3335 2013 3382 ingestae

191 3394 288 3429 pars
313 3389 364 3422 ad
387 3388 632 3431 sanguinem
656 3390 898 3426 transfertur
919 3394 957 3426 et
983 3392 1119 3428 omnia
1141 3397 1300 3428 secreta
1323 3393 1442 3427 odore
1458 3401 1532 3436 suo
1550 3391 1704 3428 imbuit.
1767 3394 1941 3440 Gulosos
1959 3397 2008 3431 ad

193 3445 422 3487 augendum
453 3447 648 3488 apetitum
676 3456 782 3483 vasa
811 3448 1032 3490 coquendis
1065 3444 1169 3489 cibis
1200 3449 1426 3499 destinata,
1458 3452 1495 3485 et
1524 3448 1616 3493 ipsa
1633 3443 1874 3493 'poculorum
1897 3451 2012 3489 labia

192 3501 425 3538 substantia
438 3505 517 3539 hac
531 3512 737 3541 nauseosa
754 3504 908 3541 illinire
923 3508 1094 3541 constat.
