2147 3756
967 122 1086 171 475

855 203 1199 211 „q--fflffl

119 303 360 353 contorta,
395 291 478 341 sub
505 293 689 342 anthesi
713 295 1055 358 patentissima,
1089 291 1306 341 decidua.
1383 294 1602 340 Stamina
1628 291 1934 356 receptaculo

117 368 314 422 inserta,
362 381 482 411 nunc
527 366 591 423 (in
625 364 991 428 Luxemburgia)
1035 366 1190 412 omnia
1237 363 1434 419 fertilia,
1482 361 1676 410 definita
1712 380 1756 409 v.
1802 362 1935 409 inde-

115 437 267 493 finita,
303 436 668 493 subuniseriata,
702 437 910 482 antheris
937 435 1151 494 caducis,
1187 451 1306 482 nunc
1334 434 1648 498 pluriseriata,
1680 434 1937 495 persisten-

116 508 203 564 tia,
252 506 465 553 seriebus
499 507 817 554 exterioribus
849 506 1113 568 sterilibus,
1160 507 1322 553 intima
1354 504 1525 562 fertili3
1575 505 1727 550 series
1757 505 1936 550 extima

118 579 183 637 (in
216 576 448 623 Lavradia
488 576 733 636 deficiens)
777 578 852 624 lila
891 579 1124 634 colorata,
1172 576 1414 623 indefinita
1452 592 1494 621 v.
1535 574 1702 637 petalis
1744 588 1936 618 numero

116 648 331 710 aequalia
363 656 411 693 et
442 649 645 704 alterna,
680 651 888 695 interior
917 648 1082 711 petalis
1117 648 1334 711 opposita
1367 661 1585 709 squamae
1618 641 1936 708 petaloideae,

115 719 216 766 basi
250 719 587 776 cohaerentes,
621 720 755 781 apice
789 720 1120 774 conniventes,
1160 717 1446 780 marginibus
1478 716 1566 762 sibi
1596 713 1937 770 incumbentes,

117 790 434 836 sinistrorsum
476 797 747 845 contortae,
794 805 837 835 v.
870 789 916 834 in
956 787 1112 834 tubum
1154 789 1391 844 conicum,
1439 788 1572 850 apice
1614 785 1936 840 constrictum,

115 861 312 907 stamina
359 859 535 906 fertilia
579 858 894 904 includentem
941 859 1169 916 coalitae,
1224 860 1378 905 series
1414 858 1575 904 intima
1613 856 1715 903 sola
1753 854 1937 910 fertilis,

115 931 314 993 simplici
344 929 605 991 petalorum
638 945 859 986 numero,
904 937 951 976 et
983 927 1148 975 iisdem
1180 929 1380 975 alterna.
1455 930 1727 975 Filamenta
1758 925 1940 972 brevis-

115 1002 258 1056 sima,
307 1001 543 1056 scariosa,
599 997 813 1045 subulata
852 1016 899 1046 v.
941 999 1138 1057 teretia,
1187 999 1526 1062 squamularum
1564 996 1938 1062 petaloidearum

111 1070 213 1116 basi
261 1068 588 1116 adhaerentia.
677 1071 937 1117 Alzlleerae
984 1079 1257 1126 extrorsae,
1300 1070 1573 1127 basilixae,
1638 1068 1938 1123 biloculareS,

114 1141 281 1188 loculis
315 1141 654 1203 suboppositis,
694 1141 956 1204 parallelis,
999 1140 1224 1188 lateribus
1256 1142 1391 1203 apice
1423 1157 1466 1187 v.
1494 1140 1629 1202 juxta
1661 1148 1805 1185 totam
1839 1138 1941 1185 lon-.-

113 1210 372 1276 gitudinem
405 1210 775 1268 dehiscentibus.
857 1214 1059 1259 Gcrnzen
1092 1211 1312 1269 liberum,
1351 1211 1541 1268 sessile,
1588 1227 1631 1257 v.
1663 1209 1939 1256 brevissime

113 1284 392 1346 stipitatum,
438 1282 730 1346 triphyllum,
778 1299 900 1330 nunc
941 1282 1353 1347 carpophyllorum
1393 1281 1681 1344 marginibus
1720 1279 1940 1327 valvatim

115 1354 344 1417 oppositis
387 1355 452 1411 (in
494 1353 831 1416 Sauvagesia),
878 1370 921 1401 v.
965 1354 1391 1411 introflexis,‘nec
1430 1361 1584 1399 tamen
1630 1353 1752 1399 axim
1799 1350 1942 1396 attin-

113 1424 332 1488 gentibus
367 1425 432 1484 (in
464 1423 832 1487 Luxemburgia)
876 1425 1191 1482 uniloculare,
1240 1440 1361 1471 nunc
1402 1423 1692 1486 marginibus
1731 1421 1830 1467 basi
1870 1420 1940 1465 in-

112 1496 350 1553 trollexis,
383 1496 429 1541 in
463 1496 539 1541 axi
573 1496 784 1553 coalitis,
820 1497 955 1559 apiee
988 1496 1402 1558 autemappositis
1434 1496 1618 1541 inferne
1643 1492 1938 1548 triloculare,

112 1582 314 1629 superne
363 1566 672 1613 uniloculare.
781 1569 1053 1615 Gemmulae
1098 1568 1146 1614 in
1199 1566 1590 1630 trophospermiis
1644 1562 1704 1611 ad
1755 1571 1940 1609 suturas

111 1637 442 1701 parietalibus,
497 1654 541 1685 v.
585 1637 722 1700 juxta
767 1632 1090 1702 dissepimenti
1136 1637 1411 1701 incompleti
1456 1637 1692 1699 margines
1738 1647 1940 1697 superne

112 1708 291 1755 liberos
324 1709 574 1771 plurimae,
621 1708 906 1767 biseriatae,
956 1718 1232 1771 anatropae.
1307 1709 1474 1770 Stylus
1502 1706 1786 1762 terminalis,
1833 1704 1944 1750 sim-

111 1778 244 1843 plex,
276 1787 407 1826 teres
437 1794 480 1825 v.
513 1778 838 1839 subclavatus,
872 1780 1159 1844 persistens3
1193 1780 1372 1841 stig-ma
1402 1778 1674 1835 terminale,
1708 1776 1940 1831 obtusum,

112 1849 469 1912 integerrimum
519 1866 563 1896 v.
611 1849 827 1897 obsolete
880 1848 1302 1903 tridenticulatum.
1411 1850 1622 1912 Capsula
1676 1847 1840 1911 calyce
1894 1852 1944 1892 et

111 1920 388 1968 staminibus
426 1919 679 1967 emarcidis
721 1922 878 1968 cincta
914 1937 958 1969 v.
1003 1922 1067 1981 (in
1106 1919 1477 1983 Luxemburgia)
1519 1918 1665 1977 nuda,
1712 1918 1944 1981 triquetra

110 2007 158 2040 v.
195 1991 393 2051 triloba‚
439 1991 748 2039 unilocularis
779 2009 824 2040 v.
855 1991 959 2038 basi
990 1992 1302 2049 trilocularis‚
1351 2006 1472 2038 nunc
1504 1990 1642 2053 apice
1675 1988 1826 2036 sterili
1856 1987 1943 2034 tri·

110 2061 281 2121 valvis,
327 2062 472 2109 valvis
516 2061 619 2109 basi
658 2062 1049 2120 cohaerentibuS,
1096 2061 1157 2109 ad
1193 2067 1379 2109 suturas
1418 2069 1499 2108 aut
1529 2062 1668 2124 juxta
1706 2059 1829 2123 septi
1866 2060 1941 2105 in-

115 2133 337 2197 completi
362 2133 621 2196 marginem
645 2134 939 2196 superiorem
971 2133 1170 2180 liberum
1202 2133 1719 2180 lunulato-truncatum
1742 2131 1944 2178 bisen-ia-

112 2206 195 2251 tim
234 2204 543 2262 seminiferis,
591 2220 713 2251 nunc
749 2205 814 2264 (in
846 2202 1216 2267 Luxemburgia)
1245 2203 1384 2266 juxta
1421 2199 1567 2250 totam
1598 2200 1942 2266 longitudinem

114 2274 491 2333 dehiscentibus,
538 2275 776 2323 valvarum
815 2275 1106 2338 marginibus
1138 2275 1318 2321 semina
1348 2275 1609 2322 uniseriata
1640 2272 1937 2337 gerentibus.

112 2347 308 2394 Semina
354 2362 520 2409 parva,
568 2346 981 2410 ovato-elliptica,
1026 2347 1351 2409 integumento
1399 2354 1649 2392 crustaceo
1697 2343 1943 2391 scrobicu-

114 2417 233 2474 lato,
272 2434 316 2464 v.
353 2418 419 2477 (in
453 2416 819 2480 Luxemburgia)
854 2417 1081 2480 oblonga,
1121 2417 1570 2481 compressiuscula,
1615 2416 1942 2479 integumento

116 2487 260 2545 laevi,
310 2489 520 2550 margine
558 2487 919 2535 membranaceo
959 2497 1181 2550 angusto,
1228 2489 1366 2551 apice
1405 2488 1575 2534 latiore
1617 2487 1798 2543 cincto,
1846 2485 1943 2532 hilo

116 2557 323 2605 basilari.
398 2558 609 2621 Embryo
642 2560 688 2605 in
721 2559 798 2606 axi
836 2559 1085 2606 albuminis
1125 2559 1314 2606 carnosi
1353 2559 1682 2621 orthotropus,
1731 2555 1943 2619 ejusdem

117 2630 220 2676 fere
253 2627 574 2691 longitudine,
620 2630 988 2692 cotyledom'bus
1016 2629 1268 2688 brevibus,
1303 2629 1479 2693 planis,
1514 2630 1604 2676 sibi
1636 2629 1840 2677 invicem
1870 2628 1942 2674 in-

117 2700 470 2758 cumbentibus,
501 2701 728 2748 radicula
759 2701 1095 2761 teretiuscula,
1130 2701 1272 2748 hilum
1304 2701 1584 2764 attingente.

889 2848 1172 2885 GENERA.

228 2932 351 2970 5050.
383 2910 644 2977 sauvagesia
659 2927 782 2968 Lv'nn.
1168 2933 1292 2971 5051.
1321 2931 1531 2970 Lavradia
1551 2929 1589 2967 V
1589 2928 1709 2968 elloz.

441 3008 640 3052 Sauvagea
655 3008 774 3046 Neck.
788 3005 797 3011 ‘
1490 2996 1516 3024 '¹‘

440 3079 533 3115 Iron
548 3080 593 3116 p,
611 3080 680 3115 BT·
1167 3063 1292 3099 5052.
1322 3059 1627 3104 Luxemburgia
1644 3055 1706 3095 St.
1723 3055 1814 3094 Hz'l.

1377 3107 1939 3145 PlectantheraMarc.etZucc.

257 3208 580 3253 Affinitas.
638 3217 744 3253 ordo
765 3216 936 3254 insolita.
957 3217 1178 3255 staminum
1194 3217 1394 3255 sterilium
1411 3215 1697 3260 anamorphosi
1713 3214 1943 3251 distinctis-

118 3271 271 3319 simus,
303 3273 399 3307 hinc
430 3272 649 3308 Violarieis
678 3274 939 3320 Alsodineis‚
969 3275 1087 3311 illinc
1116 3275 1441 3311 Frankeniaceis
1472 3278 1583 3310 arcte
1613 3272 1748 3308 affinis
1777 3275 1860 3318 est,
1892 3274 1941 3307 ab

117 3328 204 3364 illis
229 3329 444 3373 gemmulis
468 3330 521 3364 ad.
545 3329 771 3377 margines,
801 3341 878 3366 nec
901 3333 952 3368 ad
975 3341 1145 3367 nervum
1168 3332 1342 3367 medium
1367 3332 1722 3375 carpophyllorum
1744 3328 1858 3375 sitis,
1891 3331 1942 3364 ab

118 3385 184 3421 his
207 3385 454 3428 stipularum
475 3386 711 3429 praesentia
732 3390 770 3423 et
791 3388 974 3424 antheris
991 3388 1188 3424 extrorsis
1205 3388 1405 3425 diversus.
1465 3384 1781 3432 Luxemburgia
1799 3385 1943 3421 stami-

118 3441 240 3478 nibus
277 3442 464 3478 omnibus
493 3441 699 3479 fertilibus
728 3446 768 3480 et
797 3445 997 3482 seminum
1024 3444 1298 3487 integumento
1327 3444 1438 3482 laevi
1469 3448 1507 3482 et
1536 3442 1762 3487 marginato
1791 3450 1817 3479 a.
1849 3446 1944 3487 typo

121 3499 275 3537 ordinis
294 3499 464 3549 recedit,
497 3498 568 3537 vix
585 3504 719 3539 tamen
735 3500 836 3540 alibi
853 3501 983 3541 tutius
997 3503 1188 3540 locanda.
